2961 4861
405 333 524 396 106
1098 348 1506 395 NATURAms
1552 349 1940 414 nls'romAE

398 500 551 586 pido
594 512 769 566 metu
813 499 1124 585 cupimus.
1183 498 1463 583 Ideoque
1510 499 1703 563 etiam
1744 500 2000 586 publice
2027 499 2261 565 Febris
2304 500 2528 565 fanum
2577 501 2652 565 in
2682 522 2754 566 ιε

397 600 650 668 Palatio
695 602 975 667 dicatum
1023 610 1140 677 est,
1189 598 1491 666 Orbonae
1533 600 1620 664 ad
1663 602 1896 666 aedem.
1930 600 2179 665 Larum
2221 623 2333 664 ara
2376 612 2443 666 et
2486 599 2646 666 Ma-

397 704 497 768 lae
541 702 868 769 Fortunae
902 700 1230 785 Esquiliis,
1299 699 1735 782 Quamobrem
1777 702 1978 767 maior
2019 702 2320 771 caelitum
2363 702 2650 787 populus

399 804 592 868 etiam
636 826 832 889 quam
872 802 1196 866 hominum
1257 801 1544 889 intellegi
1601 812 1835 886 potest,
1895 825 2042 868 eum
2095 803 2331 891 singuli
2385 826 2651 888 quoque

388 919 482 969 'ex
524 903 887 987 semetipsis
924 903 1190 967 totidem
1229 902 1384 967 deos
1425 903 1700 981 faciant,
1746 903 2026 968 Iunones
2070 901 2443 987 Geniosque
2483 903 2650 969 ado-

399 1005 642 1089 ptando
688 1003 851 1081 sibi,
898 1014 1124 1088 gentes
1168 1026 1318 1069 vero
1362 1004 1681 1089 quaedam
1724 1003 2020 1070 animalia
2073 1015 2139 1069 et
2189 1004 2407 1088 aliqua
2449 1005 2653 1070 etiam

397 1105 673 1170 obscena
715 1127 830 1189 pro
874 1104 996 1168 diis
1039 1104 1320 1170 habeant
1362 1127 1436 1169 ao
1478 1105 1680 1169 multa
1715 1104 1892 1169 dictu
1918 1104 2124 1190 magis
2152 1104 2476 1189 pudenda,
2523 1128 2648 1190 per

402 1205 634 1269 fetidas
679 1227 910 1290 caepas
929 1254 946 1283 ‚
993 1206 1116 1270 alia
1160 1215 1225 1269 et
1267 1204 1498 1271 similia
1536 1206 1841 1270 iurantes.
1922 1204 2337 1271 Matrimonia
2381 1206 2653 1290 quidem
2685 1228 2750 1272 17

400 1306 568 1370 inter
611 1306 765 1371 deos
809 1306 985 1371 oredi
1030 1318 1333 1390 tantoque
1375 1329 1535 1371 aevo
1566 1328 1648 1372 ex
1674 1306 1774 1370 his
1803 1306 2122 1371 neminem
2150 1307 2347 1385 nasei,
2394 1316 2461 1372 et
2488 1305 2654 1372 alios

411 1429 554 1471 esse
597 1407 998 1494 grandaevos
1043 1429 1296 1492 semper
1340 1429 1657 1491 canosque
1675 1456 1691 1485 ,
1739 1406 1895 1472 alios
1935 1405 2201 1472 iuvenes
2244 1417 2437 1491 atque
2482 1429 2651 1491 pue-

340 1499 343 1504 ’
402 1529 529 1585 ros,
576 1508 698 1571 atri
743 1507 990 1583 coloris,
1037 1507 1331 1593 aligeros,
1378 1508 1660 1585 claudos,
1703 1530 1824 1597 ovo
1868 1506 2074 1571 editos
2113 1519 2179 1571 et
2214 1508 2475 1573 alternis
2504 1507 2650 1572 die-

402 1608 525 1673 bus
579 1608 853 1673 viventis
903 1608 1358 1692 morientisque
1382 1656 1400 1686 ‚
1456 1608 1799 1693 puerilium
1841 1628 2044 1691 prope
2089 1608 2655 1674 deliramentorum

405 1721 540 1787 est3
583 1709 700 1775 sed
728 1731 925 1794 super
969 1731 1221 1774 omnem
1262 1709 1707 1794 inpudentiam
1735 1708 2047 1773 adulteria
2069 1707 2238 1775 inter
2263 1709 2438 1795 ipsos
2464 1708 2650 1795 fingi,

408 1834 558 1876 mox
599 1811 812 1899 iurgia
856 1821 922 1876 et
962 1809 1111 1875 odia
1132 1859 1150 1889 ,
1212 1821 1405 1895 atque
1448 1809 1658 1900 etiam,
1684 1809 2000 1875 furtorum
2043 1831 2185 1874 esse
2229 1822 2294 1873 et
2336 1809 2655 1875 scelerum

407 1910 687 1974 numina.
760 1910 945 1975 Deus
990 1922 1089 1975 est
1129 1912 1380 1976 mortali
1423 1910 1645 1975 iuvare
1688 1911 2053 1989 mortalem,
2101 1920 2169 1975 et
2207 1909 2368 1975 haee
2407 1910 2492 1975 ad
2534 1932 2649 1974 ae·
2684 1936 2748 1980 18

407 2022 652 2075 ternam
709 2011 978 2096 gloriam
1033 2011 1159 2075 via.
1233 2010 1378 2074 Hae
1423 2032 1719 2094 proceres
1760 2010 1894 2077 iere
1936 2010 2229 2089 Romani,
2295 2010 2416 2076 hae
2474 2033 2653 2077 nune

475 2222 506 2283 ξ
535 2228 613 2273 16.
650 2220 846 2284 Febris,
870 2217 1218 2287 PTBabdg.
1255 2221 1417 2286 Febr-i,
1439 2222 1499 2287 β.
1523 2228 1642 2277 Vid.
1668 2227 1774 2279 Cic.
1800 2228 1863 2278 N.
1897 2229 1964 2277 D.
1999 2232 2047 2286 3,
2081 2231 2161 2276 25.
2196 2226 2356 2289 Legg.
2383 2232 2430 2285 2,
2468 2233 2545 2276 11.
2586 2266 2648 2276 -.

412 2291 655 2353 Orbonae,
680 2292 858 2355 abdg.
899 2291 1066 2353 bonae,
1089 2293 1287 2342 Riehel.
1325 2295 1460 2352 bone,
1485 2309 1534 2358 p.
1577 2291 1836 2353 Cortonae,
1869 2296 1929 2356 P,
1955 2295 2095 2343 cuius
2121 2294 2335 2356 margini
2365 2296 2519 2343 verba
2558 2293 2652 2343 Or-

408 2361 565 2409 bonae
613 2356 820 2424 quidam
858 2358 1045 2409 malunt
1085 2360 1337 2423 adscripta
1377 2370 1509 2410 sunt.
1578 2362 1731 2411 Delet
1787 2363 2006 2411 Pintian.
2063 2401 2125 2409 -
2178 2357 2395 2421 Larum,
2435 2361 2563 2411 Pab
2572 2376 2653 2423 gp

409 2425 580 2490 (codd.
613 2427 872 2479 Leidenss.
915 2443 994 2493 ap.
1030 2428 1261 2480 Oudend.
1303 2430 1367 2479 ad
1407 2430 1547 2481 Suet.
1586 2430 1738 2482 Dom.
1778 2434 1873 2491 17.‚
1900 2444 2050 2493 quem
2072 2429 2171 2480 vid.
2198 2429 2351 2479 etiam
2374 2432 2440 2480 ad
2463 2428 2652 2491 Obseq.

909 2522 938 2549 u

302 2600 319 2607 ,
408 2565 551 2626 prod.
597 2560 737 2623 101.)
777 2562 935 2623 Lari,
977 2566 1024 2612 d.
1077 2563 1305 2626 Larium,
1345 2558 1447 2627 βγ.
1487 2603 1550 2613 -.
1589 2580 1685 2613 ara
1724 2573 1783 2625 et,
1822 2565 2083 2627 Pabdgp
2117 2561 2422 2625 (Riehelet.)
2459 2573 2508 2611 et
2531 2580 2650 2624 ara,

408 2629 566 2680 Hadr.
590 2630 784 2689 Iunius,
809 2631 1059 2679 animadv.
1083 2637 1130 2690 3,
1160 2636 1202 2679 1.
1227 2645 1277 2695 r.
1299 2671 1363 2680 .-.
1398 2631 1538 2691 male,
1564 2634 1657 2694 dp.
1695 2631 1843 2691 mala,
1867 2632 1995 2681 Pab
2007 2645 2057 2694 g.
2098 2670 2161 2680 -.
2199 2645 2261 2678 ex
2286 2629 2484 2694 quibus,
2508 2646 2558 2694 p.
2588 2669 2650 2679 .-

409 2696 646 2747 hominum
669 2698 830 2755 etiam,
853 2697 911 2746 P.
938 2736 1002 2745 ..
1022 2697 1216 2759 saciat,
1240 2711 1287 2746 σ.
1314 2738 1378 2747 -.
1420 2696 1619 2759 G'ent‘os,
1651 2700 1711 2749 P.
1741 2739 1802 2747 -
1836 2707 2002 2763 yentes
2033 2697 2082 2748 si
2114 2695 2375 2761 quaedam,
2409 2699 2468 2748 P.
2506 2738 2569 2746 -.
2606 2706 2653 2747 et

410 2762 588 2826 aliqua
616 2761 776 2823 etiam,
800 2763 972 2812 Tabd
981 2777 1072 2827 gp.
1109 2772 1155 2812 et
1178 2761 1375 2828 reliqua
1396 2765 1554 2825 etiam,
1577 2767 1636 2816 Ρ.
1673 2767 1814 2816 etiam
1837 2774 1881 2814 et
1905 2765 2095 2829 aliqua,
2119 2765 2172 2816 S.
2209 2764 2391 2829 aliqua
2422 2766 2588 2825 etiam,
2611 2782 2649 2815 r.

410 2840 458 2880 et
490 2830 637 2880 etiam
669 2829 864 2892 aliqua,
897 2831 1105 2881 Robert.
1139 2830 1285 2881 etiam
1317 2831 1495 2894 aliqua
1527 2842 1586 2894 et,
1616 2829 1674 2894 β.
1709 2835 1791 2883 De
1817 2841 1865 2882 et
1890 2873 1953 2881 ...
1979 2833 2125 2882 etiam
2147 2833 2246 2882 vid.
2271 2834 2339 2882 ad
2361 2837 2444 2892 35,
2469 2838 2551 2882 35.
2591 2873 2652 2880 ..-

405 2894 669 2963 prodi9iis,
694 2898 765 2946 a¹.
805 2938 866 2959 ,—
903 2897 1129 2957 habeant,
1155 2892 1362 2961 Oa’gr.
1399 2900 1594 2960 habent,
1618 2900 1861 2963 Pa²bdp
1894 2896 2155 2962 (Robert.)
2188 2894 2246 2961 β.
2284 2940 2347 2948 -
2388 2916 2484 2964 per
2498 2899 2657 2963 foeti-

409 2966 507 3016 das
529 2979 691 3030 cepas,
717 2964 841 3015 allia
863 2963 1206 3028 (scribendum
1223 2963 1355 3026 alia)
1379 2975 1426 3015 ec
1449 2965 1657 3028 similia,
1682 2961 1740 3016 Θ.
1759 2982 1855 3033 per
1863 2967 2078 3031 foetidos
2101 2967 2229 3017 cibos
2252 2973 2301 3014 et
2324 2967 2432 3017 alia
2453 2965 2656 3028 similia,

409 3028 783 3097 Pabdgpssr.
820 3034 897 3084 At
916 3035 1015 3084 vid.
1045 3039 1124 3095 19,
1152 3039 1265 3083 101.
1302 3033 1524 3085 Salvian.
1549 3036 1758 3098 gubern.
1781 3036 1862 3085 dei
1889 3040 1932 3084 1.
1958 3050 2008 3098 p.
2033 3040 2114 3085 36.

480 3099 509 3159 ξ
540 3105 617 3152 17.
654 3101 790 3162 deas,
812 3103 871 3152 Ρ.
912 3143 974 3151 ...
1011 3101 1138 3163 exio,
1160 3103 1206 3152 P
1226 3105 1254 3151 ¹.
1292 3118 1426 3163 aevo,
1451 3103 1676 3152 eiusdem
1699 3104 1766 3152 ad
1799 3103 2081 3164 marginem
2113 3118 2294 3151 manus
2327 3104 2560 3152 secunda.
2592 3141 2653 3149 -

415 3167 477 3217 eni
519 3168 610 3229 eis,
649 3171 859 3219 Robert.
916 3211 978 3220 ,-
1032 3186 1215 3234 semper
1252 3186 1516 3234 canosque,
1557 3171 1805 3233 Pabgpr
1845 3167 2107 3232 (Robert.)
2161 3184 2445 3233 semperque
2484 3184 2659 3229 canos,

413 3231 554 3300 ᾱβγ.
596 3275 657 3283 -
694 3238 795 3285 atri
814 3237 1004 3298 eoloris,
1028 3238 1280 3300 Tabgpr
1302 3235 1563 3300 (Robert.)
1588 3238 1738 3287 alteri
1758 3235 1971 3301 aliqeros
1995 3235 2237 3301 eorporis,
2258 3238 2318 3287 P.
2354 3236 2659 3296 atricolores,

410 3298 469 3364 β.
517 3342 579 3350 -.
625 3320 727 3361 ovo,
761 3304 963 3352 a'2b2d.
1012 3306 1143 3364 bove,
1177 3307 1260 3354 d2.
1307 3322 1332 3354 e
1364 3308 1500 3366 bove,
1535 3307 1652 3369 abg
1685 3300 1943 3367 (Robert.)
1979 3313 2026 3353 et
2047 3307 2179 3365 bove,
2202 3305 2261 3354 P.
2299 3306 2481 3365 eboves,
2506 3319 2555 3367 p.
2595 3342 2658 3352 -.

413 3371 547 3419 ιἠεεν
571 3368 720 3431 ipsos,
744 3384 777 3417 a
809 3370 950 3419 addit
972 3385 1153 3419 manus
1176 3375 1410 3422 secunda.
1449 3413 1514 3421 -.
1552 3381 1692 3436 atque
1717 3372 1768 3421 in
1785 3372 1856 3433 f.,
1879 3386 1929 3435 p.

483 3433 619 3495 §ia
663 3435 864 3495 Decius,
899 3449 948 3484 σ.
997 3435 1066 3485 At
1096 3438 1144 3485 si
1174 3437 1313 3499 deus,
1343 3455 1383 3487 r.
1430 3441 1734 3489 Emendavit
1763 3440 1867 3488 iam
1896 3439 2163 3489 Barbarus.
2201 3481 2264 3488 -
2301 3448 2365 3500 et,
2389 3454 2493 3488 om.
2517 3454 2556 3487 r.
2595 3479 2657 3488 -

409 3518 632 3566 proceres
656 3503 774 3562 iere,
797 3503 1012 3567 Pabgp
1035 3500 1300 3566 (Robert.)
1330 3520 1674 3568 praecessere,
1699 3508 1803 3557 Td.
1845 3547 1907 3555 ..-
1942 3508 2082 3567 hanc,
2115 3506 2180 3556 Τ.
2228 3524 2302 3567 ac,
2326 3519 2374 3555 σ.
2430 3546 2493 3555 ..-.
2541 3523 2659 3571 yra-

414 3568 551 3629 τίαηι,
577 3583 678 3618 om.
705 3570 911 3619 Robert.
951 3610 1011 3619 .-
1049 3570 1360 3687 αάεσνίὁαηέ
1386 3565 1793 3637 θΡΊζαΒᾱςτσ
1812 3570 2075 3636 (Robert.)
2110 3570 2477 3634 adscribantur,
2544 3568 2602 3634 β.

483 3635 512 3696 ξ
542 3642 619 3687 19.
658 3645 718 3695 et,
746 3652 846 3687 om.
870 3638 929 3686 P.
969 3677 1031 3685 ...
1069 3637 1291 3700 aliorum,
1371 3642 1487 3690 a'r.
1524 3639 1734 3689 omnium
1757 3640 1983 3703 aliorum,
2005 3642 2254 3704 Pa²bdp
2274 3588 2536 3704 (Robertg
2556 3635 2659 3705 βγ.

414 3705 626 3754 aliorum
658 3705 880 3764 omnium,
915 3719 963 3766 g.
1003 3744 1063 3752 .-
1102 3701 1318 3755 siderum
1351 3707 1517 3767 retuli,
1551 3709 1655 3771 Pp.
1694 3750 1756 3758 -
1794 3708 1904 3770 sint,
1937 3724 1987 3772 p.
2027 3749 2089 3757 -
2125 3709 2384 3768 caelestem,
2417 3711 2504 3758 ab.
2551 3724 2661 3759 cae—

415 3773 548 3831 leste,
573 3773 775 3835 TPdg.
812 3770 1035 3831 caelesti,
1054 3787 1088 3834 p
1130 3769 1421 3835 (Richelet.,
1477 3775 1714 3839 Robert.)
1785 3817 1848 3825 .-
1907 3774 2323 3836 nomenclaturae,
2369 3790 2415 3824 σ.
2476 3791 2663 3825 nomen-

415 3840 671 3898 culturam,
719 3841 791 3888 ab
801 3854 852 3902 g.
901 3840 1275 3901 nomem-ultum,
1324 3843 1429 3892 Td.
1491 3856 1658 3891 nomen
1704 3842 1944 3903 culturae,
1989 3844 2079 3906 Pp
2126 3841 2370 3906 (Riehel.,
2428 3842 2662 3904 Robert.)

416 3907 647 3956 caelestes
673 3907 1068 3983 nomenculfuras,
1123 3908 1440 3973 Dalecamp„
1466 3911 1555 3973 qui
1595 3911 1800 3974 quidem
1833 3913 1955 3974 quid
1986 3913 2039 3960 in
2089 3912 2193 3961 suis
2225 3913 2370 3961 codd.
2417 3913 2663 3960 invenerit

415 3976 541 4023 adeo
587 3975 903 4037 negligenter
959 3976 1210 4039 exposuit,
1271 3986 1326 4027 ut
1381 3981 1444 4027 de
1504 3993 1681 4027 eorum
1747 3980 1995 4043 scriptura
2043 3980 2164 4027 certi
2215 3979 2408 4041 aliquid
2449 3978 2662 4041 proferri

414 4050 648 4104 nequest.
689 4082 751 4090 ..
788 4058 878 4090 non
902 4057 978 4102 ex,
1002 4044 1060 4093 Ρ.
1100 4084 1162 4093 ...
1209 4045 1660 4108 interpretationem,
1692 4047 1974 4097 Pintianus.
2021 4044 2330 4111 interpretum
2366 4055 2547 4096 natura
2565 4046 2663 4109 fa·

415 4116 577 4157 ceatur
609 4108 910 4159 irridendum
918 4113 956 4169 ἲ,
991 4111 1278 4162 Heumann.
1321 4115 1457 4175 apud
1494 4113 1701 4164 Gesner.
1750 4154 1812 4162 .-.
1850 4113 2163 4173 irridendum,
2199 4129 2317 4163 cum
2348 4113 2578 4165 Gesnero
2613 4122 2666 4162 et

414 4177 678 4225 nonnullis
714 4179 860 4225 codd.
896 4178 1225 4242 Robertoque
1259 4182 1323 4228 ad
1356 4181 1620 4243 superiora
1653 4182 1818 4238 retuli,
1844 4197 1961 4230 cum
1985 4182 2142 4242 vulgo
2166 4196 2304 4231 nova.
2325 4182 2390 4231 ab
2413 4182 2513 4231 hac
2536 4195 2666 4231 voce

416 4244 654 4306 periodus
694 4245 976 4307 incipiatur.
1034 4246 1310 4305 irridenda,
1353 4261 1385 4294 a
1406 4250 1433 4294 ¹.
1492 4286 1551 4296 ,..
1607 4246 1793 4311 Αρονε,
1834 4249 1933 4298 ΤΡ
1946 4250 2161 4311 abdgp
2192 4245 2498 4311 (Richelet.)
2551 4264 2663 4299 vero

306 4334 313 4339 ,
420 4326 580 4372 ayere,
622 4306 723 4375 βγ.
777 4310 910 4362 Num
952 4329 1065 4363 vero
1105 4329 1266 4379 aqere,
1309 4314 1578 4364 Gesnerus.
1641 4356 1702 4364 ..
1763 4313 2108 4391 dubitemusne,
2157 4318 2248 4379 dp.
2311 4313 2661 4377 dubitemusne,
