2961 4861
845 339 985 386 mn.
1020 341 1118 386 111.
1178 340 1331 386 cAP.
1368 341 1656 387 vm-x.
1716 340 1908 388 snc'r.
1949 342 2005 384 14.
2038 344 2098 385 15.
2459 325 2581 388 245

340 482 565 554 minor.
629 488 809 554 Inter
849 489 1015 555 hanc
1059 501 1123 554 et
1167 487 1450 554 Siciliam
1496 489 1728 566 altera,
1777 499 1964 554 antea
2007 488 2315 554 Therasia
2357 491 2581 579 appel-

339 590 487 668 lata,
534 612 705 654 nunc
732 588 956 667 Hiera,
1004 589 1157 673 quia
1186 612 1367 677 sacra
1394 588 1683 655 Volcano
1728 599 1847 666 est,
1893 589 2053 653 colle
2095 590 2162 653 in
2207 612 2283 654 ea
2322 601 2581 656 noctur-

340 711 456 754 nas
501 700 834 755 evomente
876 689 1184 754 flammas.
1252 689 1475 754 Tertia
1519 686 1884 777 Strongyle,
1932 712 1972 753 a
2011 689 2257 775 Lipara
2298 713 2347 754 Μ
2390 714 2455 779 p.
2501 692 2583 755 ad
2611 710 2676 755 94

342 802 633 857 exortum
676 792 828 856 solis
870 814 1175 876 vergens,
1231 792 1299 855 in
1344 812 1470 874 qua
1513 792 1807 878 regnavit
1850 789 2127 869 Aeolus,
2175 813 2340 875 quae
2383 815 2423 856 a
2463 792 2583 857 Li-

338 915 496 977 para
537 892 875 976 liquidiore
922 902 1170 957 tantum
1211 890 1467 955 flamma
1509 890 1758 966 differt3
1807 914 1841 955 e
1871 892 2053 956 cuius
2098 892 2279 957 fumo
2323 894 2585 977 quinam

337 991 548 1056 flaturi
581 993 707 1056 sint
743 992 919 1057 venti
949 993 1016 1056 in
1048 993 1255 1056 triduo
1297 992 1677 1077 praedicere
1714 990 1958 1055 incolae
2006 991 2362 1070 traduntur,
2408 993 2583 1058 unde

337 1092 561 1158 ventos
604 1092 811 1158 Aeolo
860 1093 1151 1179 paruisse
1209 1092 1686 1156 existumatum.
1758 1089 2010 1171 Quarta
2051 1091 2335 1177 Didyme
2377 1095 2584 1159 minor

339 1216 533 1278 quam
571 1193 834 1278 Lipara,
881 1194 1103 1278 quinta
1144 1192 1436 1270 Ericusa,
1484 1202 1668 1257 sexta
1709 1191 2115 1257 Phoenicusa
2152 1194 2389 1279 pabulo
2429 1218 2581 1280 pro-

337 1318 677 1359 xumarum
732 1295 988 1371 relicta,
1048 1293 1397 1357 novissima
1448 1292 1804 1376 eademque
1859 1292 2145 1357 minuma
2184 1293 2578 1379 Euonymos.

337 1395 673 1463 Hactenus
716 1395 798 1461 de
840 1394 1047 1481 primo
1090 1394 1395 1478 Europae
1440 1394 1603 1457 sinu.

420 1496 513 1561 X.
578 1498 678 1562 15.
723 1496 790 1559 A
823 1496 1053 1560 Locris
1092 1494 1321 1560 Italiae
1364 1495 1543 1558 frons
1586 1494 1813 1580 incipit
1853 1494 2100 1580 Magna
2147 1493 2423 1563 Graecia
2465 1520 2581 1586 ap-
2611 1516 2673 1559 95

336 1598 600 1683 pellata,
657 1596 724 1660 in
771 1597 885 1661 tris
931 1598 1107 1660 sinus
1149 1595 1458 1659 recedens
1500 1592 1776 1658 Ausonii
1819 1596 2049 1673 maris,
2094 1597 2396 1680 quoniam
2436 1597 2581 1665 Au-

340 1720 526 1762 sones
572 1707 833 1762 tenuere
876 1696 1086 1782 primi.
1139 1694 1329 1759 Patet
1356 1716 1611 1756 Lxxxw
1639 1717 1689 1757 M
1716 1716 1805 1777 p.‚
1852 1703 1926 1757 ut
1961 1706 2184 1760 auctor
2212 1708 2313 1761 est
2339 1696 2580 1772 Varr03

335 1801 624 1885 plerique
679 1820 862 1862 Lxxv
903 1821 953 1861 Μ
997 1798 1227 1861 fecere.
1294 1792 1374 1857 In
1431 1815 1508 1858 ea
1560 1815 1672 1857 ora
1721 1793 1986 1859 fiumina
2040 1795 2405 1875 innumera,
2456 1800 2585 1877 *sed

335 1910 695 1966 memoratu
739 1899 938 1985 digna
978 1920 1016 1960 a
1056 1895 1287 1960 Locris
1326 1892 1537 1980 Sagra
1580 1904 1644 1958 et
1687 1895 1963 1982 vestigia
2003 1897 2224 1982 oppidi
2257 1896 2581 1976 Caulonis,

335 2002 642 2087 Mystiae,
689 1997 1091 2065 Consilinum
1132 2007 1436 2073 cast-rum,
1485 1992 1888 2074 Cocinthum,
1936 1997 2109 2080 quod
2153 2021 2294 2065 esse
2337 2001 2579 2089 longis-

405 2195 435 2255 ξ
462 2202 542 2245 93.
580 2211 628 2256 a,
651 2195 719 2243 A.
757 2193 933 2243 Omitt.
958 2191 1063 2240 Rd.
1090 2229 1152 2237 .-
1182 2205 1212 2250 q
1236 2185 1465 2235 successit
1487 2183 1684 2243 Aeolos,
1708 2200 1755 2236 6.
1792 2186 1875 2236 cui
1895 2205 1936 2236 s.
1961 2188 2155 2249 Aeolus,
2183 2190 2361 2243 Gelen.
2387 2200 2437 2243 et
2457 2195 2580 2245 Clu·

335 2278 436 2311 ver.
463 2263 601 2312 Sicil.
627 2270 731 2310 ant.
757 2275 805 2323 p.
833 2264 947 2308 401.
973 2271 1039 2305 ex
1062 2256 1222 2305 Solin.
1251 2260 1298 2314 6,
1325 2260 1372 2303 2.
1414 2295 1474 2302 .-
1498 2263 1634 2313 ἀιιιε,
1657 2254 1708 2302 Β
1725 2255 1756 2302 ¹.
1794 2296 1856 2303 -.
1897 2254 2187 2319 Meloqonis,
2214 2260 2390 2310 Gelen.
2431 2260 2580 2311 Asilo-
2640 2296 2649 2301 -

333 2329 484 2394 yonis,
508 2330 577 2378 A.
615 2325 885 2389 Miloqinis,
912 2319 967 2372 θ.
1006 2320 1296 2385 Imonyonis,
1319 2322 1370 2369 R
1390 2324 1420 2369 ¹.
1459 2317 1732 2384 Meliyonis,
1758 2323 1855 2371 132.
1901 2320 2148 2385 Lonqinis,
2174 2327 2278 2375 Td.
2317 2325 2579 2389 Lonyonis,

334 2398 540 2447 Barbar.
580 2438 642 2446 .-
689 2390 975 2456 BseliquniS,
999 2392 1090 2441 Rd
1116 2387 1286 2451 (codd.
1310 2386 1547 2450 Barbar.)
1602 2384 1893 2454 Miloyunis‚
1918 2392 1982 2439 A.
2039 2389 2320 2456 Moliqonis,
2345 2408 2392 2443 6.
2444 2396 2579 2444 Ean·

337 2469 449 2515 dem
468 2479 585 2514 vero
617 2464 837 2512 insulam
869 2459 1157 2508 nominibus
1192 2459 1319 2505 adeo
1355 2456 1601 2504 similibus
1624 2457 1899 2504 vocitatam
1930 2457 2087 2507 fuisse
2109 2460 2197 2507 vix
2231 2469 2307 2510 est
2331 2463 2581 2521 credibile,
2648 2459 2655 2464 “

335 2535 467 2581 unde
491 2533 811 2582 statuendum
834 2528 1046 2586 videtur,
1068 2525 1307 2583 Plinium,
1327 2524 1574 2586 siquidem
1591 2523 1664 2571 ita
1686 2524 1899 2585 scripsit,
1924 2526 1998 2572 uti
2014 2526 2172 2587 vulgo
2196 2527 2395 2590 legitur,
2418 2530 2581 2579 varias

336 2600 603 2662 scripturas
628 2597 873 2655 attulisse,
899 2609 1025 2657 quas
1048 2595 1183 2655 apud
1206 2598 1438 2639 auctores
1463 2605 1584 2638 suos
1610 2590 1879 2656 invenerat.
1918 2590 2072 2651 Quod
2098 2594 2141 2643 si
2165 2596 2245 2643 cui
2268 2596 2436 2646 minus
2460 2613 2577 2660 pro-

334 2666 498 2714 babile
530 2666 741 2723 videtur,
776 2670 864 2712 aut
897 2661 1143 2723 scriptura
1175 2659 1386 2708 Barbari
1408 2655 1653 2722 Lonyonis
1690 2656 1771 2705 vel
1799 2655 2070 2722 Meliqunis
2091 2662 2433 2725 praeferenda,
2477 2667 2580 2728 qui,

335 2748 450 2781 cum
474 2748 542 2781 ex
562 2732 781 2781 Philisto
805 2730 941 2792 apud
964 2728 1140 2789 Steph.
1163 2728 1289 2791 Byz.
1314 2742 1351 2774 s.
1375 2741 1424 2774 v.
1449 2718 1711 2791 Λογγώνη
1736 2726 1912 2774 urbem
1935 2728 2086 2778 huius
2110 2731 2329 2781 nominis
2354 2731 2580 2782 Siculam
2613 2749 2646 2798 ,κ

334 2801 599 2860 attulisset,
634 2800 756 2847 hinc
786 2798 1003 2860 Liparae
1035 2796 1230 2843 insulae
1264 2807 1548 2855 cognomen
1581 2794 1799 2842 inditum
1822 2796 2184 2858 suspicabatur,
2220 2808 2309 2848 aut
2333 2801 2578 2863 dittogra-

332 2868 456 2930 phia
480 2867 712 2915 codicum
736 2865 1087 2914 Plinianorum
1124 2863 1403 2919 statuenda,
1439 2869 1553 2909 orta
1575 2875 1640 2909 ex
1662 2875 1781 2910 vero
1806 2863 2012 2912 nomine
2046 2857 2372 2928 Μελιγουνίς
2394 2865 2577 2928 (Calli-

332 2936 499 2982 mach.
522 2933 675 2984 Dian.
702 2939 781 2981 48.
808 2932 970 2980 Strab.
998 2935 1043 2979 6.
1069 2945 1117 2992 p.
1145 2933 1206 2979 27
1214 2927 1301 2992 5.),
1327 2929 1408 2977 cui
1432 2943 1550 2976 cum
1574 2944 1663 2991 per
1687 2929 1868 2977 calami
1892 2943 2081 2979 errores
2104 2931 2205 2979 alia
2230 2935 2439 2982 nomina
2462 2936 2577 2983 sub-

334 3002 509 3050 stituta
532 3007 714 3058 essent,
736 3006 917 3062 postea
939 3005 1209 3059 utrumque
1233 3005 1308 3045 est
1332 2996 1658 3047 coniunctum
1684 2995 1930 3058 particula
1954 2995 2030 3045 vel
2051 3011 2118 3045 ex
2141 3012 2283 3046 more
2308 3001 2493 3049 addita.
2514 3041 2575 3049 ..-

333 3068 524 3127 XXV,
548 3068 757 3117 RATd
780 3063 1040 3126 (Martian.
1068 3070 1114 3125 6,
1142 3061 1283 3140 642.)
1319 3062 1452 3123 XV,
1485 3054 1541 3110 θ.
1587 3060 1730 3120 ΧΙΙ,
1753 3057 1811 3121 β.
1857 3062 1975 3111 Vid.
2003 3062 2203 3112 Cluver.
2229 3064 2367 3114 Sicil.
2400 3074 2503 3114 ant.
2528 3082 2577 3130 p.

333 3159 448 3201 400.
490 3192 553 3200 .-
589 3151 767 3212 minor,
792 3150 940 3199 Rad.
987 3149 1137 3197 minor
1181 3149 1234 3199 V
1256 3146 1411 3206 milia,
1442 3147 1512 3196 A.
1548 3144 1728 3194 minori
1759 3145 1817 3206 V,
1844 3138 1901 3194 θ.
1947 3144 2138 3205 minori,
2160 3141 2218 3205 β.
2246 3186 2309 3195 -.
2347 3145 2487 3208 hanc,
2512 3150 2577 3199 A.

334 3220 510 3271 omitt.
528 3219 634 3269 Rd.
661 3260 723 3267 -
759 3217 1015 3276 Therasia,
1033 3217 1244 3267 ΒΑᾱσ.
1290 3212 1597 3272 Therme-ssa,
1623 3212 1820 3262 Cluver.
1840 3213 1875 3260 l.
1894 3213 1929 3261 1.
1949 3228 1997 3275 p.
2018 3216 2134 3262 407.
2161 3252 2224 3262 -
2250 3231 2375 3278 num,
2394 3217 2443 3266 R
2462 3219 2492 3264 ¹.
2516 3257 2577 3266 -

333 3295 583 3347 evomente,
607 3286 810 3335 R2Ad.
850 3292 1106 3343 evomenta,
1130 3284 1180 3333 Β
1197 3284 1228 3330 ¹.
1265 3296 1491 3340 evomere,
1515 3293 1563 3327 6.
1874 3291 1881 3308 ²

399 3353 429 3413 ξ
451 3360 531 3403 94.
576 3350 769 3413 Tendit,
788 3352 855 3404 A.
886 3391 950 3399 -..
979 3348 1255 3414 Stronqyle,
1286 3351 1334 3398 d.
1373 3346 1654 3409 Stronyala
1682 3348 1747 3395 A.
1783 3342 2076 3413 Sthronyile,
2103 3350 2166 3398 Β.
2194 3388 2257 3397 -.
2296 3366 2331 3397 a
2361 3347 2576 3414 Lipara,

333 3437 433 3470 om.
459 3424 492 3470 d
511 3423 540 3468 ¹.
590 3435 623 3466 a
658 3418 846 3479 ceteris,
873 3418 1073 3467 Cluver.
1105 3418 1139 3465 l.
1160 3418 1194 3465 1.
1218 3433 1269 3480 p.
1294 3422 1410 3465 411.
1437 3430 1505 3463 ex
1538 3414 1701 3464 Solin.
1738 3420 1783 3475 6,
1818 3420 1865 3465 2.
1904 3455 1968 3464 .-.
2016 3423 2199 3465 tautam
2214 3415 2443 3478 flamma,
2468 3420 2575 3468 Rd.

314 3488 529 3551 flamma
552 3493 749 3546 tantum,
774 3487 824 3535 A
834 3482 878 3547 β
886 3498 935 3549 r.
968 3525 1032 3534 .-.
1070 3501 1109 3544 e,
1134 3485 1200 3533 A.
1237 3502 1286 3545 a,
1309 3484 1444 3533 Rob.
1483 3482 1658 3532 Omitt.
1683 3484 1788 3532 Rd.
1816 3523 1879 3532 -.
1917 3482 2090 3544 tridua,
2114 3484 2376 3534 RATdo
2394 3482 2577 3546 (Rob.)

332 3554 562 3615 triduum,
592 3554 799 3601 Barbar.
833 3549 937 3616 βγ.
992 3552 1067 3601 At
1090 3551 1138 3599 in
1160 3553 1213 3600 h.
1238 3552 1272 3599 l.
1297 3552 1433 3600 idem
1455 3558 1532 3599 est
1555 3553 1694 3613 quod
1717 3549 1877 3610 intra5
1918 3551 2017 3601 vid.
2044 3554 2108 3601 ad
2140 3558 2222 3610 32,
2248 3556 2293 3600 9.
2333 3592 2396 3600 .-
2426 3568 2575 3615 prae-

334 3620 536 3682 discere,
563 3633 610 3668 6.
659 3618 1065 3683 praesentiseunt,
1097 3619 1259 3669 Solin.
1299 3659 1362 3667 .-.
1395 3615 1551 3668 Aeolo
1585 3627 1759 3678 ventos,
1783 3621 1830 3668 d.
1868 3658 1931 3667 -.
1977 3615 2152 3679 Quota,
2186 3620 2235 3668 Β
2256 3620 2287 3667 ¹.
2326 3657 2389 3666 -
2424 3617 2575 3666 Didi-

331 3704 453 3749 mae‚
477 3690 544 3738 A.
583 3727 646 3736 .-.
681 3685 916 3747 Ericusa,
940 3687 1145 3736 Barbar.
1180 3684 1451 3750 Eripkusa,
1477 3685 1572 3735 Ad
1584 3699 1631 3734 6.
1667 3683 1938 3749 Erythia-sa,
1962 3687 2027 3735 Β.
2053 3725 2117 3734 .-
2155 3684 2347 3744 relicta,
2372 3688 2419 3733 d.
2460 3683 2575 3732 reli-

331 3766 461 3817 ctae,
495 3756 561 3804 A.
609 3752 798 3815 relicte,
831 3754 897 3803 Β.
936 3795 999 3802 ..
1036 3754 1329 3814 novissima,
1353 3755 1421 3803 A.
1459 3753 1737 3813 novissime,
1762 3754 1825 3803 Β.
1871 3751 2174 3812 novissimae,
2200 3754 2247 3801 d.
2286 3792 2349 3800 .-
2387 3749 2573 3800 eadem-

334 3840 440 3885 que,
465 3823 532 3872 A.
570 3820 820 3885 aciemque,
841 3823 904 3872 Β.
941 3817 1101 3882 adest,
1125 3824 1172 3871 d.
1210 3861 1273 3870 -.
1308 3819 1483 3880 minim,
1506 3821 1569 3870 Β.

400 3889 429 3950 ἓ
456 3897 536 3940 95.
557 3889 724 3953 frons,
747 3889 813 3938 A.
844 3889 984 3951 fons,
1008 3889 1115 3937 Rd.
1152 3929 1215 3937 ...
1254 3888 1389 3948 treis,
1416 3881 1472 3936 θ.
1512 3927 1575 3936 -.
1612 3885 1946 3944 LXXXVI,
1970 3876 2254 3935 RAGTd.
2311 3885 2576 3949 nonaqinta

331 3973 434 4018 sex,
458 3958 693 4008 Martian.
721 3962 767 4016 6,
794 3961 908 4005 649.
947 3954 1182 4017 octoyinta
1205 3956 1315 4015 duc,
1338 3951 1398 4015 β.
1436 3952 1679 4003 -LXX
1688 3952 1744 4013 V,
1768 3947 1991 4004 RATd.
2029 3950 2281 4012 LXXII,
2303 3948 2361 4012 β.
2400 3993 2462 4002 -.
2499 3951 2574 4001 di.

328 4041 442 4089 qna,
476 4041 523 4074 v.
549 4024 839 4074 Schneider.
875 4037 1087 4085 gramm.
1120 4024 1234 4072 Lat.
1270 4028 1316 4071 2.
1342 4037 1391 4084 p.
1422 4026 1501 4070 15.
1540 4060 1603 4068 -.
1641 4036 1676 4067 α
1705 4019 1901 4079 Locris,
1925 4019 2201 4071 RASTd.
2254 4017 2493 4081 Loconus,
2525 4035 2573 4070 6.

332 4092 577 4148 Locanus,
611 4092 745 4141 Pint.
792 4131 856 4140 .-
904 4088 1087 4153 Sayra,
1121 4090 1269 4140 STo.
1324 4088 1487 4151 Ayra,
1518 4087 1688 4136 RAd.
1737 4127 1800 4134 .-
1846 4084 2082 4147 Mustiae,
2113 4087 2220 4137 Ad.
2272 4086 2470 4147 Mustie,
2509 4089 2571 4138 Β.

333 4157 539 4222 Mystia,
562 4155 664 4222 βγ.
711 4200 771 4207 -
813 4155 1097 4218 Consilium,
1123 4171 1168 4204 6.
1216 4197 1278 4204 -.
1334 4152 1620 4214 Cocinthum,
1656 4157 1688 4202 d
1725 4151 1895 4215 (codd.
1921 4153 2154 4216 Barbar.)
2212 4150 2480 4220 Cocyntam,
2505 4158 2570 4209 A.

339 4223 634 4289 Coccyntum,
658 4227 720 4275 Β.
765 4223 1042 4284 ζάνςὶηείηι,
1059 4237 1108 4273 6.
1147 4265 1209 4273 -
1248 4220 1599 4285 lonqissimum,
1624 4237 1722 4270 om.
1749 4222 1798 4271 Β
1817 4223 1845 4268 ¹.
