2961 4861
1550 282 1563 308 ι

380 350 540 393 LVIII
1307 346 1688 390 PRAEFATIO.

382 501 648 576 egregias
679 497 938 559 servavit
962 498 1179 557 mixtas
1199 497 1333 558 illas
1354 496 1901 574 interpolationibus
1927 497 2146 574 ineptis
2173 497 2329 556 intra
2356 498 2625 576 singulas

382 628 561 669 voces
597 608 1067 667 subsistentibus.
1107 605 1308 678 Liber,
1338 608 1497 669 unde
1525 607 1602 665 κθ
1628 607 1909 679 manavit,
1939 607 2144 665 multis
2168 607 2288 665 iam
2317 614 2627 684 corrupte-

380 718 458 776 lis
487 718 711 777 obsitus
738 716 869 788 fuit,
900 733 1048 790 quas
1077 715 1343 772 sanaturi
1367 714 1591 772 librarii
1609 715 2087 792 interpolationes
2110 731 2248 774 suas
2275 715 2628 775 intulerunt.

385 825 572 901 Quae,
592 836 662 884 ut
678 827 767 896 fit,
789 825 1058 900 deinceps
1082 823 1272 898 magis
1296 824 1608 898 magisque
1631 829 1837 883 auctae
1859 829 1978 881 tres
2003 822 2218 881 classes
2241 823 2420 882 huius
2443 843 2627 898 gene-

382 937 463 994 ris
487 935 748 994 codicum
776 939 846 990 ut
865 931 1301 1007 distinguantur
1321 931 1562 1002 faciunt,
1585 949 1837 1006 quarum
1860 931 1933 990 κ’*
1955 932 2149 1011 minus
2170 950 2348 1007 quam
2370 951 2629 1008 sequen-

384 1051 480 1101 tes
514 1040 868 1117 interpolata
907 1058 1080 1116 saepe
1117 1039 1381 1116 egregias
1409 1040 1690 1099 lectiones
1724 1041 2015 1112 servavit,
2060 1041 2248 1100 altera
2271 1042 2347 1113 κβ
2386 1060 2630 1100 manum

384 1150 880 1226 interpolatricem
907 1148 1114 1207 durius
1143 1158 1235 1208 est
1269 1158 1535 1226 experta,
1577 1149 1752 1208 tertia
1777 1149 1855 1206 κθ
1887 1150 2268 1226 ineptissimis
2305 1151 2630 1226 interpola-

268 1280 279 1294 ·
386 1259 641 1320 tionibus
670 1265 876 1330 scatet,
893 1276 1264 1333 ‚quamquam
1290 1258 1353 1314 in
1379 1258 1492 1315 hac
1520 1275 1754 1333 quoque
1783 1257 2045 1334 singulas
2073 1276 2336 1334 gemmas
2373 1259 2630 1316 inveniri

388 1386 569 1445 supra
595 1367 920 1427 docuimus.
963 1366 1036 1424 In
1063 1365 1158 1423 his
1184 1366 1335 1442 ipsis*
1355 1384 1498 1424 vero
1525 1364 2067 1442 interpolationibus
2093 1365 2242 1425 illud
2268 1384 2632 1442 percommo-

390 1480 534 1536 dum
561 1478 789 1549 accidit‚
820 1476 977 1550 quod
1007 1475 1201 1533 statim
1231 1473 1352 1532 suis
1383 1493 1447 1531 se
1473 1474 1705 1550 ineptiis
1732 1475 1989 1551 produnt
2017 1468 2135 1556 (uti
2159 1475 2343 1551 praef.
2372 1470 2632 1545 58:10,

288 1612 295 1615 *
391 1581 496 1646 90.
524 1579 632 1657 35,
667 1579 811 1642 111.
839 1578 944 1656 36,
975 1577 1109 1659 31.)
1137 1599 1327 1657 neque
1355 1600 1487 1641 eam
1515 1583 1768 1658 speciem
1809 1582 1936 1642 veri
1961 1602 2105 1660 prae
2134 1583 2449 1655 scierunt,
2479 1601 2636 1658 quae

392 1694 552 1753 viros
579 1694 756 1752 etiam
772 1711 902 1761 >non
928 1691 1191 1750 indoctos
1217 1691 1280 1749 in
1308 1689 1621 1767 Sophocle,
1648 1690 2065 1768 Xenophontis
2083 1692 2445 1752 institutione
2467 1689 2633 1771 Cyri,

394 1801 690 1863 Ciceronis
719 1801 881 1860 libris
908 1800 982 1859 de
1007 1807 1221 1860 natura
1248 1799 1493 1859 deorum
1519 1800 1768 1876 decepit.

480 1910 707 1984 Quibus
748 1909 1017 1967 omnibus
1060 1910 1136 1966 de
1183 1892 1509 1968 conditione
1550 1915 1612 1966 et
1646 1908 1992 1971 auctoritate
2038 1909 2304 1968 codicum
2352 1908 2636 1986 expositis

395 2027 602 2098 aptum
642 2017 786 2076 mihi
822 2017 1058 2076 videtur
1097 2015 1212 2075 hoe
1245 2016 1375 2093 ipso
1415 2016 1475 2074 in
1511 2017 1643 2076 loco
1683 2018 1941 2077 inserere
1982 2016 2278 2094 syllabum
2304 2019 2567 2077 codicum
2597 2036 2638 2077 a

396 2147 492 2187 me
516 2127 918 2203 inspectorum
946 2144 1080 2184 cum
1110 2125 1275 2202 siglis
1303 2125 1380 2183 ad
1408 2143 1510 2184 eos
1548 2126 1955 2202 significandos
1993 2127 2293 2202 appositis.
2346 2127 2488 2186 Feci
2523 2145 2636 2186 au-

396 2246 546 2307 tem,
585 2235 746 2310 quod
785 2233 1040 2293 maxime
1077 2234 1468 2292 necessarium
1511 2235 1828 2308 habebam,
1859 2235 2171 2311 duplicem,
2212 2244 2275 2294 et
2315 2237 2638 2295 secundum

397 2346 560 2422 ipsos
602 2345 830 2404 codices
868 2351 928 2402 et
963 2342 1284 2403 secundum
1323 2342 1496 2418 sigla,
1534 2349 1606 2402 ut
1640 2344 1826 2404 lector
1863 2344 2010 2404 haec
2048 2345 2244 2404 omnia
2267 2365 2387 2405 uno
2425 2348 2640 2406 obtutu

399 2457 614 2515 intueri
635 2464 695 2514 et
713 2456 865 2513 inter
894 2472 960 2513 se
989 2470 1329 2529 comparare
1354 2459 1575 2529 posset.

473 2645 808 2707 Secundum
836 2646 1100 2705 codicum
1125 2617 1394 2705 nomina:
1825 2643 2163 2706 Secundum
2189 2647 2374 2723 sigla:

401 2780 796 2840 Academicus
810 2817 1275 2838 ........
1313 2821 1347 2838 -
1433 2776 1466 2837 δ
1569 2781 1633 2838 Α
1698 2819 1715 2838 .
1762 2820 1779 2837 .
1824 2820 1842 2839 .
1885 2778 2187 2842 Leidensis

401 2887 853 2965 Andegavensis
877 2927 1342 2947 ........
1428 2883 1469 2945 θ
1569 2888 1625 2947 Β
1700 2928 1717 2946 .
1762 2930 1781 2947 .
1829 2928 1848 2946 .
1889 2887 2344 2964 Bambergensis

402 2996 857 3073 Bambergensis
881 3037 899 3056 .
944 3036 962 3055 .
1009 3036 1035 3056 .,
1073 3038 1090 3055 .
1138 3037 1155 3055 .
1203 3037 1220 3054 .
1266 3037 1283 3054 .
1327 3038 1346 3055 .
1416 2995 1471 3055 Β
1573 2994 1624 3055 C
1702 3036 1719 3054 .
1767 3037 1784 3054 .
1833 3038 1849 3055 .
1896 2995 2372 3058 vindobonensis
2399 3001 2485 3059 11.

402 3106 755 3166 Barberinus
782 3105 819 3165 1
821 3146 1348 3167 .........
1431 3126 1474 3183 y
1570 3104 1630 3162 D
1701 3146 1720 3164 .
1767 3145 1785 3164 .
1833 3146 1848 3164 .
1893 3104 2219 3166 Vaticanus
2246 3103 2412 3169 3861

403 3215 756 3274 Barberinus
785 3209 953 3275 2503
1005 3256 1342 3276 ......
1439 3238 1473 3275 z
1571 3212 1636 3272 Κ
1704 3255 1722 3274 .
1770 3255 1789 3273 .
1832 3255 1851 3274 .
1895 3213 2088 3275 Vetus
2107 3215 2477 3294 Dalecampii

402 3323 770 3383 Burbonicus
798 3324 924 3384 sive
951 3321 1347 3385 Carbonarius
1409 3325 1474 3384 N
1572 3322 1627 3382 L
1705 3364 1723 3383 .
1769 3321 2203 3386 Laurentianus
2212 3324 2578 3387 s.Mediceus
2590 3326 2647 3386 1.

406 3429 813 3490 chiffletianus
885 3470 1346 3492 ........
1422 3426 1471 3490 Θ
1575 3431 1646 3490 Μ
1703 3472 1722 3491 .
1766 3475 1785 3492 .
1833 3473 1850 3491 .
1897 3432 2164 3493 Venetus

408 3536 817 3599 cracoviensis
837 3538 904 3598 A
946 3578 1349 3600 .......
1435 3558 1474 3618 η
1575 3538 1639 3598 N
1703 3580 1720 3598 .
1766 3581 1784 3600 .
1806 3538 2234 3603 Burbonicuss.
2248 3541 2649 3605 carbonarius

494 3694 579 3711 ....
663 3696 749 3708 ..-
841 3648 898 3707 Β
948 3689 1348 3708 .......
1441 3647 1479 3707 λ
1576 3646 1632 3707 P
1708 3690 1725 3707 .
1774 3689 1790 3709 .
1837 3691 1854 3708 .
1896 3648 2271 3712 Monacensis
2603 3621 2624 3636 ἱ

408 3757 700 3817 Fuxensis
755 3797 1352 3819 ..........
1415 3756 1479 3816 Y
1578 3756 1639 3816 R
1707 3799 1726 3818 .
1773 3794 1792 3818 .
1836 3799 1853 3819 .
1898 3761 2322 3822 Riccardianus

411 3864 724 3925 Gudianus
761 3906 1356 3927 ..........
1444 3885 1478 3946 ρ
1582 3867 1626 3929 S
1707 3909 1724 3927 .
1770 3912 1787 3927 .
1836 3910 1855 3928 .
1901 3867 2387 3932 salmanticensis

408 3973 843 4035 Laurentianus
888 4017 1352 4036 ........
1423 3976 1478 4036 L
1581 3977 1639 4037 T
1706 4019 1725 4038 .
1768 4020 1785 4037 .
1833 4021 1850 4039 .
1895 3978 2223 4041 Toletanus

408 4082 717 4144 Leidensis
761 4125 1351 4145 ..........
1416 4087 1480 4147 A
1580 4087 1642 4147 V
1708 4129 1725 4147 .
1771 4130 1788 4148 .
1836 4130 1853 4147 .
1898 4087 2226 4149 Vossianus

410 4190 800 4254 Londinensis
888 4236 1350 4257 ........
1430 4190 1478 4256 Δ
1582 4198 1642 4256 Y
1710 4239 1725 4257 .
1776 4240 1791 4257 .
1837 4238 1854 4259 .
1900 4197 2214 4259 Fuxensis.
