<?xml version="1.0" encoding="UTF-8"?>
<!DOCTYPE html PUBLIC "-//W3C//DTD XHTML 1.0 Transitional//EN"
    "http://www.w3.org/TR/xhtml1/DTD/xhtml1-transitional.dtd">
<html xmlns="http://www.w3.org/1999/xhtml" xml:lang="en" lang="en">
 <head>
  <title>
</title>
<meta http-equiv="Content-Type" content="text/html;charset=utf-8" />
  <meta name='ocr-system' content='tesseract 3.04.00' />
  <meta name='ocr-capabilities' content='ocr_page ocr_carea ocr_par ocr_line ocrx_word'/>
</head>
<body>
  <div class='ocr_page' id='page_1' title='image "./cplinisecundina00sillgoog_0420.png"; bbox 0 0 2961 4861; ppageno 0'>
   <div class='ocr_carea' id='block_1_1' title="bbox 369 324 1917 385">
    <p class='ocr_par' dir='ltr' id='par_1_1' title="bbox 369 324 1917 385">
     <span class='ocr_line' id='line_1_1' title="bbox 369 324 1917 385; baseline -0.003 0"><span class='ocrx_word' id='word_1_1' title='bbox 369 324 491 385; x_wconf 79' lang='lat'>226</span> <span class='ocrx_word' id='word_1_2' title='bbox 1074 337 1482 384; x_wconf 76' lang='lat' dir='ltr'><strong>NATURALIS</strong></span> <span class='ocrx_word' id='word_1_3' title='bbox 1525 335 1917 384; x_wconf 77' lang='lat' dir='ltr'><strong>HISTORIAE</strong></span> 
     </span>
    </p>
   </div>
   <div class='ocr_carea' id='block_1_2' title="bbox 362 484 2707 1978">
    <p class='ocr_par' dir='ltr' id='par_1_2' title="bbox 362 484 2707 1978">
     <span class='ocr_line' id='line_1_2' title="bbox 370 484 2613 573; baseline 0 -21"><span class='ocrx_word' id='word_1_4' title='bbox 370 487 537 552; x_wconf 87' lang='lat' dir='ltr'>datis</span> <span class='ocrx_word' id='word_1_5' title='bbox 569 486 754 550; x_wconf 87' lang='lat' dir='ltr'>terris</span> <span class='ocrx_word' id='word_1_6' title='bbox 776 484 1029 550; x_wconf 91' lang='lat' dir='ltr'>Histria</span> <span class='ocrx_word' id='word_1_7' title='bbox 1057 508 1133 551; x_wconf 91' lang='lat' dir='ltr'>ac</span> <span class='ocrx_word' id='word_1_8' title='bbox 1161 484 1476 551; x_wconf 89' lang='lat' dir='ltr'>Liburnia</span> <span class='ocrx_word' id='word_1_9' title='bbox 1513 484 1900 569; x_wconf 87' lang='lat' dir='ltr'>quibusdam</span> <span class='ocrx_word' id='word_1_10' title='bbox 1936 485 2095 550; x_wconf 88' lang='lat' dir='ltr'>locis</span> <span class='ocrx_word' id='word_1_11' title='bbox 2139 495 2408 551; x_wconf 85' lang='lat' dir='ltr'>centena</span> <span class='ocrx_word' id='word_1_12' title='bbox 2442 505 2501 550; x_wconf 77' lang='grc' dir='ltr'><strong>Μ</strong></span> <span class='ocrx_word' id='word_1_13' title='bbox 2522 509 2613 573; x_wconf 91' lang='grc' dir='ltr'>Ρ.,</span> 
     </span>
     <span class='ocr_line' id='line_1_3' title="bbox 364 584 2615 672; baseline 0.001 -20"><span class='ocrx_word' id='word_1_14' title='bbox 364 587 447 652; x_wconf 89' lang='lat' dir='ltr'>ab</span> <span class='ocrx_word' id='word_1_15' title='bbox 491 586 691 672; x_wconf 88' lang='lat' dir='ltr'>Epiro</span> <span class='ocrx_word' id='word_1_16' title='bbox 738 597 800 652; x_wconf 91' lang='lat' dir='ltr'>et</span> <span class='ocrx_word' id='word_1_17' title='bbox 839 585 1100 670; x_wconf 87' lang='lat' dir='ltr'>Illyrico</span> <span class='ocrx_word' id='word_1_18' title='bbox 1155 584 1654 670; x_wconf 82' lang='lat' dir='ltr'>quinquaginta,</span> <span class='ocrx_word' id='word_1_19' title='bbox 1717 585 1798 650; x_wconf 91' lang='lat' dir='ltr'>ab</span> <span class='ocrx_word' id='word_1_20' title='bbox 1839 584 2071 650; x_wconf 82' lang='lat' dir='ltr'>Africa</span> <span class='ocrx_word' id='word_1_21' title='bbox 2120 586 2331 652; x_wconf 90' lang='lat' dir='ltr'>minus</span> <span class='ocrx_word' id='word_1_22' title='bbox 2375 608 2485 667; x_wconf 87' lang='lat' dir='ltr'>oc,</span> <span class='ocrx_word' id='word_1_23' title='bbox 2512 600 2615 654; x_wconf 68' lang='lat' dir='ltr'>‹ut</span> 
     </span>
     <span class='ocr_line' id='line_1_4' title="bbox 367 683 2615 768; baseline 0.001 -17"><span class='ocrx_word' id='word_1_24' title='bbox 367 698 589 753; x_wconf 81' lang='lat' dir='ltr'><strong>auctor</strong></span> <span class='ocrx_word' id='word_1_25' title='bbox 634 698 733 752; x_wconf 91' lang='lat' dir='ltr'>est</span> <span class='ocrx_word' id='word_1_26' title='bbox 775 685 870 751; x_wconf 89' lang='lat' dir='ltr'>M.</span> <span class='ocrx_word' id='word_1_27' title='bbox 915 686 1160 763; x_wconf 82' lang='lat' dir='ltr'>Varro,</span> <span class='ocrx_word' id='word_1_28' title='bbox 1217 686 1299 751; x_wconf 89' lang='lat' dir='ltr'>ab</span> <span class='ocrx_word' id='word_1_29' title='bbox 1346 683 1649 750; x_wconf 86' lang='lat' dir='ltr'>Sardinia</span> <span class='ocrx_word' id='word_1_30' title='bbox 1691 707 1827 750; x_wconf 81' lang='lat' dir='ltr'>cxx</span> <span class='ocrx_word' id='word_1_31' title='bbox 1868 704 1955 764; x_wconf 82' lang='grc' dir='ltr'>Μ,</span> <span class='ocrx_word' id='word_1_32' title='bbox 2013 686 2094 752; x_wconf 87' lang='lat' dir='ltr'>ab</span> <span class='ocrx_word' id='word_1_33' title='bbox 2139 685 2362 754; x_wconf 79' lang='lat' dir='ltr'>Sicilia</span> <span class='ocrx_word' id='word_1_34' title='bbox 2402 712 2527 768; x_wconf 76' lang='lat' dir='ltr'>m),</span> <span class='ocrx_word' id='word_1_35' title='bbox 2574 712 2615 754; x_wconf 84' lang='lat' dir='ltr'>a</span> 
     </span>
     <span class='ocr_line' id='line_1_5' title="bbox 369 787 2615 877; baseline 0.001 -23"><span class='ocrx_word' id='word_1_36' title='bbox 369 788 635 855; x_wconf 89' lang='lat' dir='ltr'>Corsica</span> <span class='ocrx_word' id='word_1_37' title='bbox 671 790 881 854; x_wconf 90' lang='lat' dir='ltr'>minus</span> <span class='ocrx_word' id='word_1_38' title='bbox 921 812 1125 866; x_wconf 77' lang='lat' dir='ltr'>Lxxx,</span> <span class='ocrx_word' id='word_1_39' title='bbox 1165 790 1245 854; x_wconf 86' lang='lat' dir='ltr'>ab</span> <span class='ocrx_word' id='word_1_40' title='bbox 1274 787 1416 852; x_wconf 86' lang='lat' dir='ltr'>Issa</span> <span class='ocrx_word' id='word_1_41' title='bbox 1453 789 1939 875; x_wconf 81' lang='lat' dir='ltr'>quinquaginta.</span> <span class='ocrx_word' id='word_1_42' title='bbox 1984 788 2240 855; x_wconf 85' lang='lat' dir='ltr'>Incedit</span> <span class='ocrx_word' id='word_1_43' title='bbox 2265 801 2384 877; x_wconf 85' lang='lat' dir='ltr'>per</span> <span class='ocrx_word' id='word_1_44' title='bbox 2407 792 2615 856; x_wconf 85' lang='lat' dir='ltr'>maria</span> 
     </span>
     <span class='ocr_line' id='line_1_6' title="bbox 367 887 2611 978; baseline 0 -24"><span class='ocrx_word' id='word_1_45' title='bbox 367 889 528 955; x_wconf 90' lang='lat' dir='ltr'>caeli</span> <span class='ocrx_word' id='word_1_46' title='bbox 572 891 833 974; x_wconf 85' lang='lat' dir='ltr'>regione</span> <span class='ocrx_word' id='word_1_47' title='bbox 863 889 945 952; x_wconf 90' lang='lat' dir='ltr'>ad</span> <span class='ocrx_word' id='word_1_48' title='bbox 971 889 1303 953; x_wconf 85' lang='lat' dir='ltr'>meridiem</span> <span class='ocrx_word' id='word_1_49' title='bbox 1332 887 1615 972; x_wconf 89' lang='lat' dir='ltr'>quidem,</span> <span class='ocrx_word' id='word_1_50' title='bbox 1666 890 1781 953; x_wconf 91' lang='lat' dir='ltr'>sed</span> <span class='ocrx_word' id='word_1_51' title='bbox 1811 888 1865 953; x_wconf 87' lang='lat' dir='ltr'>si</span> <span class='ocrx_word' id='word_1_52' title='bbox 1895 890 2008 972; x_wconf 89' lang='lat' dir='ltr'>qui</span> <span class='ocrx_word' id='word_1_53' title='bbox 2036 890 2329 978; x_wconf 82' lang='lat' dir='ltr'>diligenti</span> <span class='ocrx_word' id='word_1_54' title='bbox 2358 891 2611 976; x_wconf 90' lang='lat' dir='ltr'>suptili-</span> 
     </span>
     <span class='ocr_line' id='line_1_7' title="bbox 370 989 2707 1078; baseline -0.001 -24"><span class='ocrx_word' id='word_1_55' title='bbox 370 1000 501 1055; x_wconf 83' lang='lat' dir='ltr'>tate</span> <span class='ocrx_word' id='word_1_56' title='bbox 534 990 771 1078; x_wconf 85' lang='lat' dir='ltr'>exigat‚</span> <span class='ocrx_word' id='word_1_57' title='bbox 816 991 985 1054; x_wconf 89' lang='lat' dir='ltr'>inter</span> <span class='ocrx_word' id='word_1_58' title='bbox 1029 999 1276 1053; x_wconf 82' lang='lat' dir='ltr'>sextam</span> <span class='ocrx_word' id='word_1_59' title='bbox 1317 989 1540 1053; x_wconf 89' lang='lat' dir='ltr'>horam</span> <span class='ocrx_word' id='word_1_60' title='bbox 1567 989 1966 1074; x_wconf 85' lang='lat' dir='ltr'>primamque</span> <span class='ocrx_word' id='word_1_61' title='bbox 1996 991 2370 1058; x_wconf 86' lang='lat' dir='ltr'>brumalem.</span> <span class='ocrx_word' id='word_1_62' title='bbox 2420 991 2485 1056; x_wconf 92' lang='lat' dir='ltr'>N</span> <span class='ocrx_word' id='word_1_63' title='bbox 2483 1014 2613 1058; x_wconf 88' lang='lat' dir='ltr'>unc</span> <span class='ocrx_word' id='word_1_64' title='bbox 2639 1010 2707 1053; x_wconf 79' lang='grc'>45</span> 
     </span>
     <span class='ocr_line' id='line_1_8' title="bbox 374 1088 2613 1177; baseline 0.002 -24"><span class='ocrx_word' id='word_1_65' title='bbox 374 1090 682 1156; x_wconf 89' lang='lat' dir='ltr'>ambitum</span> <span class='ocrx_word' id='word_1_66' title='bbox 738 1091 874 1156; x_wconf 91' lang='lat' dir='ltr'>eius</span> <span class='ocrx_word' id='word_1_67' title='bbox 931 1088 1236 1174; x_wconf 83' lang='lat' dir='ltr'>urbisque</span> <span class='ocrx_word' id='word_1_68' title='bbox 1289 1089 1804 1154; x_wconf 81' lang='lat' dir='ltr'>enumerabimus</span> <span class='ocrx_word' id='word_1_69' title='bbox 1820 1139 1838 1168; x_wconf 94' lang='lat'>,</span> <span class='ocrx_word' id='word_1_70' title='bbox 1898 1113 2027 1174; x_wconf 91' lang='lat' dir='ltr'>qua</span> <span class='ocrx_word' id='word_1_71' title='bbox 2079 1092 2147 1155; x_wconf 91' lang='lat' dir='ltr'>in</span> <span class='ocrx_word' id='word_1_72' title='bbox 2203 1114 2274 1157; x_wconf 91' lang='lat' dir='ltr'>re</span> <span class='ocrx_word' id='word_1_73' title='bbox 2331 1093 2613 1177; x_wconf 81' lang='lat' dir='ltr'>praefari</span> 
     </span>
     <span class='ocr_line' id='line_1_9' title="bbox 369 1189 2614 1277; baseline 0.001 -22"><span class='ocrx_word' id='word_1_74' title='bbox 369 1190 797 1255; x_wconf 89' lang='lat' dir='ltr'>necessarium</span> <span class='ocrx_word' id='word_1_75' title='bbox 868 1201 966 1255; x_wconf 91' lang='lat' dir='ltr'>est</span> <span class='ocrx_word' id='word_1_76' title='bbox 1017 1200 1341 1255; x_wconf 80' lang='lat' dir='ltr'>auctorem</span> <span class='ocrx_word' id='word_1_77' title='bbox 1394 1212 1512 1254; x_wconf 93' lang='lat' dir='ltr'>nos</span> <span class='ocrx_word' id='word_1_78' title='bbox 1566 1189 1783 1254; x_wconf 85' lang='lat' dir='ltr'>divom</span> <span class='ocrx_word' id='word_1_79' title='bbox 1836 1190 2215 1277; x_wconf 89' lang='lat' dir='ltr'>Augustum</span> <span class='ocrx_word' id='word_1_80' title='bbox 2282 1204 2614 1260; x_wconf 74' lang='lat' dir='ltr'>secuturos</span> 
     </span>
     <span class='ocr_line' id='line_1_10' title="bbox 369 1289 2611 1379; baseline 0.002 -26"><span class='ocrx_word' id='word_1_81' title='bbox 369 1291 989 1377; x_wconf 85' lang='lat' dir='ltr'>descriptionemque</span> <span class='ocrx_word' id='word_1_82' title='bbox 1034 1290 1116 1355; x_wconf 91' lang='lat' dir='ltr'>ab</span> <span class='ocrx_word' id='word_1_83' title='bbox 1163 1312 1238 1354; x_wconf 91' lang='lat' dir='ltr'>eo</span> <span class='ocrx_word' id='word_1_84' title='bbox 1283 1290 1522 1353; x_wconf 86' lang='lat' dir='ltr'>factam</span> <span class='ocrx_word' id='word_1_85' title='bbox 1559 1289 1785 1355; x_wconf 88' lang='lat' dir='ltr'>Italiae</span> <span class='ocrx_word' id='word_1_86' title='bbox 1837 1292 2033 1356; x_wconf 89' lang='lat' dir='ltr'>totius</span> <span class='ocrx_word' id='word_1_87' title='bbox 2083 1292 2153 1356; x_wconf 92' lang='lat' dir='ltr'>in</span> <span class='ocrx_word' id='word_1_88' title='bbox 2200 1294 2494 1379; x_wconf 86' lang='lat' dir='ltr'>regiones</span> <span class='ocrx_word' id='word_1_89' title='bbox 2536 1317 2611 1357; x_wconf 75' lang='lat' dir='ltr'>XI</span> 
     </span>
     <span class='ocr_line' id='line_1_11' title="bbox 364 1390 2609 1477; baseline 0.001 -19"><span class='ocrx_word' id='word_1_90' title='bbox 364 1393 480 1458; x_wconf 89' lang='lat' dir='ltr'>sed</span> <span class='ocrx_word' id='word_1_91' title='bbox 523 1393 746 1458; x_wconf 90' lang='lat' dir='ltr'>ordine</span> <span class='ocrx_word' id='word_1_92' title='bbox 801 1415 877 1457; x_wconf 92' lang='lat' dir='ltr'>eo</span> <span class='ocrx_word' id='word_1_93' title='bbox 937 1391 1049 1475; x_wconf 90' lang='lat' dir='ltr'>qui</span> <span class='ocrx_word' id='word_1_94' title='bbox 1090 1391 1348 1455; x_wconf 88' lang='lat' dir='ltr'>litorum</span> <span class='ocrx_word' id='word_1_95' title='bbox 1394 1400 1604 1454; x_wconf 85' lang='lat' dir='ltr'>tractu</span> <span class='ocrx_word' id='word_1_96' title='bbox 1646 1390 1788 1468; x_wconf 84' lang='lat' dir='ltr'>fiet,</span> <span class='ocrx_word' id='word_1_97' title='bbox 1843 1392 2100 1458; x_wconf 90' lang='lat' dir='ltr'>urbium</span> <span class='ocrx_word' id='word_1_98' title='bbox 2145 1395 2408 1477; x_wconf 88' lang='lat' dir='ltr'>quidem</span> <span class='ocrx_word' id='word_1_99' title='bbox 2448 1396 2609 1460; x_wconf 84' lang='lat' dir='ltr'>vici-</span> 
     </span>
     <span class='ocr_line' id='line_1_12' title="bbox 363 1491 2614 1579; baseline 0.002 -23"><span class='ocrx_word' id='word_1_100' title='bbox 363 1492 612 1557; x_wconf 89' lang='lat' dir='ltr'>nitates·</span> <span class='ocrx_word' id='word_1_101' title='bbox 646 1493 929 1557; x_wconf 90' lang='lat' dir='ltr'>oratione</span> <span class='ocrx_word' id='word_1_102' title='bbox 972 1491 1195 1573; x_wconf 89' lang='lat' dir='ltr'>utique</span> <span class='ocrx_word' id='word_1_103' title='bbox 1237 1512 1669 1575; x_wconf 87' lang='lat' dir='ltr'>praepropera</span> <span class='ocrx_word' id='word_1_104' title='bbox 1709 1492 1952 1556; x_wconf 86' lang='lat' dir='ltr'>servari</span> <span class='ocrx_word' id='word_1_105' title='bbox 1980 1516 2109 1557; x_wconf 92' lang='lat' dir='ltr'>non</span> <span class='ocrx_word' id='word_1_106' title='bbox 2136 1516 2348 1579; x_wconf 91' lang='lat' dir='ltr'>posse,</span> <span class='ocrx_word' id='word_1_107' title='bbox 2392 1495 2614 1579; x_wconf 81' lang='lat' dir='ltr'>itaque</span> 
     </span>
     <span class='ocr_line' id='line_1_13' title="bbox 363 1574 2610 1681; baseline 0.002 -24"><span class='ocrx_word' id='word_1_108' title='bbox 363 1592 664 1657; x_wconf 86' lang='lat' dir='ltr'>interiore</span> <span class='ocrx_word' id='word_1_109' title='bbox 693 1601 879 1678; x_wconf 88' lang='lat' dir='ltr'>parte</span> <span class='ocrx_word' id='word_1_110' title='bbox 911 1574 1334 1676; x_wconf 88' lang='lat' dir='ltr'>digestionem</span> <span class='ocrx_word' id='word_1_111' title='bbox 1372 1590 1440 1652; x_wconf 90' lang='lat' dir='ltr'>in</span> <span class='ocrx_word' id='word_1_112' title='bbox 1471 1589 1720 1681; x_wconf 70' lang='lat' dir='ltr'>litteras</span> <span class='ocrx_word' id='word_1_113' title='bbox 1766 1592 2053 1658; x_wconf 91' lang='lat' dir='ltr'>eiusdem</span> <span class='ocrx_word' id='word_1_114' title='bbox 2095 1593 2213 1658; x_wconf 85' lang='lat' dir='ltr'>nos</span> <span class='ocrx_word' id='word_1_115' title='bbox 2259 1606 2610 1673; x_wconf 85' lang='lat' dir='ltr'>secuturos,</span> 
     </span>
     <span class='ocr_line' id='line_1_14' title="bbox 368 1691 2609 1781; baseline 0.001 -21"><span class='ocrx_word' id='word_1_116' title='bbox 368 1694 757 1760; x_wconf 81' lang='lat' dir='ltr'>coloniarum</span> <span class='ocrx_word' id='word_1_117' title='bbox 800 1692 1124 1757; x_wconf 87' lang='lat' dir='ltr'>mentione</span> <span class='ocrx_word' id='word_1_118' title='bbox 1167 1691 1418 1775; x_wconf 86' lang='lat' dir='ltr'>signata</span> <span class='ocrx_word' id='word_1_119' title='bbox 1461 1713 1626 1775; x_wconf 89' lang='lat' dir='ltr'>quas</span> <span class='ocrx_word' id='word_1_120' title='bbox 1667 1691 1775 1757; x_wconf 88' lang='lat' dir='ltr'>ille</span> <span class='ocrx_word' id='word_1_121' title='bbox 1808 1693 1877 1756; x_wconf 89' lang='lat' dir='ltr'>in</span> <span class='ocrx_word' id='word_1_122' title='bbox 1912 1715 1991 1758; x_wconf 91' lang='lat' dir='ltr'>eo</span> <span class='ocrx_word' id='word_1_123' title='bbox 2016 1695 2300 1781; x_wconf 84' lang='lat' dir='ltr'>prodidit</span> <span class='ocrx_word' id='word_1_124' title='bbox 2322 1718 2609 1763; x_wconf 90' lang='lat' dir='ltr'>numero.</span> 
     </span>
     <span class='ocr_line' id='line_1_15' title="bbox 364 1789 2613 1883; baseline 0.002 -25"><span class='ocrx_word' id='word_1_125' title='bbox 364 1793 505 1859; x_wconf 88' lang='lat' dir='ltr'>Nec</span> <span class='ocrx_word' id='word_1_126' title='bbox 548 1794 708 1858; x_wconf 86' lang='lat' dir='ltr'>situs</span> <span class='ocrx_word' id='word_1_127' title='bbox 748 1792 1154 1877; x_wconf 90' lang='lat' dir='ltr'>originesque</span> <span class='ocrx_word' id='word_1_128' title='bbox 1194 1790 1499 1874; x_wconf 84' lang='lat' dir='ltr'>persequi</span> <span class='ocrx_word' id='word_1_129' title='bbox 1533 1789 1724 1857; x_wconf 87' lang='lat' dir='ltr'>facile</span> <span class='ocrx_word' id='word_1_130' title='bbox 1756 1802 1874 1870; x_wconf 87' lang='lat' dir='ltr'>est,</span> <span class='ocrx_word' id='word_1_131' title='bbox 1918 1792 2229 1881; x_wconf 86' lang='lat' dir='ltr'>Ingaunis</span> <span class='ocrx_word' id='word_1_132' title='bbox 2255 1795 2613 1883; x_wconf 83' lang='lat' dir='ltr'>Liguribus</span> 
     </span>
     <span class='ocr_line' id='line_1_16' title="bbox 362 1889 1888 1978; baseline 0 -20"><span class='ocrx_word' id='word_1_133' title='bbox 362 1894 477 1978; x_wconf 87' lang='lat' dir='ltr'>(ut</span> <span class='ocrx_word' id='word_1_134' title='bbox 521 1893 717 1958; x_wconf 90' lang='lat' dir='ltr'>ceteri</span> <span class='ocrx_word' id='word_1_135' title='bbox 761 1889 1169 1976; x_wconf 88' lang='lat' dir='ltr'>omittantur)</span> <span class='ocrx_word' id='word_1_136' title='bbox 1215 1913 1370 1976; x_wconf 89' lang='lat' dir='ltr'>agro</span> <span class='ocrx_word' id='word_1_137' title='bbox 1414 1890 1674 1956; x_wconf 80' lang='lat' dir='ltr'>triciens</span> <span class='ocrx_word' id='word_1_138' title='bbox 1717 1893 1888 1958; x_wconf 87' lang='lat' dir='ltr'>dato.</span> 
     </span>
    </p>
   </div>
   <div class='ocr_carea' id='block_1_3' title="bbox 367 2055 2613 4340">
    <p class='ocr_par' dir='ltr' id='par_1_3' title="bbox 367 2055 2610 2509">
     <span class='ocr_line' id='line_1_17' title="bbox 433 2055 2609 2124; baseline 0.003 -16"><span class='ocrx_word' id='word_1_139' title='bbox 433 2061 463 2122; x_wconf 66' lang='grc'><strong>5</strong></span> <span class='ocrx_word' id='word_1_140' title='bbox 498 2064 578 2108; x_wconf 87' lang='grc'>45.</span> <span class='ocrx_word' id='word_1_141' title='bbox 615 2055 833 2117; x_wconf 82' lang='lat' dir='ltr'>Histria,</span> <span class='ocrx_word' id='word_1_142' title='bbox 868 2071 914 2105; x_wconf 89' lang='grc' dir='ltr'>σ.</span> <span class='ocrx_word' id='word_1_143' title='bbox 969 2056 1113 2106; x_wconf 85' lang='lat' dir='ltr'>Haec</span> <span class='ocrx_word' id='word_1_144' title='bbox 1146 2056 1408 2119; x_wconf 85' lang='lat' dir='ltr'>descripsit</span> <span class='ocrx_word' id='word_1_145' title='bbox 1439 2057 1676 2105; x_wconf 84' lang='lat' dir='ltr'>Martian.</span> <span class='ocrx_word' id='word_1_146' title='bbox 1714 2063 1758 2113; x_wconf 81' lang='lat'>6,</span> <span class='ocrx_word' id='word_1_147' title='bbox 1795 2063 1908 2107; x_wconf 85' lang='grc'><strong>639.</strong></span> <span class='ocrx_word' id='word_1_148' title='bbox 1956 2098 2020 2108; x_wconf 70' lang='grc'><strong>-</strong></span> <span class='ocrx_word' id='word_1_149' title='bbox 2075 2059 2407 2124; x_wconf 82' lang='lat' dir='ltr'>adoliburnia,</span> <span class='ocrx_word' id='word_1_150' title='bbox 2438 2067 2499 2116; x_wconf 82' lang='lat' dir='ltr'>R.</span> <span class='ocrx_word' id='word_1_151' title='bbox 2545 2106 2609 2117; x_wconf 82' lang='grc'>-</span> 
     </span>
     <span class='ocr_line' id='line_1_18' title="bbox 367 2115 2609 2192; baseline 0.003 -17"><span class='ocrx_word' id='word_1_152' title='bbox 367 2126 556 2190; x_wconf 67' lang='lat' dir='ltr'>quibam,</span> <span class='ocrx_word' id='word_1_153' title='bbox 579 2127 644 2175; x_wconf 83' lang='lat' dir='ltr'>R.</span> <span class='ocrx_word' id='word_1_154' title='bbox 674 2165 736 2173; x_wconf 83' lang='grc'>-.</span> <span class='ocrx_word' id='word_1_155' title='bbox 772 2133 985 2184; x_wconf 86' lang='lat' dir='ltr'>centena,</span> <span class='ocrx_word' id='word_1_156' title='bbox 1009 2115 1232 2172; x_wconf 74' lang='lat' dir='ltr'>RAGd.</span> <span class='ocrx_word' id='word_1_157' title='bbox 1268 2132 1467 2184; x_wconf 82' lang='lat' dir='ltr'>centum,</span> <span class='ocrx_word' id='word_1_158' title='bbox 1492 2118 1548 2184; x_wconf 75' lang='grc' dir='ltr'>β.</span> <span class='ocrx_word' id='word_1_159' title='bbox 1577 2164 1639 2171; x_wconf 80' lang='grc'>-</span> <span class='ocrx_word' id='word_1_160' title='bbox 1671 2120 1810 2185; x_wconf 83' lang='lat' dir='ltr'>CCC,</span> <span class='ocrx_word' id='word_1_161' title='bbox 1833 2126 2031 2176; x_wconf 80' lang='lat' dir='ltr'>Broter.</span> <span class='ocrx_word' id='word_1_162' title='bbox 2055 2141 2105 2192; x_wconf 79' lang='lat' dir='ltr'>r.</span> <span class='ocrx_word' id='word_1_163' title='bbox 2135 2169 2196 2178; x_wconf 75' lang='grc'><strong>-</strong></span> <span class='ocrx_word' id='word_1_164' title='bbox 2223 2139 2311 2191; x_wconf 81' lang='lat' dir='ltr'>est,</span> <span class='ocrx_word' id='word_1_165' title='bbox 2334 2125 2518 2182; x_wconf 77' lang='grc' dir='ltr'><strong>ΒΑΘ.</strong></span> <span class='ocrx_word' id='word_1_166' title='bbox 2546 2153 2609 2182; x_wconf 79' lang='grc'>-·</span> 
     </span>
     <span class='ocr_line' id='line_1_19' title="bbox 367 2187 2609 2254; baseline 0.002 -11"><span class='ocrx_word' id='word_1_167' title='bbox 367 2193 604 2253; x_wconf 85' lang='lat' dir='ltr'>affirmat,</span> <span class='ocrx_word' id='word_1_168' title='bbox 629 2187 728 2253; x_wconf 80' lang='grc' dir='ltr'>ᾶβ.</span> <span class='ocrx_word' id='word_1_169' title='bbox 768 2232 831 2240; x_wconf 81' lang='grc'>..-</span> <span class='ocrx_word' id='word_1_170' title='bbox 869 2189 946 2251; x_wconf 72' lang='lat' dir='ltr'>M</span> <span class='ocrx_word' id='word_1_171' title='bbox 972 2206 1071 2240; x_wconf 92' lang='lat' dir='ltr'>om.</span> <span class='ocrx_word' id='word_1_172' title='bbox 1096 2194 1144 2241; x_wconf 89' lang='lat' dir='ltr'>d.</span> <span class='ocrx_word' id='word_1_173' title='bbox 1183 2231 1246 2238; x_wconf 79' lang='grc'>-</span> <span class='ocrx_word' id='word_1_174' title='bbox 1283 2191 1354 2240; x_wconf 84' lang='lat' dir='ltr'>ad</span> <span class='ocrx_word' id='word_1_175' title='bbox 1376 2189 1617 2251; x_wconf 84' lang='lat' dir='ltr'>Siciliam,</span> <span class='ocrx_word' id='word_1_176' title='bbox 1640 2193 1701 2241; x_wconf 98' lang='lat' dir='ltr'>T.</span> <span class='ocrx_word' id='word_1_177' title='bbox 1741 2233 1803 2241; x_wconf 70' lang='grc'>-</span> <span class='ocrx_word' id='word_1_178' title='bbox 1844 2189 2061 2254; x_wconf 78' lang='lat' dir='ltr'>Corsica,</span> <span class='ocrx_word' id='word_1_179' title='bbox 2096 2199 2240 2247; x_wconf 86' lang='lat' dir='ltr'>codd.</span> <span class='ocrx_word' id='word_1_180' title='bbox 2275 2198 2452 2249; x_wconf 69' lang='lat' dir='ltr'>Galen.</span> <span class='ocrx_word' id='word_1_181' title='bbox 2491 2198 2609 2250; x_wconf 83' lang='lat' dir='ltr'>Gor-</span> 
     </span>
     <span class='ocr_line' id='line_1_20' title="bbox 367 2254 2608 2331; baseline 0.013 -42"><span class='ocrx_word' id='word_1_182' title='bbox 367 2278 393 2309; x_wconf 60' lang='grc' dir='ltr'><strong><em>ο</em></strong></span> <span class='ocrx_word' id='word_1_183' title='bbox 427 2277 501 2318; x_wconf 57' lang='lat' dir='ltr'>ra,</span> <span class='ocrx_word' id='word_1_184' title='bbox 533 2254 792 2320; x_wconf 68' lang='lat' dir='ltr'>R²Adss.</span> <span class='ocrx_word' id='word_1_185' title='bbox 844 2254 1043 2322; x_wconf 50' lang='lat' dir='ltr'>Omra,</span> <span class='ocrx_word' id='word_1_186' title='bbox 1074 2258 1174 2308; x_wconf 85' lang='lat' dir='ltr'>R¹.</span> <span class='ocrx_word' id='word_1_187' title='bbox 1223 2298 1287 2306; x_wconf 82' lang='grc'>.-.</span> <span class='ocrx_word' id='word_1_188' title='bbox 1331 2255 1517 2318; x_wconf 89' lang='lat' dir='ltr'>LXX,</span> <span class='ocrx_word' id='word_1_189' title='bbox 1551 2261 1599 2308; x_wconf 87' lang='lat' dir='ltr'>d.</span> <span class='ocrx_word' id='word_1_190' title='bbox 1641 2259 1883 2320; x_wconf 89' lang='lat' dir='ltr'><strong><em>LXXX,</em></strong></span> <span class='ocrx_word' id='word_1_191' title='bbox 1914 2254 2141 2326; x_wconf 74' lang='lat' dir='ltr'>RAGr.</span> <span class='ocrx_word' id='word_1_192' title='bbox 2204 2265 2322 2314; x_wconf 88' lang='lat' dir='ltr'>Vid.</span> <span class='ocrx_word' id='word_1_193' title='bbox 2354 2269 2608 2331; x_wconf 84' lang='lat' dir='ltr'>Forbiger.</span> 
     </span>
     <span class='ocr_line' id='line_1_21' title="bbox 370 2279 2609 2390; baseline 0.004 -15"><span class='ocrx_word' id='word_1_194' title='bbox 370 2279 575 2377; x_wconf 48' lang='lat' dir='ltr'>ganah.</span> <span class='ocrx_word' id='word_1_195' title='bbox 602 2327 649 2377; x_wconf 88' lang='lat' dir='ltr'>d.</span> <span class='ocrx_word' id='word_1_196' title='bbox 676 2325 761 2376; x_wconf 89' lang='lat' dir='ltr'>alt.</span> <span class='ocrx_word' id='word_1_197' title='bbox 793 2323 969 2390; x_wconf 74' lang='lat' dir='ltr'>Geoyr.</span> <span class='ocrx_word' id='word_1_198' title='bbox 1001 2327 1045 2387; x_wconf 92' lang='lat' dir='ltr'>I,</span> <span class='ocrx_word' id='word_1_199' title='bbox 1069 2329 1184 2375; x_wconf 87' lang='grc'><strong>397.</strong></span> <span class='ocrx_word' id='word_1_200' title='bbox 1211 2326 1328 2374; x_wconf 91' lang='lat' dir='ltr'>coll.</span> <span class='ocrx_word' id='word_1_201' title='bbox 1354 2323 1384 2384; x_wconf 66' lang='grc' dir='ltr'>ξ</span> <span class='ocrx_word' id='word_1_202' title='bbox 1410 2331 1491 2375; x_wconf 93' lang='grc'>80.</span> <span class='ocrx_word' id='word_1_203' title='bbox 1530 2367 1592 2375; x_wconf 85' lang='grc'>..</span> <span class='ocrx_word' id='word_1_204' title='bbox 1630 2325 1758 2387; x_wconf 69' lang='lat' dir='ltr'>Ista,</span> <span class='ocrx_word' id='word_1_205' title='bbox 1782 2329 1832 2377; x_wconf 87' lang='lat' dir='ltr'>R</span> <span class='ocrx_word' id='word_1_206' title='bbox 1856 2326 1899 2390; x_wconf 82' lang='lat' dir='ltr'>(t</span> <span class='ocrx_word' id='word_1_207' title='bbox 1928 2331 1981 2377; x_wconf 90' lang='lat' dir='ltr'>in</span> <span class='ocrx_word' id='word_1_208' title='bbox 2015 2344 2137 2379; x_wconf 87' lang='lat' dir='ltr'>corr.</span> <span class='ocrx_word' id='word_1_209' title='bbox 2190 2333 2238 2381; x_wconf 89' lang='lat' dir='ltr'>d.</span> <span class='ocrx_word' id='word_1_210' title='bbox 2277 2373 2340 2381; x_wconf 80' lang='grc'><strong>-</strong></span> <span class='ocrx_word' id='word_1_211' title='bbox 2377 2336 2440 2384; x_wconf 85' lang='lat' dir='ltr'>ab</span> <span class='ocrx_word' id='word_1_212' title='bbox 2472 2335 2609 2385; x_wconf 87' lang='lat' dir='ltr'>meri-</span> 
     </span>
     <span class='ocr_line' id='line_1_22' title="bbox 376 2390 2610 2509; baseline 0.004 -65"><span class='ocrx_word' id='word_1_213' title='bbox 376 2393 472 2456; x_wconf 83' lang='lat' dir='ltr'>die,</span> <span class='ocrx_word' id='word_1_214' title='bbox 496 2396 560 2446; x_wconf 80' lang='lat' dir='ltr'>R.</span> <span class='ocrx_word' id='word_1_215' title='bbox 599 2436 663 2445; x_wconf 84' lang='grc'>..-</span> <span class='ocrx_word' id='word_1_216' title='bbox 712 2394 810 2461; x_wconf 81' lang='lat' dir='ltr'>qui,</span> <span class='ocrx_word' id='word_1_217' title='bbox 833 2396 929 2509; x_wconf 54' lang='lat'>13¹.</span> <span class='ocrx_word' id='word_1_218' title='bbox 976 2395 1103 2459; x_wconf 74' lang='lat' dir='ltr'>quis,</span> <span class='ocrx_word' id='word_1_219' title='bbox 1127 2394 1190 2443; x_wconf 92' lang='lat' dir='ltr'>T.</span> <span class='ocrx_word' id='word_1_220' title='bbox 1241 2391 1350 2456; x_wconf 78' lang='lat' dir='ltr'>quis</span> <span class='ocrx_word' id='word_1_221' title='bbox 1383 2390 1454 2455; x_wconf 79' lang='lat' dir='ltr'>id,</span> <span class='ocrx_word' id='word_1_222' title='bbox 1486 2390 1786 2459; x_wconf 67' lang='lat' dir='ltr'>R2Adssr.</span> <span class='ocrx_word' id='word_1_223' title='bbox 1834 2395 1940 2460; x_wconf 76' lang='lat' dir='ltr'>quis</span> <span class='ocrx_word' id='word_1_224' title='bbox 1972 2397 2074 2459; x_wconf 78' lang='lat' dir='ltr'>hoc,</span> <span class='ocrx_word' id='word_1_225' title='bbox 2150 2435 2162 2447; x_wconf 97' lang='lat'>.</span> <span class='ocrx_word' id='word_1_226' title='bbox 2204 2439 2261 2448; x_wconf 82' lang='grc'>..</span> <span class='ocrx_word' id='word_1_227' title='bbox 2301 2400 2470 2465; x_wconf 69' lang='lat' dir='ltr'>exiyat</span> <span class='ocrx_word' id='word_1_228' title='bbox 2493 2401 2610 2453; x_wconf 81' lang='lat' dir='ltr'>dili·</span> 
     </span>
    </p>

    <p class='ocr_par' dir='ltr' id='par_1_4' title="bbox 402 2462 896 2513">
     <span class='ocr_line' id='line_1_23' title="bbox 402 2462 896 2513; baseline 0.002 -3"><span class='ocrx_word' id='word_1_229' title='bbox 402 2463 505 2512; x_wconf 84' lang='lat' dir='ltr'>enti</span> <span class='ocrx_word' id='word_1_230' title='bbox 525 2462 793 2513; x_wconf 74' lang='lat' dir='ltr'>subtilitate</span> <span class='ocrx_word' id='word_1_231' title='bbox 884 2499 896 2511; x_wconf 97' lang='lat'>.</span> 
     </span>
    </p>

    <p class='ocr_par' dir='ltr' id='par_1_5' title="bbox 367 2480 2611 2861">
     <span class='ocr_line' id='line_1_24' title="bbox 367 2480 2611 2600; baseline 0.004 -21"><span class='ocrx_word' id='word_1_232' title='bbox 367 2480 400 2527; x_wconf 69' lang='grc'><em>9</em></span> <span class='ocrx_word' id='word_1_233' title='bbox 439 2528 575 2589; x_wconf 64' lang='grc' dir='ltr'><strong>ξ46.</strong></span> <span class='ocrx_word' id='word_1_234' title='bbox 613 2499 861 2593; x_wconf 64' lang='lat' dir='ltr'>urbisqz’te,</span> <span class='ocrx_word' id='word_1_235' title='bbox 894 2530 960 2579; x_wconf 92' lang='lat' dir='ltr'>A.</span> <span class='ocrx_word' id='word_1_236' title='bbox 1001 2570 1063 2578; x_wconf 77' lang='grc'>-.</span> <span class='ocrx_word' id='word_1_237' title='bbox 1102 2528 1270 2592; x_wconf 84' lang='lat' dir='ltr'>quiin,</span> <span class='ocrx_word' id='word_1_238' title='bbox 1295 2529 1361 2578; x_wconf 88' lang='lat' dir='ltr'>K.</span> <span class='ocrx_word' id='word_1_239' title='bbox 1400 2568 1463 2576; x_wconf 83' lang='lat'>.-</span> <span class='ocrx_word' id='word_1_240' title='bbox 1498 2536 1729 2589; x_wconf 81' lang='lat' dir='ltr'>tractatu,</span> <span class='ocrx_word' id='word_1_241' title='bbox 1761 2530 1939 2580; x_wconf 90' lang='lat' dir='ltr'>Ambr.</span> <span class='ocrx_word' id='word_1_242' title='bbox 1965 2529 2007 2581; x_wconf 92' lang='grc' dir='ltr'>Ι.</span> <span class='ocrx_word' id='word_1_243' title='bbox 2031 2531 2102 2580; x_wconf 90' lang='grc' dir='ltr'>Π.</span> <span class='ocrx_word' id='word_1_244' title='bbox 2140 2574 2203 2582; x_wconf 85' lang='grc'>-.</span> <span class='ocrx_word' id='word_1_245' title='bbox 2223 2535 2334 2597; x_wconf 84' lang='lat' dir='ltr'>fiet,</span> <span class='ocrx_word' id='word_1_246' title='bbox 2359 2536 2483 2585; x_wconf 86' lang='lat' dir='ltr'>RA.</span> <span class='ocrx_word' id='word_1_247' title='bbox 2512 2538 2611 2600; x_wconf 86' lang='lat' dir='ltr'>fie-</span> 
     </span>
     <span class='ocr_line' id='line_1_25' title="bbox 372 2591 2611 2664; baseline 0.005 -22"><span class='ocrx_word' id='word_1_248' title='bbox 372 2606 458 2657; x_wconf 84' lang='lat' dir='ltr'>ret,</span> <span class='ocrx_word' id='word_1_249' title='bbox 490 2597 616 2646; x_wconf 85' lang='lat' dir='ltr'>Td2</span> <span class='ocrx_word' id='word_1_250' title='bbox 647 2593 849 2657; x_wconf 88' lang='lat' dir='ltr'>(Ambr.</span> <span class='ocrx_word' id='word_1_251' title='bbox 883 2596 925 2645; x_wconf 91' lang='grc' dir='ltr'>Ι.</span> <span class='ocrx_word' id='word_1_252' title='bbox 961 2591 1059 2659; x_wconf 91' lang='grc' dir='ltr'><strong>ῙῙ.)</strong></span> <span class='ocrx_word' id='word_1_253' title='bbox 1089 2596 1238 2659; x_wconf 86' lang='lat' dir='ltr'>seret,</span> <span class='ocrx_word' id='word_1_254' title='bbox 1278 2599 1313 2646; x_wconf 89' lang='lat' dir='ltr'>d</span> <span class='ocrx_word' id='word_1_255' title='bbox 1332 2598 1362 2644; x_wconf 85' lang='lat'>¹.</span> <span class='ocrx_word' id='word_1_256' title='bbox 1403 2633 1459 2643; x_wconf 80' lang='grc'>...</span> <span class='ocrx_word' id='word_1_257' title='bbox 1510 2595 1744 2658; x_wconf 81' lang='lat' dir='ltr'>oratione,</span> <span class='ocrx_word' id='word_1_258' title='bbox 1776 2597 1844 2646; x_wconf 91' lang='lat' dir='ltr'>A.</span> <span class='ocrx_word' id='word_1_259' title='bbox 1899 2599 2228 2661; x_wconf 81' lang='lat' dir='ltr'>ordinatione,</span> <span class='ocrx_word' id='word_1_260' title='bbox 2263 2602 2301 2652; x_wconf 82' lang='lat' dir='ltr'>S</span> <span class='ocrx_word' id='word_1_261' title='bbox 2334 2600 2535 2664; x_wconf 88' lang='lat' dir='ltr'>(Ambr.</span> <span class='ocrx_word' id='word_1_262' title='bbox 2568 2606 2611 2654; x_wconf 94' lang='lat'>1.</span> 
     </span>
     <span class='ocr_line' id='line_1_26' title="bbox 369 2661 2608 2731; baseline 0.004 -19"><span class='ocrx_word' id='word_1_263' title='bbox 369 2661 469 2724; x_wconf 92' lang='grc' dir='ltr'>Π.)</span> <span class='ocrx_word' id='word_1_264' title='bbox 506 2679 667 2712; x_wconf 85' lang='lat' dir='ltr'>eorum</span> <span class='ocrx_word' id='word_1_265' title='bbox 701 2662 1022 2725; x_wconf 84' lang='lat' dir='ltr'>ordinatione,</span> <span class='ocrx_word' id='word_1_266' title='bbox 1055 2664 1221 2713; x_wconf 86' lang='lat' dir='ltr'>RTd.</span> <span class='ocrx_word' id='word_1_267' title='bbox 1259 2703 1322 2712; x_wconf 82' lang='grc'><strong>-</strong></span> <span class='ocrx_word' id='word_1_268' title='bbox 1352 2679 1585 2727; x_wconf 84' lang='lat' dir='ltr'>propera,</span> <span class='ocrx_word' id='word_1_269' title='bbox 1611 2665 1694 2713; x_wconf 87' lang='lat' dir='ltr'>d¹.</span> <span class='ocrx_word' id='word_1_270' title='bbox 1726 2680 1975 2729; x_wconf 85' lang='lat' dir='ltr'>prospera</span> <span class='ocrx_word' id='word_1_271' title='bbox 2013 2669 2081 2716; x_wconf 83' lang='lat' dir='ltr'>d²</span> <span class='ocrx_word' id='word_1_272' title='bbox 2104 2664 2296 2729; x_wconf 84' lang='lat' dir='ltr'>(Vatic.</span> <span class='ocrx_word' id='word_1_273' title='bbox 2333 2668 2510 2731; x_wconf 92' lang='grc'><strong>3533.)</strong></span> <span class='ocrx_word' id='word_1_274' title='bbox 2548 2712 2608 2719; x_wconf 81' lang='grc'>-.</span> 
     </span>
     <span class='ocr_line' id='line_1_27' title="bbox 371 2726 2610 2800; baseline 0.004 -25"><span class='ocrx_word' id='word_1_275' title='bbox 371 2728 615 2790; x_wconf 80' lang='lat' dir='ltr'>interiore,</span> <span class='ocrx_word' id='word_1_276' title='bbox 646 2730 874 2779; x_wconf 82' lang='lat' dir='ltr'>RATd.</span> <span class='ocrx_word' id='word_1_277' title='bbox 911 2729 1148 2790; x_wconf 81' lang='lat' dir='ltr'>interiori,</span> <span class='ocrx_word' id='word_1_278' title='bbox 1182 2726 1281 2795; x_wconf 76' lang='grc' dir='ltr'>βγ.</span> <span class='ocrx_word' id='word_1_279' title='bbox 1321 2771 1382 2778; x_wconf 76' lang='grc'><strong>-</strong></span> <span class='ocrx_word' id='word_1_280' title='bbox 1413 2738 1574 2793; x_wconf 80' lang='lat' dir='ltr'>parte,</span> <span class='ocrx_word' id='word_1_281' title='bbox 1598 2730 1665 2778; x_wconf 90' lang='lat' dir='ltr'>A.</span> <span class='ocrx_word' id='word_1_282' title='bbox 1701 2729 1752 2778; x_wconf 86' lang='lat' dir='ltr'>in</span> <span class='ocrx_word' id='word_1_283' title='bbox 1770 2740 1933 2795; x_wconf 85' lang='lat' dir='ltr'>parte,</span> <span class='ocrx_word' id='word_1_284' title='bbox 2007 2747 2055 2796; x_wconf 78' lang='lat' dir='ltr'>r.</span> <span class='ocrx_word' id='word_1_285' title='bbox 2095 2735 2231 2783; x_wconf 78' lang='lat' dir='ltr'>exin</span> <span class='ocrx_word' id='word_1_286' title='bbox 2256 2744 2425 2800; x_wconf 85' lang='lat' dir='ltr'>parte,</span> <span class='ocrx_word' id='word_1_287' title='bbox 2449 2737 2610 2788; x_wconf 80' lang='lat' dir='ltr'>RTd.</span> 
     </span>
     <span class='ocr_line' id='line_1_28' title="bbox 374 2794 1969 2861; baseline 0.003 -15"><span class='ocrx_word' id='word_1_288' title='bbox 374 2836 437 2846; x_wconf 78' lang='grc'><strong>.-</strong></span> <span class='ocrx_word' id='word_1_289' title='bbox 462 2795 719 2861; x_wconf 77' lang='lat' dir='ltr'>Inqaunis,</span> <span class='ocrx_word' id='word_1_290' title='bbox 742 2798 847 2847; x_wconf 86' lang='lat' dir='ltr'>Rd.</span> <span class='ocrx_word' id='word_1_291' title='bbox 883 2795 1139 2857; x_wconf 78' lang='lat' dir='ltr'>Incaunis,</span> <span class='ocrx_word' id='word_1_292' title='bbox 1161 2798 1229 2846; x_wconf 92' lang='lat' dir='ltr'>A.</span> <span class='ocrx_word' id='word_1_293' title='bbox 1267 2798 1316 2846; x_wconf 81' lang='lat' dir='ltr'>in</span> <span class='ocrx_word' id='word_1_294' title='bbox 1348 2794 1559 2858; x_wconf 77' lang='lat' dir='ltr'>G&#39;aunis,</span> <span class='ocrx_word' id='word_1_295' title='bbox 1582 2811 1631 2847; x_wconf 85' lang='grc' dir='ltr'>σ.</span> <span class='ocrx_word' id='word_1_296' title='bbox 1670 2838 1732 2846; x_wconf 78' lang='grc'>...</span> <span class='ocrx_word' id='word_1_297' title='bbox 1769 2798 1882 2859; x_wconf 63' lang='lat' dir='ltr'>ceri,</span> <span class='ocrx_word' id='word_1_298' title='bbox 1905 2801 1969 2850; x_wconf 79' lang='lat' dir='ltr'>R.</span> 
     </span>
    </p>

    <p class='ocr_par' dir='ltr' id='par_1_6' title="bbox 367 2858 2613 4340">
     <span class='ocr_line' id='line_1_29' title="bbox 441 2858 2611 2931; baseline 0.003 -19"><span class='ocrx_word' id='word_1_299' title='bbox 441 2858 470 2920; x_wconf 67' lang='grc' dir='ltr'>ἓ</span> <span class='ocrx_word' id='word_1_300' title='bbox 496 2869 577 2913; x_wconf 92' lang='grc'>47.</span> <span class='ocrx_word' id='word_1_301' title='bbox 614 2864 857 2928; x_wconf 82' lang='lat' dir='ltr'>oppidum,</span> <span class='ocrx_word' id='word_1_302' title='bbox 881 2880 981 2913; x_wconf 89' lang='lat' dir='ltr'>om.</span> <span class='ocrx_word' id='word_1_303' title='bbox 1006 2865 1073 2914; x_wconf 91' lang='lat' dir='ltr'>A.</span> <span class='ocrx_word' id='word_1_304' title='bbox 1113 2905 1175 2912; x_wconf 74' lang='lat'>-..</span> <span class='ocrx_word' id='word_1_305' title='bbox 1221 2862 1401 2924; x_wconf 83' lang='lat' dir='ltr'>Paulo,</span> <span class='ocrx_word' id='word_1_306' title='bbox 1429 2864 1631 2914; x_wconf 83' lang='lat' dir='ltr'>Cluver.</span> <span class='ocrx_word' id='word_1_307' title='bbox 1663 2866 1779 2914; x_wconf 85' lang='lat' dir='ltr'>Ital.</span> <span class='ocrx_word' id='word_1_308' title='bbox 1813 2874 1915 2915; x_wconf 87' lang='lat' dir='ltr'>ant.</span> <span class='ocrx_word' id='word_1_309' title='bbox 1950 2866 1990 2915; x_wconf 91' lang='lat'>1.</span> <span class='ocrx_word' id='word_1_310' title='bbox 2018 2874 2063 2917; x_wconf 85' lang='lat'>9.</span> <span class='ocrx_word' id='word_1_311' title='bbox 2087 2882 2135 2931; x_wconf 91' lang='lat' dir='ltr'>p.</span> <span class='ocrx_word' id='word_1_312' title='bbox 2160 2875 2241 2918; x_wconf 82' lang='lat'>44.</span> <span class='ocrx_word' id='word_1_313' title='bbox 2273 2877 2326 2919; x_wconf 84' lang='lat' dir='ltr'>et.</span> <span class='ocrx_word' id='word_1_314' title='bbox 2355 2871 2611 2931; x_wconf 83' lang='lat' dir='ltr'>Danville,</span> 
     </span>
     <span class='ocr_line' id='line_1_30' title="bbox 371 2923 2610 2998; baseline 0.004 -19"><span class='ocrx_word' id='word_1_315' title='bbox 371 2932 538 2980; x_wconf 86' lang='lat' dir='ltr'>notice</span> <span class='ocrx_word' id='word_1_316' title='bbox 558 2938 651 2980; x_wconf 87' lang='lat' dir='ltr'>etc.</span> <span class='ocrx_word' id='word_1_317' title='bbox 670 2947 720 2996; x_wconf 90' lang='lat' dir='ltr'>p.</span> <span class='ocrx_word' id='word_1_318' title='bbox 742 2938 854 2981; x_wconf 87' lang='lat'>513.</span> <span class='ocrx_word' id='word_1_319' title='bbox 873 2929 1019 2992; x_wconf 90' lang='lat' dir='ltr'>Palo,</span> <span class='ocrx_word' id='word_1_320' title='bbox 1037 2933 1108 2981; x_wconf 71' lang='lat' dir='ltr'>R*</span> <span class='ocrx_word' id='word_1_321' title='bbox 1123 2932 1189 2981; x_wconf 89' lang='lat' dir='ltr'>A.</span> <span class='ocrx_word' id='word_1_322' title='bbox 1209 2929 1368 2993; x_wconf 87' lang='lat' dir='ltr'>Pado,</span> <span class='ocrx_word' id='word_1_323' title='bbox 1389 2933 1439 2981; x_wconf 86' lang='lat' dir='ltr'>R</span> <span class='ocrx_word' id='word_1_324' title='bbox 1452 2923 1684 2991; x_wconf 70' lang='grc' dir='ltr'>2θΤ(1σ’,</span> <span class='ocrx_word' id='word_1_325' title='bbox 1710 2936 1845 2994; x_wconf 91' lang='lat' dir='ltr'>quod</span> <span class='ocrx_word' id='word_1_326' title='bbox 1868 2936 2056 2997; x_wconf 86' lang='lat' dir='ltr'>recepit</span> <span class='ocrx_word' id='word_1_327' title='bbox 2072 2936 2229 2985; x_wconf 85' lang='lat' dir='ltr'>Hard.</span> <span class='ocrx_word' id='word_1_328' title='bbox 2248 2935 2610 2998; x_wconf 74' lang='lat' dir='ltr'>Padus,Vatic.</span> 
     </span>
     <span class='ocr_line' id='line_1_31' title="bbox 374 2994 2611 3070; baseline 0.003 -23"><span class='ocrx_word' id='word_1_329' title='bbox 374 3005 522 3049; x_wconf 88' lang='grc'><strong>3533.</strong></span> <span class='ocrx_word' id='word_1_330' title='bbox 545 2994 603 3060; x_wconf 80' lang='grc' dir='ltr'>β.</span> <span class='ocrx_word' id='word_1_331' title='bbox 632 3039 694 3047; x_wconf 90' lang='grc'>...</span> <span class='ocrx_word' id='word_1_332' title='bbox 729 2997 974 3062; x_wconf 83' lang='lat' dir='ltr'>Inalpini,</span> <span class='ocrx_word' id='word_1_333' title='bbox 996 3000 1203 3049; x_wconf 82' lang='lat' dir='ltr'>Barbar.</span> <span class='ocrx_word' id='word_1_334' title='bbox 1240 2999 1291 3048; x_wconf 86' lang='lat' dir='ltr'>in</span> <span class='ocrx_word' id='word_1_335' title='bbox 1316 2996 1519 3062; x_wconf 79' lang='lat' dir='ltr'>alpinis,</span> <span class='ocrx_word' id='word_1_336' title='bbox 1543 2998 1812 3049; x_wconf 76' lang='lat' dir='ltr'>RATdc.</span> <span class='ocrx_word' id='word_1_337' title='bbox 1839 3040 1901 3049; x_wconf 73' lang='grc'>-</span> <span class='ocrx_word' id='word_1_338' title='bbox 1945 3001 2141 3066; x_wconf 79' lang='lat' dir='ltr'>oppidO,</span> <span class='ocrx_word' id='word_1_339' title='bbox 2166 3004 2433 3067; x_wconf 87' lang='lat' dir='ltr'>RApo.</span> <span class='ocrx_word' id='word_1_340' title='bbox 2471 3006 2611 3070; x_wconf 84' lang='lat' dir='ltr'>oppi-</span> 
     </span>
     <span class='ocr_line' id='line_1_32' title="bbox 372 3062 2613 3131; baseline 0.004 -17"><span class='ocrx_word' id='word_1_341' title='bbox 372 3066 502 3127; x_wconf 82' lang='lat' dir='ltr'>dum,</span> <span class='ocrx_word' id='word_1_342' title='bbox 525 3062 627 3131; x_wconf 76' lang='grc' dir='ltr'>βγ.</span> <span class='ocrx_word' id='word_1_343' title='bbox 666 3108 729 3115; x_wconf 82' lang='grc'><strong>-.</strong></span> <span class='ocrx_word' id='word_1_344' title='bbox 771 3063 1081 3127; x_wconf 76' lang='grc' dir='ltr'><strong><em>Οεηιεηεῑὶοη,</em></strong></span> <span class='ocrx_word' id='word_1_345' title='bbox 1105 3068 1270 3116; x_wconf 75' lang='lat' dir='ltr'>DanV.</span> <span class='ocrx_word' id='word_1_346' title='bbox 1295 3067 1464 3115; x_wconf 86' lang='lat' dir='ltr'>notice</span> <span class='ocrx_word' id='word_1_347' title='bbox 1493 3074 1586 3116; x_wconf 85' lang='lat' dir='ltr'>etc.</span> <span class='ocrx_word' id='word_1_348' title='bbox 1611 3082 1660 3130; x_wconf 91' lang='lat' dir='ltr'>p.</span> <span class='ocrx_word' id='word_1_349' title='bbox 1687 3072 1801 3116; x_wconf 80' lang='lat'>220.</span> <span class='ocrx_word' id='word_1_350' title='bbox 1825 3081 1873 3130; x_wconf 79' lang='lat' dir='ltr'>r.</span> <span class='ocrx_word' id='word_1_351' title='bbox 1909 3069 2016 3118; x_wconf 83' lang='lat' dir='ltr'>Nos</span> <span class='ocrx_word' id='word_1_352' title='bbox 2038 3071 2316 3120; x_wconf 71' lang='lat' dir='ltr'>ablativum</span> <span class='ocrx_word' id='word_1_353' title='bbox 2340 3088 2512 3121; x_wconf 85' lang='lat' dir='ltr'>casum</span> <span class='ocrx_word' id='word_1_354' title='bbox 2534 3087 2613 3122; x_wconf 84' lang='lat' dir='ltr'>rc-</span> 
     </span>
     <span class='ocr_line' id='line_1_33' title="bbox 371 3129 2607 3198; baseline 0.004 -17"><span class='ocrx_word' id='word_1_355' title='bbox 371 3134 642 3182; x_wconf 85' lang='lat' dir='ltr'>stituimus.</span> <span class='ocrx_word' id='word_1_356' title='bbox 685 3131 965 3195; x_wconf 79' lang='lat' dir='ltr'>Gemellino,</span> <span class='ocrx_word' id='word_1_357' title='bbox 989 3134 1095 3184; x_wconf 78' lang='grc' dir='ltr'>ΒΤ</span> <span class='ocrx_word' id='word_1_358' title='bbox 1108 3136 1198 3196; x_wconf 85' lang='grc' dir='ltr'><strong>(1Ρ.</strong></span> <span class='ocrx_word' id='word_1_359' title='bbox 1231 3129 1500 3194; x_wconf 81' lang='lat' dir='ltr'>Gemenilo‚</span> <span class='ocrx_word' id='word_1_360' title='bbox 1524 3135 1591 3184; x_wconf 92' lang='lat' dir='ltr'>A.</span> <span class='ocrx_word' id='word_1_361' title='bbox 1624 3131 1871 3194; x_wconf 87' lang='lat' dir='ltr'>G&#39;emollio,</span> <span class='ocrx_word' id='word_1_362' title='bbox 1895 3149 1942 3184; x_wconf 88' lang='grc' dir='ltr'>σ.</span> <span class='ocrx_word' id='word_1_363' title='bbox 1982 3132 2236 3198; x_wconf 85' lang='lat' dir='ltr'>Cemelion,</span> <span class='ocrx_word' id='word_1_364' title='bbox 2259 3141 2403 3188; x_wconf 87' lang='lat' dir='ltr'>codd.</span> <span class='ocrx_word' id='word_1_365' title='bbox 2430 3140 2607 3190; x_wconf 82' lang='lat' dir='ltr'>Gelen.</span> 
     </span>
     <span class='ocr_line' id='line_1_34' title="bbox 370 3194 2610 3264; baseline 0.004 -19"><span class='ocrx_word' id='word_1_366' title='bbox 370 3194 427 3258; x_wconf 79' lang='grc' dir='ltr'>β.</span> <span class='ocrx_word' id='word_1_367' title='bbox 478 3194 768 3259; x_wconf 82' lang='lat' dir='ltr'>Cemenlion,</span> <span class='ocrx_word' id='word_1_368' title='bbox 803 3200 1005 3250; x_wconf 83' lang='lat' dir='ltr'>Cluver.</span> <span class='ocrx_word' id='word_1_369' title='bbox 1049 3202 1165 3251; x_wconf 86' lang='lat' dir='ltr'>Ital.</span> <span class='ocrx_word' id='word_1_370' title='bbox 1206 3208 1310 3251; x_wconf 82' lang='lat' dir='ltr'>ant.</span> <span class='ocrx_word' id='word_1_371' title='bbox 1346 3200 1387 3249; x_wconf 94' lang='grc' dir='ltr'>Ι.</span> <span class='ocrx_word' id='word_1_372' title='bbox 1424 3205 1470 3249; x_wconf 88' lang='grc'><strong>9.</strong></span> <span class='ocrx_word' id='word_1_373' title='bbox 1504 3217 1556 3264; x_wconf 90' lang='lat' dir='ltr'>p.</span> <span class='ocrx_word' id='word_1_374' title='bbox 1591 3205 1673 3252; x_wconf 84' lang='grc'>47.</span> <span class='ocrx_word' id='word_1_375' title='bbox 1721 3242 1784 3249; x_wconf 84' lang='grc'><strong>-</strong></span> <span class='ocrx_word' id='word_1_376' title='bbox 1830 3200 2056 3263; x_wconf 81' lang='lat' dir='ltr'>Herculi,</span> <span class='ocrx_word' id='word_1_377' title='bbox 2090 3218 2138 3253; x_wconf 86' lang='grc' dir='ltr'>σ.</span> <span class='ocrx_word' id='word_1_378' title='bbox 2178 3245 2241 3253; x_wconf 88' lang='lat'>....</span> <span class='ocrx_word' id='word_1_379' title='bbox 2291 3203 2516 3256; x_wconf 82' lang='lat' dir='ltr'>Monoeci</span> <span class='ocrx_word' id='word_1_380' title='bbox 2542 3207 2610 3256; x_wconf 87' lang='lat' dir='ltr'>A.</span> 
     </span>
     <span class='ocr_line' id='line_1_35' title="bbox 371 3264 2610 3337; baseline 0.004 -25"><span class='ocrx_word' id='word_1_381' title='bbox 371 3264 562 3324; x_wconf 67' lang='lat' dir='ltr'>merted,</span> <span class='ocrx_word' id='word_1_382' title='bbox 596 3266 642 3313; x_wconf 90' lang='lat' dir='ltr'>d.</span> <span class='ocrx_word' id='word_1_383' title='bbox 688 3264 961 3327; x_wconf 73' lang='lat' dir='ltr'>Menoechi,</span> <span class='ocrx_word' id='word_1_384' title='bbox 993 3269 1057 3317; x_wconf 80' lang='lat' dir='ltr'>R.</span> <span class='ocrx_word' id='word_1_385' title='bbox 1104 3266 1327 3329; x_wconf 83' lang='lat' dir='ltr'>mencetlz,</span> <span class='ocrx_word' id='word_1_386' title='bbox 1360 3282 1409 3330; x_wconf 89' lang='lat' dir='ltr'>p.</span> <span class='ocrx_word' id='word_1_387' title='bbox 1464 3278 1509 3317; x_wconf 80' lang='lat' dir='ltr'>et</span> <span class='ocrx_word' id='word_1_388' title='bbox 1542 3266 1859 3329; x_wconf 67' lang='lat' dir='ltr'>Monaechm,</span> <span class='ocrx_word' id='word_1_389' title='bbox 1882 3271 1947 3319; x_wconf 88' lang='grc' dir='ltr'>Κ.</span> <span class='ocrx_word' id='word_1_390' title='bbox 1986 3310 2049 3319; x_wconf 81' lang='grc'>-.</span> <span class='ocrx_word' id='word_1_391' title='bbox 2100 3270 2377 3337; x_wconf 65' lang='lat' dir='ltr'>Liquetina,</span> <span class='ocrx_word' id='word_1_392' title='bbox 2401 3275 2610 3336; x_wconf 87' lang='lat' dir='ltr'>Rpo.</span> 
     </span>
     <span class='ocr_line' id='line_1_36' title="bbox 373 3328 2611 3402; baseline 0.006 -25"><span class='ocrx_word' id='word_1_393' title='bbox 373 3328 660 3392; x_wconf 74' lang='lat' dir='ltr'>Liyustana,</span> <span class='ocrx_word' id='word_1_394' title='bbox 685 3332 751 3381; x_wconf 88' lang='lat' dir='ltr'>A.</span> <span class='ocrx_word' id='word_1_395' title='bbox 799 3330 1080 3394; x_wconf 70' lang='lat' dir='ltr'>Equstica,</span> <span class='ocrx_word' id='word_1_396' title='bbox 1110 3331 1213 3398; x_wconf 77' lang='grc' dir='ltr'>βγ.</span> <span class='ocrx_word' id='word_1_397' title='bbox 1252 3376 1314 3384; x_wconf 81' lang='grc'><strong>-.</strong></span> <span class='ocrx_word' id='word_1_398' title='bbox 1359 3332 1593 3396; x_wconf 77' lang='lat' dir='ltr'>Salluvii,</span> <span class='ocrx_word' id='word_1_399' title='bbox 1624 3337 1782 3386; x_wconf 84' lang='lat' dir='ltr'>Hard.</span> <span class='ocrx_word' id='word_1_400' title='bbox 1816 3351 1884 3385; x_wconf 84' lang='lat' dir='ltr'>ex</span> <span class='ocrx_word' id='word_1_401' title='bbox 1916 3336 1944 3396; x_wconf 65' lang='grc' dir='ltr'><strong>ξ</strong></span> <span class='ocrx_word' id='word_1_402' title='bbox 1979 3343 2061 3387; x_wconf 85' lang='grc'>36.</span> <span class='ocrx_word' id='word_1_403' title='bbox 2115 3338 2276 3399; x_wconf 85' lang='lat' dir='ltr'>Salvi,</span> <span class='ocrx_word' id='word_1_404' title='bbox 2310 3342 2443 3402; x_wconf 87' lang='lat' dir='ltr'>de</span> <span class='ocrx_word' id='word_1_405' title='bbox 2478 3337 2611 3401; x_wconf 81' lang='lat' dir='ltr'>(Me-</span> 
     </span>
     <span class='ocr_line' id='line_1_37' title="bbox 372 3398 2611 3457; baseline 0.005 -11"><span class='ocrx_word' id='word_1_406' title='bbox 372 3398 467 3446; x_wconf 88' lang='lat' dir='ltr'>dic.</span> <span class='ocrx_word' id='word_1_407' title='bbox 503 3398 545 3446; x_wconf 87' lang='lat' dir='ltr'><strong>L</strong></span> <span class='ocrx_word' id='word_1_408' title='bbox 580 3399 650 3447; x_wconf 90' lang='lat'>11.</span> <span class='ocrx_word' id='word_1_409' title='bbox 684 3398 780 3447; x_wconf 90' lang='grc' dir='ltr'>ῙΠ.</span> <span class='ocrx_word' id='word_1_410' title='bbox 824 3398 991 3448; x_wconf 82' lang='lat' dir='ltr'>Vatic.</span> <span class='ocrx_word' id='word_1_411' title='bbox 1032 3405 1177 3450; x_wconf 88' lang='grc'><strong>1950.</strong></span> <span class='ocrx_word' id='word_1_412' title='bbox 1219 3408 1363 3451; x_wconf 95' lang='grc'><strong>1951.</strong></span> <span class='ocrx_word' id='word_1_413' title='bbox 1400 3408 1548 3451; x_wconf 81' lang='grc'><strong>1952.</strong></span> <span class='ocrx_word' id='word_1_414' title='bbox 1586 3409 1732 3452; x_wconf 88' lang='grc'><strong>1953.</strong></span> <span class='ocrx_word' id='word_1_415' title='bbox 1770 3402 2045 3453; x_wconf 86' lang='lat' dir='ltr'>Carbonar.</span> <span class='ocrx_word' id='word_1_416' title='bbox 2080 3405 2258 3456; x_wconf 88' lang='lat' dir='ltr'>Ambr.</span> <span class='ocrx_word' id='word_1_417' title='bbox 2302 3409 2345 3457; x_wconf 95' lang='lat'>1.</span> <span class='ocrx_word' id='word_1_418' title='bbox 2381 3409 2451 3457; x_wconf 91' lang='lat' dir='ltr'>II.</span> <span class='ocrx_word' id='word_1_419' title='bbox 2486 3409 2611 3457; x_wconf 83' lang='lat' dir='ltr'>Bar-</span> 
     </span>
     <span class='ocr_line' id='line_1_38' title="bbox 370 3463 2611 3535; baseline 0.004 -23"><span class='ocrx_word' id='word_1_420' title='bbox 370 3463 474 3513; x_wconf 89' lang='lat' dir='ltr'>ber.</span> <span class='ocrx_word' id='word_1_421' title='bbox 503 3470 615 3516; x_wconf 85' lang='lat'>758.</span> <span class='ocrx_word' id='word_1_422' title='bbox 667 3463 923 3528; x_wconf 84' lang='lat' dir='ltr'>Passion.)</span> <span class='ocrx_word' id='word_1_423' title='bbox 975 3464 1158 3526; x_wconf 71' lang='lat' dir='ltr'>Salvii,</span> <span class='ocrx_word' id='word_1_424' title='bbox 1189 3468 1257 3516; x_wconf 89' lang='lat' dir='ltr'>A.</span> <span class='ocrx_word' id='word_1_425' title='bbox 1309 3465 1467 3533; x_wconf 71' lang='lat' dir='ltr'>Salyi,</span> <span class='ocrx_word' id='word_1_426' title='bbox 1491 3471 1696 3520; x_wconf 85' lang='lat' dir='ltr'>Barbar.</span> <span class='ocrx_word' id='word_1_427' title='bbox 1728 3471 1934 3520; x_wconf 83' lang='lat' dir='ltr'>Barber.</span> <span class='ocrx_word' id='word_1_428' title='bbox 1972 3474 2082 3521; x_wconf 93' lang='grc'><strong>759.</strong></span> <span class='ocrx_word' id='word_1_429' title='bbox 2131 3472 2276 3533; x_wconf 86' lang='lat' dir='ltr'>Savi,</span> <span class='ocrx_word' id='word_1_430' title='bbox 2309 3488 2357 3522; x_wconf 84' lang='grc' dir='ltr'>σ.</span> <span class='ocrx_word' id='word_1_431' title='bbox 2412 3472 2611 3535; x_wconf 81' lang='lat' dir='ltr'>Salina,</span> 
     </span>
     <span class='ocr_line' id='line_1_39' title="bbox 370 3529 2611 3605; baseline 0.005 -25"><span class='ocrx_word' id='word_1_432' title='bbox 370 3532 540 3581; x_wconf 84' lang='lat' dir='ltr'>Vatic.</span> <span class='ocrx_word' id='word_1_433' title='bbox 580 3537 725 3581; x_wconf 79' lang='grc'><strong>1954.</strong></span> <span class='ocrx_word' id='word_1_434' title='bbox 774 3531 956 3596; x_wconf 79' lang='lat' dir='ltr'>Sallyi‚</span> <span class='ocrx_word' id='word_1_435' title='bbox 978 3529 1036 3594; x_wconf 76' lang='grc' dir='ltr'>β.</span> <span class='ocrx_word' id='word_1_436' title='bbox 1091 3530 1277 3594; x_wconf 80' lang='lat' dir='ltr'>Saluvi,</span> <span class='ocrx_word' id='word_1_437' title='bbox 1310 3535 1606 3586; x_wconf 85' lang='lat' dir='ltr'>Alschefski</span> <span class='ocrx_word' id='word_1_438' title='bbox 1642 3540 1707 3587; x_wconf 85' lang='lat' dir='ltr'>ad</span> <span class='ocrx_word' id='word_1_439' title='bbox 1737 3538 1847 3587; x_wconf 82' lang='lat' dir='ltr'>Liv.</span> <span class='ocrx_word' id='word_1_440' title='bbox 1887 3544 1932 3599; x_wconf 90' lang='lat'>5,</span> <span class='ocrx_word' id='word_1_441' title='bbox 1957 3544 2038 3587; x_wconf 86' lang='grc'>34.</span> <span class='ocrx_word' id='word_1_442' title='bbox 2087 3580 2150 3588; x_wconf 72' lang='grc'><strong>-</strong></span> <span class='ocrx_word' id='word_1_443' title='bbox 2185 3539 2431 3601; x_wconf 74' lang='lat' dir='ltr'>Deciates,</span> <span class='ocrx_word' id='word_1_444' title='bbox 2464 3535 2611 3605; x_wconf 70' lang='lat' dir='ltr'>Rop</span> 
     </span>
     <span class='ocr_line' id='line_1_40' title="bbox 372 3597 2611 3670; baseline 0.003 -22"><span class='ocrx_word' id='word_1_445' title='bbox 372 3597 565 3661; x_wconf 87' lang='lat' dir='ltr'>(Vatic.</span> <span class='ocrx_word' id='word_1_446' title='bbox 604 3605 749 3649; x_wconf 83' lang='lat'>1954.</span> <span class='ocrx_word' id='word_1_447' title='bbox 789 3605 934 3649; x_wconf 91' lang='grc'><strong>1955.</strong></span> <span class='ocrx_word' id='word_1_448' title='bbox 962 3601 1141 3649; x_wconf 90' lang='lat' dir='ltr'>Ambr.</span> <span class='ocrx_word' id='word_1_449' title='bbox 1176 3599 1273 3664; x_wconf 88' lang='lat'>11.)</span> <span class='ocrx_word' id='word_1_450' title='bbox 1323 3601 1561 3664; x_wconf 80' lang='lat' dir='ltr'>Diciates,</span> <span class='ocrx_word' id='word_1_451' title='bbox 1585 3603 1639 3653; x_wconf 93' lang='lat' dir='ltr'>A</span> <span class='ocrx_word' id='word_1_452' title='bbox 1671 3602 1918 3664; x_wconf 86' lang='lat' dir='ltr'>(Carbon.</span> <span class='ocrx_word' id='word_1_453' title='bbox 1942 3607 2147 3656; x_wconf 74' lang='lat' dir='ltr'>Bai-ber.</span> <span class='ocrx_word' id='word_1_454' title='bbox 2177 3605 2316 3670; x_wconf 86' lang='grc'><strong>758.)</strong></span> <span class='ocrx_word' id='word_1_455' title='bbox 2350 3606 2611 3667; x_wconf 61' lang='lat' dir='ltr'>Demus,</span> 
     </span>
     <span class='ocr_line' id='line_1_41' title="bbox 368 3664 2612 3736; baseline 0.003 -20"><span class='ocrx_word' id='word_1_456' title='bbox 368 3667 577 3717; x_wconf 83' lang='lat' dir='ltr'>Barbar.</span> <span class='ocrx_word' id='word_1_457' title='bbox 604 3669 683 3717; x_wconf 76' lang='lat' dir='ltr'>dc</span> <span class='ocrx_word' id='word_1_458' title='bbox 701 3664 892 3729; x_wconf 73' lang='lat' dir='ltr'>(Vatia.</span> <span class='ocrx_word' id='word_1_459' title='bbox 925 3673 1067 3717; x_wconf 85' lang='lat'>1950.</span> <span class='ocrx_word' id='word_1_460' title='bbox 1097 3673 1242 3717; x_wconf 92' lang='grc'><strong>1951.</strong></span> <span class='ocrx_word' id='word_1_461' title='bbox 1273 3674 1417 3719; x_wconf 88' lang='grc'><strong>1953.</strong></span> <span class='ocrx_word' id='word_1_462' title='bbox 1460 3672 1644 3721; x_wconf 87' lang='lat' dir='ltr'>Medic.</span> <span class='ocrx_word' id='word_1_463' title='bbox 1674 3671 1716 3720; x_wconf 93' lang='lat' dir='ltr'>I.</span> <span class='ocrx_word' id='word_1_464' title='bbox 1743 3671 1813 3721; x_wconf 92' lang='grc' dir='ltr'>Π.</span> <span class='ocrx_word' id='word_1_465' title='bbox 1839 3671 1937 3722; x_wconf 92' lang='grc' dir='ltr'>ΠΙ.</span> <span class='ocrx_word' id='word_1_466' title='bbox 1961 3674 2189 3724; x_wconf 82' lang='lat' dir='ltr'>Passion.</span> <span class='ocrx_word' id='word_1_467' title='bbox 2225 3676 2431 3724; x_wconf 84' lang='lat' dir='ltr'>Barber.</span> <span class='ocrx_word' id='word_1_468' title='bbox 2473 3672 2612 3736; x_wconf 88' lang='grc'><strong>759.)</strong></span> 
     </span>
     <span class='ocr_line' id='line_1_42' title="bbox 368 3728 2613 3805; baseline 0.004 -23"><span class='ocrx_word' id='word_1_469' title='bbox 368 3728 426 3794; x_wconf 83' lang='grc' dir='ltr'>β.</span> <span class='ocrx_word' id='word_1_470' title='bbox 464 3775 528 3782; x_wconf 81' lang='grc'>-</span> <span class='ocrx_word' id='word_1_471' title='bbox 570 3733 766 3796; x_wconf 81' lang='lat' dir='ltr'>Oxubii,</span> <span class='ocrx_word' id='word_1_472' title='bbox 789 3751 839 3799; x_wconf 90' lang='lat' dir='ltr'>p.</span> <span class='ocrx_word' id='word_1_473' title='bbox 891 3733 1069 3795; x_wconf 66' lang='lat' dir='ltr'>Osa-ubi,</span> <span class='ocrx_word' id='word_1_474' title='bbox 1104 3736 1213 3785; x_wconf 77' lang='grc' dir='ltr'>ΒΑ</span> <span class='ocrx_word' id='word_1_475' title='bbox 1248 3732 1477 3796; x_wconf 80' lang='lat' dir='ltr'>(Barber.</span> <span class='ocrx_word' id='word_1_476' title='bbox 1523 3741 1634 3788; x_wconf 89' lang='grc'><strong>758.</strong></span> <span class='ocrx_word' id='word_1_477' title='bbox 1679 3740 1847 3789; x_wconf 81' lang='lat' dir='ltr'>Vatic.</span> <span class='ocrx_word' id='word_1_478' title='bbox 1885 3745 2030 3790; x_wconf 80' lang='grc'><strong>1954.</strong></span> <span class='ocrx_word' id='word_1_479' title='bbox 2085 3740 2305 3791; x_wconf 85' lang='lat' dir='ltr'>Carbon.</span> <span class='ocrx_word' id='word_1_480' title='bbox 2327 3742 2508 3792; x_wconf 85' lang='lat' dir='ltr'>Ambr.</span> <span class='ocrx_word' id='word_1_481' title='bbox 2541 3740 2613 3805; x_wconf 89' lang='grc' dir='ltr'>Ι.)</span> 
     </span>
     <span class='ocr_line' id='line_1_43' title="bbox 369 3800 2611 3867; baseline 0.004 -18"><span class='ocrx_word' id='word_1_482' title='bbox 369 3817 479 3849; x_wconf 72' lang='lat' dir='ltr'>moa·</span> <span class='ocrx_word' id='word_1_483' title='bbox 504 3802 602 3864; x_wconf 78' lang='lat' dir='ltr'>ubi,</span> <span class='ocrx_word' id='word_1_484' title='bbox 625 3804 673 3851; x_wconf 90' lang='lat' dir='ltr'>d.</span> <span class='ocrx_word' id='word_1_485' title='bbox 722 3800 947 3865; x_wconf 75' lang='lat' dir='ltr'>Moaeubi,</span> <span class='ocrx_word' id='word_1_486' title='bbox 979 3804 1162 3853; x_wconf 84' lang='lat' dir='ltr'>Medic.</span> <span class='ocrx_word' id='word_1_487' title='bbox 1199 3803 1241 3851; x_wconf 87' lang='lat' dir='ltr'><strong>L</strong></span> <span class='ocrx_word' id='word_1_488' title='bbox 1286 3804 1456 3853; x_wconf 82' lang='lat' dir='ltr'>Vatic.</span> <span class='ocrx_word' id='word_1_489' title='bbox 1494 3811 1639 3856; x_wconf 88' lang='grc'><strong>1953.</strong></span> <span class='ocrx_word' id='word_1_490' title='bbox 1684 3805 1899 3867; x_wconf 74' lang='lat' dir='ltr'>Moxibi,</span> <span class='ocrx_word' id='word_1_491' title='bbox 1920 3809 2104 3858; x_wconf 86' lang='lat' dir='ltr'>Medic.</span> <span class='ocrx_word' id='word_1_492' title='bbox 2130 3808 2176 3857; x_wconf 94' lang='lat'>1.</span> <span class='ocrx_word' id='word_1_493' title='bbox 2199 3824 2244 3857; x_wconf 84' lang='lat' dir='ltr'>a.</span> <span class='ocrx_word' id='word_1_494' title='bbox 2268 3825 2338 3858; x_wconf 90' lang='lat' dir='ltr'>m.</span> <span class='ocrx_word' id='word_1_495' title='bbox 2363 3825 2402 3859; x_wconf 88' lang='lat' dir='ltr'>s.</span> <span class='ocrx_word' id='word_1_496' title='bbox 2427 3810 2611 3859; x_wconf 84' lang='lat' dir='ltr'>Medic.</span> 
     </span>
     <span class='ocr_line' id='line_1_44' title="bbox 369 3866 2613 3936; baseline 0.004 -19"><span class='ocrx_word' id='word_1_497' title='bbox 369 3868 441 3917; x_wconf 93' lang='lat'>11.</span> <span class='ocrx_word' id='word_1_498' title='bbox 480 3866 721 3933; x_wconf 75' lang='lat' dir='ltr'>Moxybii,</span> <span class='ocrx_word' id='word_1_499' title='bbox 744 3884 793 3920; x_wconf 85' lang='grc' dir='ltr'>σ.</span> <span class='ocrx_word' id='word_1_500' title='bbox 847 3869 1038 3935; x_wconf 75' lang='lat' dir='ltr'>Oxybii,</span> <span class='ocrx_word' id='word_1_501' title='bbox 1060 3871 1266 3921; x_wconf 81' lang='lat' dir='ltr'>Barbar.</span> <span class='ocrx_word' id='word_1_502' title='bbox 1290 3872 1342 3921; x_wconf 88' lang='lat' dir='ltr'><strong>K</strong></span> <span class='ocrx_word' id='word_1_503' title='bbox 1373 3868 1605 3933; x_wconf 82' lang='lat' dir='ltr'>(Barber.</span> <span class='ocrx_word' id='word_1_504' title='bbox 1634 3870 1773 3935; x_wconf 91' lang='grc'><strong>759.)</strong></span> <span class='ocrx_word' id='word_1_505' title='bbox 1815 3874 2018 3936; x_wconf 69' lang='grc' dir='ltr'><strong><em>Εεειώἰί,</em></strong></span> <span class='ocrx_word' id='word_1_506' title='bbox 2041 3876 2210 3925; x_wconf 79' lang='lat' dir='ltr'>vatic.</span> <span class='ocrx_word' id='word_1_507' title='bbox 2247 3881 2394 3926; x_wconf 88' lang='grc'><strong>1950.</strong></span> <span class='ocrx_word' id='word_1_508' title='bbox 2426 3877 2613 3936; x_wconf 70' lang='lat' dir='ltr'>Exubi,</span> 
     </span>
     <span class='ocr_line' id='line_1_45' title="bbox 367 3934 2607 4004; baseline 0.005 -21"><span class='ocrx_word' id='word_1_509' title='bbox 367 3934 536 3985; x_wconf 83' lang='lat' dir='ltr'>Vatic.</span> <span class='ocrx_word' id='word_1_510' title='bbox 584 3941 732 3987; x_wconf 89' lang='grc'><strong>1955.</strong></span> <span class='ocrx_word' id='word_1_511' title='bbox 779 3978 842 3986; x_wconf 80' lang='grc'>.-</span> <span class='ocrx_word' id='word_1_512' title='bbox 896 3937 1075 4000; x_wconf 83' lang='lat' dir='ltr'>acitra,</span> <span class='ocrx_word' id='word_1_513' title='bbox 1116 3939 1321 3989; x_wconf 82' lang='lat' dir='ltr'>Barber.</span> <span class='ocrx_word' id='word_1_514' title='bbox 1361 3944 1472 3990; x_wconf 87' lang='grc'><strong>758.</strong></span> <span class='ocrx_word' id='word_1_515' title='bbox 1536 3941 1677 4001; x_wconf 85' lang='lat' dir='ltr'>abra,</span> <span class='ocrx_word' id='word_1_516' title='bbox 1710 3941 1878 3991; x_wconf 80' lang='lat' dir='ltr'>Vatic.</span> <span class='ocrx_word' id='word_1_517' title='bbox 1925 3948 2072 3992; x_wconf 89' lang='grc'><strong>1953.</strong></span> <span class='ocrx_word' id='word_1_518' title='bbox 2118 3983 2181 3992; x_wconf 78' lang='grc'>.-</span> <span class='ocrx_word' id='word_1_519' title='bbox 2250 3943 2456 4004; x_wconf 82' lang='lat' dir='ltr'>Veneni,</span> <span class='ocrx_word' id='word_1_520' title='bbox 2498 3943 2607 3994; x_wconf 72' lang='grc' dir='ltr'>ΒΑ</span> 
     </span>
     <span class='ocr_line' id='line_1_46' title="bbox 370 3997 2608 4074; baseline 0.004 -23"><span class='ocrx_word' id='word_1_521' title='bbox 370 3997 579 4060; x_wconf 80' lang='lat' dir='ltr'>(Medic.</span> <span class='ocrx_word' id='word_1_522' title='bbox 613 4005 654 4053; x_wconf 95' lang='lat'>1.</span> <span class='ocrx_word' id='word_1_523' title='bbox 702 4004 867 4055; x_wconf 80' lang='lat' dir='ltr'>Vatie.</span> <span class='ocrx_word' id='word_1_524' title='bbox 907 4011 1053 4056; x_wconf 88' lang='lat'>1950.</span> <span class='ocrx_word' id='word_1_525' title='bbox 1097 4012 1241 4056; x_wconf 84' lang='lat'>1952.</span> <span class='ocrx_word' id='word_1_526' title='bbox 1283 4011 1429 4057; x_wconf 86' lang='lat'>1955.</span> <span class='ocrx_word' id='word_1_527' title='bbox 1461 4009 1669 4058; x_wconf 77' lang='lat' dir='ltr'>Barber.</span> <span class='ocrx_word' id='word_1_528' title='bbox 1709 4011 1821 4058; x_wconf 90' lang='lat'>759.</span> <span class='ocrx_word' id='word_1_529' title='bbox 1854 4012 2001 4059; x_wconf 80' lang='lat' dir='ltr'>codd.</span> <span class='ocrx_word' id='word_1_530' title='bbox 2035 4008 2270 4072; x_wconf 75' lang='lat' dir='ltr'>Barbar.)</span> <span class='ocrx_word' id='word_1_531' title='bbox 2319 4008 2383 4060; x_wconf 81' lang='lat' dir='ltr'><strong><em>V</em></strong></span> <span class='ocrx_word' id='word_1_532' title='bbox 2493 4046 2507 4069; x_wconf 82' lang='lat'>,</span> <span class='ocrx_word' id='word_1_533' title='bbox 2531 4012 2608 4074; x_wconf 78' lang='lat' dir='ltr'>dp</span> 
     </span>
     <span class='ocr_line' id='line_1_47' title="bbox 370 4065 2611 4139; baseline 0.004 -23"><span class='ocrx_word' id='word_1_534' title='bbox 370 4065 578 4128; x_wconf 88' lang='lat' dir='ltr'>(Medic.</span> <span class='ocrx_word' id='word_1_535' title='bbox 613 4070 711 4119; x_wconf 93' lang='lat'>111.</span> <span class='ocrx_word' id='word_1_536' title='bbox 746 4072 915 4122; x_wconf 84' lang='lat' dir='ltr'>Vatic.</span> <span class='ocrx_word' id='word_1_537' title='bbox 953 4078 1099 4123; x_wconf 83' lang='lat'>1954.</span> <span class='ocrx_word' id='word_1_538' title='bbox 1131 4075 1337 4124; x_wconf 82' lang='lat' dir='ltr'>Barber.</span> <span class='ocrx_word' id='word_1_539' title='bbox 1377 4077 1490 4125; x_wconf 84' lang='lat'>758.</span> <span class='ocrx_word' id='word_1_540' title='bbox 1526 4074 1831 4139; x_wconf 80' lang='lat' dir='ltr'>Carbonar.)</span> <span class='ocrx_word' id='word_1_541' title='bbox 1891 4076 2090 4137; x_wconf 78' lang='lat' dir='ltr'>Venein,</span> <span class='ocrx_word' id='word_1_542' title='bbox 2120 4079 2305 4128; x_wconf 82' lang='lat' dir='ltr'>Medic.</span> <span class='ocrx_word' id='word_1_543' title='bbox 2388 4114 2402 4127; x_wconf 92' lang='lat'>.</span> <span class='ocrx_word' id='word_1_544' title='bbox 2459 4078 2611 4128; x_wconf 81' lang='lat' dir='ltr'>Vene-</span> 
     </span>
     <span class='ocr_line' id='line_1_48' title="bbox 370 4134 2610 4206; baseline 0.007 -27"><span class='ocrx_word' id='word_1_545' title='bbox 370 4148 526 4195; x_wconf 81' lang='lat' dir='ltr'>naem,</span> <span class='ocrx_word' id='word_1_546' title='bbox 551 4150 598 4184; x_wconf 88' lang='grc' dir='ltr'>σ.</span> <span class='ocrx_word' id='word_1_547' title='bbox 634 4134 846 4198; x_wconf 62' lang='lat' dir='ltr'>Nauem,</span> <span class='ocrx_word' id='word_1_548' title='bbox 869 4139 1035 4189; x_wconf 83' lang='lat' dir='ltr'>Vatic.</span> <span class='ocrx_word' id='word_1_549' title='bbox 1065 4147 1209 4190; x_wconf 89' lang='grc'><strong>1953.</strong></span> <span class='ocrx_word' id='word_1_550' title='bbox 1261 4141 1474 4203; x_wconf 75' lang='lat' dir='ltr'>Veneris,</span> <span class='ocrx_word' id='word_1_551' title='bbox 1504 4147 1649 4192; x_wconf 89' lang='grc'><strong>1951.</strong></span> <span class='ocrx_word' id='word_1_552' title='bbox 1676 4183 1740 4191; x_wconf 87' lang='grc'>.-.</span> <span class='ocrx_word' id='word_1_553' title='bbox 1766 4152 1812 4192; x_wconf 80' lang='lat' dir='ltr'>et</span> <span class='ocrx_word' id='word_1_554' title='bbox 1840 4141 2175 4206; x_wconf 69' lang='lat' dir='ltr'>Caturiqibus,</span> <span class='ocrx_word' id='word_1_555' title='bbox 2198 4147 2405 4195; x_wconf 77' lang='lat' dir='ltr'>Barbar.</span> <span class='ocrx_word' id='word_1_556' title='bbox 2441 4155 2486 4194; x_wconf 81' lang='lat' dir='ltr'>et</span> <span class='ocrx_word' id='word_1_557' title='bbox 2512 4142 2610 4195; x_wconf 75' lang='lat' dir='ltr'>Ua·</span> 
     </span>
     <span class='ocr_line' id='line_1_49' title="bbox 371 4201 2608 4273; baseline 0.005 -25"><span class='ocrx_word' id='word_1_558' title='bbox 371 4201 546 4265; x_wconf 70' lang='lat' dir='ltr'>tur-qis,</span> <span class='ocrx_word' id='word_1_559' title='bbox 569 4204 773 4253; x_wconf 82' lang='lat' dir='ltr'>Barber.</span> <span class='ocrx_word' id='word_1_560' title='bbox 803 4208 914 4255; x_wconf 87' lang='grc'><strong>759.</strong></span> <span class='ocrx_word' id='word_1_561' title='bbox 948 4209 1093 4256; x_wconf 89' lang='lat' dir='ltr'>codd.</span> <span class='ocrx_word' id='word_1_562' title='bbox 1128 4208 1354 4257; x_wconf 74' lang='lat' dir='ltr'>Barbari.</span> <span class='ocrx_word' id='word_1_563' title='bbox 1378 4218 1424 4258; x_wconf 75' lang='lat' dir='ltr'>ct</span> <span class='ocrx_word' id='word_1_564' title='bbox 1445 4210 1608 4268; x_wconf 70' lang='lat' dir='ltr'>turris,</span> <span class='ocrx_word' id='word_1_565' title='bbox 1633 4211 1695 4259; x_wconf 88' lang='lat' dir='ltr'>T.</span> <span class='ocrx_word' id='word_1_566' title='bbox 1721 4217 1799 4258; x_wconf 74' lang='lat' dir='ltr'>est</span> <span class='ocrx_word' id='word_1_567' title='bbox 1819 4211 1986 4272; x_wconf 64' lang='lat' dir='ltr'>turris,</span> <span class='ocrx_word' id='word_1_568' title='bbox 2011 4213 2104 4262; x_wconf 84' lang='lat' dir='ltr'>Rd</span> <span class='ocrx_word' id='word_1_569' title='bbox 2137 4209 2345 4273; x_wconf 80' lang='lat' dir='ltr'>(Medic.</span> <span class='ocrx_word' id='word_1_570' title='bbox 2370 4211 2413 4262; x_wconf 92' lang='lat'>1.</span> <span class='ocrx_word' id='word_1_571' title='bbox 2439 4214 2608 4263; x_wconf 76' lang='lat' dir='ltr'>vatic.</span> 
     </span>
     <span class='ocr_line' id='line_1_50' title="bbox 375 4268 2608 4340; baseline 0.005 -25"><span class='ocrx_word' id='word_1_572' title='bbox 375 4273 520 4316; x_wconf 85' lang='lat'>1951.</span> <span class='ocrx_word' id='word_1_573' title='bbox 551 4274 696 4318; x_wconf 84' lang='grc'><strong>1952.</strong></span> <span class='ocrx_word' id='word_1_574' title='bbox 728 4268 900 4332; x_wconf 87' lang='grc'><strong>1954.)</strong></span> <span class='ocrx_word' id='word_1_575' title='bbox 937 4274 1128 4335; x_wconf 60' lang='lat' dir='ltr'>esmeria,</span> <span class='ocrx_word' id='word_1_576' title='bbox 1152 4275 1204 4323; x_wconf 82' lang='lat' dir='ltr'>A</span> <span class='ocrx_word' id='word_1_577' title='bbox 1248 4272 1453 4337; x_wconf 76' lang='lat' dir='ltr'>(Medic.</span> <span class='ocrx_word' id='word_1_578' title='bbox 1487 4275 1556 4325; x_wconf 91' lang='lat' dir='ltr'>II.</span> <span class='ocrx_word' id='word_1_579' title='bbox 1583 4275 1680 4325; x_wconf 92' lang='lat'>111.</span> <span class='ocrx_word' id='word_1_580' title='bbox 1706 4278 1910 4327; x_wconf 81' lang='lat' dir='ltr'>Barber.</span> <span class='ocrx_word' id='word_1_581' title='bbox 1940 4281 2053 4328; x_wconf 86' lang='grc'><strong>758.</strong></span> <span class='ocrx_word' id='word_1_582' title='bbox 2093 4277 2342 4340; x_wconf 72' lang='lat' dir='ltr'>Cat-bon.)</span> <span class='ocrx_word' id='word_1_583' title='bbox 2387 4279 2608 4340; x_wconf 63' lang='lat' dir='ltr'>estrat-is,</span> 
     </span>
    </p>
   </div>
   <div class='ocr_carea' id='block_1_4' title="bbox 523 4409 696 4536">
    <p class='ocr_par' dir='ltr' id='par_1_7' title="bbox 523 4409 696 4536">
     <span class='ocr_line' id='line_1_51' title="bbox 523 4409 696 4536; baseline 0 -24"><span class='ocrx_word' id='word_1_584' title='bbox 523 4409 696 4536; x_wconf 50' lang='grc' dir='ltr'>Ἠ</span> 
     </span>
    </p>
   </div>
  </div>
 </body>
</html>
