2961 4861
799 345 941 392 ΜΒ.
973 345 1042 393 v,
1100 345 1254 393 cAr.
1287 346 1603 393 XI-xm.
1663 336 1857 394 sEc'r.
1892 346 2070 391 ιιι-14.
2440 324 2563 390 361

323 507 471 563 ante
528 495 732 575 dicta,
799 506 865 562 et
905 497 1020 563 ubi
1066 495 1364 563 Ciliciam
1406 496 1698 585 attingit,
1758 496 2126 563 Antiochia.
2190 495 2566 584 Longitudo
2595 512 2659 561 67

323 599 461 664 eius
522 598 690 664 inter
736 595 1030 664 Ciliciam
1085 609 1150 664 et
1200 598 1513 664 Arabiam
1565 620 1857 663 ccccm
1898 622 1949 664 Μ
1989 622 2053 685 p.
2112 609 2240 678 est,
2294 598 2568 663 latitudo

323 723 363 764 a
395 697 694 765 Seleucia
719 699 934 765 Pieria
961 700 1045 765 ad
1072 700 1384 786 oppidum
1410 700 1478 764 in
1507 699 1843 786 Euphrate
1866 699 2155 788 Zeugma
2182 722 2397 766 cmxxv
2424 723 2475 763 u
2501 723 2567 786 p.

325 799 460 882 Qui
513 801 812 886 suptilius
871 801 1168 866 dividunt
1212 800 1639 867 circumfundi
1685 798 1878 885 Syria
1911 800 2282 867 Phoenicen
2324 801 2569 880 volunt,

247 934 252 941 ’
324 912 391 968 et
434 925 575 968 esse
617 924 797 966 oram
839 902 1224 967 maritimam
1268 900 1528 989 Syriae,
1585 902 1768 967 cuius
1822 925 1972 988 pars
2028 903 2112 968 sit
2152 902 2465 968 Idumaea
2507 912 2574 968 et

320 1003 594 1081 Iudaea,
649 1002 801 1068 dein
856 1002 1259 1081 Phoenicen,
1317 1002 1470 1067 dein
1531 1000 1809 1086 Syriam.
1880 1002 1961 1066 Id
2019 1004 2195 1088 quod
2250 1005 2575 1090 praeiacet

321 1127 497 1170 mare
557 1115 763 1170 totum
815 1103 1235 1169 Phoenicium
1288 1104 1668 1195 appellatur.
1754 1103 1909 1190 Ipsa
1959 1127 2119 1192 gens
2175 1104 2575 1172 Phoenicum

321 1207 391 1270 in
430 1228 668 1293 magna
709 1205 913 1293 gloria
953 1206 1311 1270 litterarum
1351 1204 1740 1270 inventionis
1784 1214 1850 1269 et
1893 1204 2177 1270 siderum
2218 1206 2572 1273 navalium-

325 1328 452 1391 que
496 1330 573 1372 ac
617 1306 986 1372 bellicarum
1030 1306 1281 1370 artium.

413 1410 515 1473 14.
580 1408 646 1472 A
687 1406 949 1487 Pelusio
996 1405 1316 1473 Chabriae
1367 1418 1610 1485 castra,
1669 1404 1903 1472 Casius
1956 1430 2176 1486 mons,
2234 1408 2575 1475 delubrum
2603 1427 2667 1472 ss

242 1589 246 1592 .
323 1509 498 1574 Iovis
544 1505 742 1586 Casii,
791 1509 1076 1573 tumulus
1117 1507 1350 1595 Magni
1391 1506 1685 1593 Pompei.
1754 1506 2096 1574 Ostracine
2138 1510 2388 1576 Arabia
2428 1510 2577 1576 fini-

330 1622 466 1689 tur,
528 1634 567 1675 a
618 1610 882 1675 Pelusio
938 1633 1073 1673 va
1123 1633 1174 1673 u
1228 1632 1293 1695 p.
1381 1607 1580 1673 XIII.
1647 1607 1810 1675 Mox
1864 1609 2176 1676 Idumaea
2229 1611 2458 1697 incipit
2515 1622 2581 1676 et

327 1711 694 1779 Palaestina
736 1712 818 1777 ab
865 1733 1117 1777 emersu
1162 1708 1455 1775 Sirbonis
1498 1710 1674 1774 lacus
1688 1759 1706 1789 ,
1760 1732 1954 1795 quem
1998 1712 2259 1796 quidam
2301 1734 2375 1777 οι.
2419 1734 2471 1777 Μ
2511 1736 2576 1799 p.

329 1814 601 1885 circuitu
656 1812 1011 1889 tradidere3
1071 1809 1444 1876 Herodotus
1501 1807 1692 1875 Casio
1747 1812 1950 1876 monti
2005 1812 2349 1898 adplicuit,
2407 1836 2581 1880 nunc

330 1926 429 1980 est
454 1915 642 2001 palus
669 1912 942 1977 modica.
988 1909 1253 2004 Oppida
1278 1909 1711 1976 Rhinocolura
1741 1921 1805 1976 et
1831 1912 2006 1977 intus
2028 1912 2362 1999 Rhaphea,
2396 1912 2581 1984 Gaza

331 2027 397 2082 et
422 2016 600 2080 intus
630 2012 1005 2090 Anthedon,
1053 2033 1236 2075 mons
1273 2010 1569 2099 Argaris.
1629 2011 1838 2100 Regio
1880 2035 2001 2097 per
2042 2037 2218 2080 oram
2264 2013 2580 2083 Samaria.

330 2115 670 2225 Oppidum
721 2113 961 2179 Ascalo
1025 2111 1331 2191 liberum,
1398 2111 1652 2177 Azotus
1671 2161 1689 2191 ,
1754 2112 2041 2181 Iamniae
2106 2115 2304 2195 duae,
2379 2119 2582 2185 altera

333 2333 396 2341 ..
436 2307 554 2353 qua,
576 2290 698 2339 Da²
723 2284 909 2351 (Rob.)
946 2284 997 2336 in
1022 2302 1138 2350 qua,
1163 2286 1337 2336 Ram.
1376 2326 1439 2335 ...
1476 2301 1539 2335 ac
1562 2287 1737 2350 maqiS,
1763 2302 1864 2337 om.
1889 2288 1979 2338 N'.
2007 2329 2071 2338 -
2107 2289 2399 2352 etiamnunc,
2419 2290 2487 2340 N.
2514 2332 2579 2341 -.

331 2369 378 2409 et
400 2357 582 2419 eadem,
605 2358 673 2406 D.
712 2372 773 2404 ex
797 2351 979 2415 eadem,
1005 2348 1334 2404 ROSTadr
1358 2351 1544 2416 (Rob.)
1581 2354 1769 2415 exinde,
1793 2356 1928 2404 Pint.
1956 2353 2079 2405 haec
2104 2355 2290 2418 eadem,
2313 2358 2492 2408 Dalec.
2514 2399 2582 2413 .-,

328 2424 636 2491 Euphraten,
661 2425 771 2476 RD
783 2425 873 2474 ad.
908 2419 1231 2489 Euphratem,
1254 2416 1355 2485 βγ.
1396 2463 1459 2471 -
1498 2437 1699 2486 quoque,
1723 2439 1756 2472 a
1779 2419 1964 2486 (Rob.)
2002 2463 2063 2472 -
2104 2422 2343 2489 Sophene,
2367 2426 2583 2480 Barbar..

329 2495 525 2546 RDad
548 2490 729 2555 (Rob.)
773 2492 1028 2557 rophaene,
1053 2505 1101 2540 6.
1151 2488 1221 2540 So
1256 2486 1450 2549 honene,
1476 2491 1627 2538 VosS.
1653 2491 1718 2539 ad
1739 2492 1862 2540 Mel.
1887 2490 1928 2540 1.
1959 2496 2037 2552 11,
2066 2496 2109 2541 1.
2147 2531 2212 2541 ....
2249 2491 2404 2555 circa,
2428 2506 2476 2542 6.
2514 2533 2580 2548 ,-

332 2577 452 2621 eam,
470 2563 591 2612 ΒΤ.
630 2562 787 2622 etiam,
810 2560 949 2609 Dad
980 2555 1163 2620 (Rob.)
1187 2507 1288 2620 ἔγ.
1326 2597 1389 2606 -.
1434 2555 1720 2620 Cumaqene,
1744 2557 1807 2607 Β.
1846 2574 1951 2607 cum
1975 2560 2185 2622 mayiae,
2209 2560 2277 2610 D.
2316 2601 2380 2610 .-
2415 2559 2580 2612 Adia-

331 2632 472 2689 bane,
494 2630 560 2679 Β.
598 2669 661 2678 -..
699 2637 821 2689 ante,
845 2627 954 2678 RD
967 2629 1057 2676 ad.
1095 2633 1257 2685 antea,
1282 2624 1329 2673 T
1347 2616 1389 2670 Θ
1413 2621 1598 2687 (Βοὴ.)
1633 2667 1698 2675 -
1741 2623 1986 2687 Ciciliam,
2010 2627 2141 2676 Rob.
2187 2626 2385 2691 Cicilia,
2410 2643 2459 2679 6.

396 2698 427 2760 5
454 2700 534 2747 67.
579 2693 930 2755 CGCGLXX,
964 2694 1117 2743 etiam
1148 2692 1337 2743 Dicuil.
1372 2698 1420 2753 2,
1457 2698 1506 2741 2.
1544 2734 1608 2741 -.
1644 2710 1683 2754 e,
1708 2693 1770 2742 Β.
1807 2734 1871 2742 -.
1906 2694 2101 2755 Pieria,
2124 2696 2331 2746 Barbar-
2358 2713 2404 2746 a.
2456 2706 2580 2763 epte-

332 2765 427 2824 ria,
450 2765 603 2816 R²D.
655 2762 880 2827 Epieria,
903 2763 1036 2813 Βοὴ.
1084 2760 1292 2825 apter-ia,
1316 2759 1405 2809 13¹.
1449 2751 1688 2828 slsseteria,
1722 2763 1769 2811 d.
1806 2801 1869 2810 -.
1908 2761 2140 2827 Zeuyma,
2165 2765 2237 2813 a².
2297 2763 2580 2830 Zeuymam,

328 2832 564 2883 RDa¹d.
591 2830 838 2892 Zeumam,
863 2832 994 2881 Rob.
1020 2829 1223 2888 Zeuma,
1247 2829 1455 2878 Barbar.
1483 2868 1548 2877 -.
1576 2825 1790 2879 CLXX
1796 2828 1974 2890 V,RD
1986 2827 2311 2894 ad(Dicuil.)
2328 2830 2512 2882 DXX
2519 2832 2579 2894 V,

327 2901 570 2950 Martiani
602 2899 748 2948 codd.
783 2907 834 2947 et
865 2898 1108 2948 editiones
1140 2910 1318 2945 omnes
1350 2903 1468 2945 ante
1500 2896 1672 2959 Kopp.
1711 2937 1774 2946 ...
1821 2905 1877 2957 et,
1910 2897 2094 2946 Dad6
2123 2894 2296 2959 (codd.
2323 2899 2501 2950 Gelen.
2527 2907 2580 2949 et

329 2966 489 3032 Rob.)
523 2967 588 3015 In
609 2967 659 3015 Β
679 2981 867 3015 rasura.
894 3005 958 3013 .-
990 2978 1173 3022 coram,
1195 2963 1263 3011 D.
1290 3003 1354 3011 .-
1387 2963 1692 3024 maritimam,
1716 2965 1834 3013 R²a
1858 2961 2027 3026 (codd.
2054 2963 2259 3027 Gelen.)
2295 2965 2459 3015 maric‘i
2481 2982 2579 3027 am,

330 3036 420 3085 Βῑ.
453 3035 629 3086 Mar-iu
649 3050 744 3094 am,
757 3033 824 3081 D.
845 3030 1151 3091 maritaniae,
1164 3032 1211 3078 d.
1227 3041 1296 3079 ‘—
1316 3028 1518 3094 Syr-iae,
1545 3045 1645 3078 om.
1671 3033 1718 3079 d.
1752 3032 2015 3080 Permulta
2036 3032 2089 3079 in
2112 3031 2216 3080 hoc
2238 3032 2357 3082 loco
2382 3041 2580 3083 mutare

329 3104 440 3152 vult
462 3102 639 3152 Dalcc.
665 3117 694 3150 c
716 3108 898 3159 vetere,
922 3108 980 3149 ut
1003 3099 1088 3158 ait,
1114 3097 1307 3147 codice.
1333 3139 1396 3146 -
1426 3106 1586 3161 atque,
1612 3101 1658 3147 d.
1686 3139 1749 3146 -.
1776 3096 1903 3159 dein,
1926 3098 2094 3149 RDd.
2133 3097 2317 3161 deinde,
2341 3094 2579 3164 αβγέ-

329 3169 615 3229 Phoenicen,
648 3170 740 3218 Ra
773 3163 955 3230 (Rob.)
997 3163 1261 3225 Phoenice,
1296 3166 1344 3214 d.
1388 3164 1640 3225 Phoenice,
1671 3166 1723 3214 D
1758 3161 1931 3226 (codd.
1967 3162 2173 3227 Gelen.)
2205 3161 2307 3230 βγ.
2346 3185 2406 3215 2
2447 3166 2580 3230 dein,

329 3238 537 3287 RDad.
576 3234 767 3297 deinde,
789 3231 890 3299 βγ.
929 3276 991 3284 -.
1029 3230 1242 3299 Syriam,
1274 3234 1409 3282 Rad
1434 3228 1619 3294 (Rob.)
1655 3231 1825 3298 Syria,
1849 3227 2012 3296 Dssr.
2056 3232 2287 3299 Assyria,
2310 3235 2376 3296 Κ.
2423 3233 2469 3285 S
2498 3234 2581 3285 ria

329 3303 660 3366 Antiochena,
693 3306 839 3355 codd.
865 3302 1045 3354 Gelen.
1070 3341 1130 3349 -
1168 3298 1469 3351 Phoenicum
1502 3317 1630 3365 app„
1654 3301 1743 3350 N2.
1778 3340 1842 3350 .-
1873 3300 2037 3364 yloria
2057 3317 2255 3369 mayna,
2279 3302 2410 3355 Rob.
2475 3339 2488 3353 .
2514 3344 2579 3353 .-

332 3389 407 3432 ac,
429 3373 580 3423 Dad.
617 3381 679 3433 et,
703 3373 793 3422 R2.
831 3387 871 3431 e,
894 3370 983 3419 R1.

399 3442 535 3503 §68.
590 3438 814 3497 Cabriae,
838 3453 885 3488 6.
937 3435 1179 3499 G'abriae,
1213 3440 1359 3488 codd.
1392 3436 1619 3487 Barbari.
1655 3476 1718 3484 -..
1771 3432 1992 3498 Οαεείυε,
2024 3439 2153 3488 ΒΙ).
2193 3478 2254 3487 ...
2307 3439 2580 3500 Ostracine,

329 3508 537 3557 Barbar.
561 3508 668 3557 RD
679 3523 724 3556 a.
769 3506 991 3567 Tracine,
1016 3507 1161 3556 Td6.
1216 3502 1482 3567 Trachine,
1504 3521 1543 3554 r.
1592 3504 1830 3555 Ceterum
1852 3506 1986 3555 hanc
2007 3520 2186 3556 vocem
2211 3522 2328 3556 cum
2351 3507 2579 3570 superio-

330 3575 468 3625 ribus
501 3576 665 3624 verbis
699 3575 1104 3637 interpunctione
1136 3573 1300 3635 iungit
1330 3569 1389 3634 β.
1429 3613 1493 3622 -..
1527 3572 1739 3635 Arabia,
1779 3574 1933 3624 RDa
1965 3569 2149 3636 (Βοὴ.)
2201 3574 2402 3624 Arabia
2432 3582 2491 3635 et,
2515 3575 2578 3624 T.

330 3641 553 3693 Arabiae
579 3651 637 3702 et,
661 3643 708 3691 d.
747 3682 810 3690 ..
845 3640 1059 3702 LXVI,
1083 3642 1320 3690 Martian.
1348 3647 1393 3701 6,
1421 3644 1554 3700 679„
1580 3642 1661 3690 cui
1695 3643 1889 3691 accedit
1910 3641 2214 3704 Wesseling.
2239 3644 2305 3691 ad
2326 3642 2577 3691 Antonin.

330 3711 493 3759 itiner.
528 3725 578 3773 p.
618 3715 730 3759 152.
768 3748 832 3758 ...
867 3708 1102 3769 incidens,
1136 3710 1227 3758 N¹.
1287 3706 1476 3770 incidit,
1510 3710 1600 3759 N2.
1639 3748 1702 3758 -.
1737 3708 1954 3769 circuitu,
1987 3710 2093 3759 Ra.
2148 3708 2394 3769 circuitus,
2426 3709 2581 3759 DTd

331 3774 517 3840 (Βοὴ.)
555 3818 619 3826 .-.
653 3776 944 3827 Herodotus
971 3783 1017 3838 2,
1045 3782 1091 3826 6.
1129 3782 1176 3836 3,
1213 3781 1260 3825 5.
1285 3818 1349 3826 .-
1395 3775 1584 3836 Cassio,
1608 3777 1733 3826 RD.
1770 3817 1835 3826 ...
1872 3791 1980 3836 non,
2004 3776 2095 3825 R¹.
2124 3816 2188 3825 .-
2223 3774 2578 3838 Rhinocolura,

329 3846 536 3895 Barbar.
569 3846 678 3895 RD
690 3846 777 3894 ad.
833 3843 967 3895 Rhin
983 3842 1175 3899 :olm-a,
1208 3856 1256 3892 6.
1310 3842 1642 3905 Rinocorura,
1677 3845 1812 3894 Βοὴ.
1849 3884 1914 3893 -.
1959 3841 2221 3908 Rhaphea,
2264 3845 2366 3894 vid.
2399 3844 2576 3908 Steph.

328 3914 456 3977 Byz.
481 3930 520 3963 s.
544 3913 596 3963 h.
620 3929 668 3961 ν.
712 3910 938 3977 Rapeae,
962 3914 1093 3963 B'd.
1141 3908 1381 3975 queyia,
1405 3913 1497 3961 R2.
1533 3910 1764 3975 Rapaea,
1785 3913 1854 3961 D.
1899 3910 2156 3975 Rapaeae,
2182 3912 2253 3961 a¹.
2287 3909 2578 3977 Raphaeae,

330 3985 400 4031 αἳ.
453 3980 754 4046 Rhaphaea,
780 3982 924 4030 codd.
947 3978 1174 4030 Barbari.
1227 3978 1513 4044 Rhaphace,
1536 3993 1584 4026 6.
1636 3976 1897 4043 Raphace,
1921 3979 2056 4028 Βοὴ.
2116 3979 2438 4043 Rhaphanea,
2463 3979 2576 4031 Sal-

329 4064 455 4099 mas.
480 4064 645 4099 exerc.
680 4063 730 4112 p.
764 4053 878 4098 435.
911 4049 960 4099 b.
987 4047 1045 4098 C.
1083 4087 1146 4096 -.
1190 4044 1350 4108 Gaza,
1372 4047 1506 4096 Βοὴ.
1548 4045 1712 4107 Zaza,
1736 4046 1968 4097 RDa¹d.
2010 4063 2166 4110 yafa,
2198 4050 2271 4096 a2.
2307 4089 2371 4097 -
2406 4046 2577 4114 Arqa-

331 4118 418 4178 ris,
438 4118 542 4167 RD
556 4119 645 4166 ad.
681 4115 915 4180 Anyaris,
940 4117 977 4165 h
1003 4111 1186 4176 (Rob.)
1202 4110 1262 4177 β.
1289 4155 1353 4164 .-
1371 4129 1468 4178 per
1491 4130 1642 4175 oram,
1667 4115 1830 4164 RDa.
1861 4129 1955 4180 per
1977 4115 2068 4164 orii
2091 4115 2154 4176 in,
2179 4117 2226 4166 d.
2252 4131 2425 4180 perca,
2441 4116 2576 4166 Βοὴ.

332 4224 397 4233 -.
427 4183 662 4243 Ascalon,
686 4185 778 4234 R2.
828 4183 1032 4243 Acsalo,
1056 4197 1103 4231 6.
1143 4225 1205 4233 -.
1240 4181 1442 4244 Azotus,
1475 4185 1534 4232 a²
1566 4178 1754 4244 (Βοὴ.)
1795 4179 1995 4243 Azotos,
2020 4184 2091 4232 a'.
2144 4180 2371 4244 Azostos,
2394 4176 2577 4232 RDO.

329 4252 544 4301 Azostos
568 4269 608 4313 e,
634 4254 681 4302 d.
719 4293 782 4302 -.
819 4250 1059 4312 Ianmiae,
1088 4252 1295 4302 Barbar.
1329 4249 1551 4311 Iamne-5,
1582 4251 1741 4300 altera
1771 4251 1982 4300 Barbari
2016 4251 2320 4315 coniectura,
2342 4246 2399 4314 β.
2453 4251 2577 4302 Hio-

333 4334 481 4382 mnes,
505 4321 593 4369 R'.
638 4318 875 4383 Hamnes,
900 4321 966 4370 D.
1003 4319 1199 4382 Amnes,
1224 4321 1395 4370 R²ad.
1443 4317 1672 4380 Samnes,
1695 4332 1742 4368 6.
1783 4359 1844 4368 ...
1892 4318 1999 4381 duo,
2024 4319 2158 4370 md.
