2961 4861
364 281 490 352 472
1069 307 1475 354 NATURAms
1521 307 1910 354 ms'romAE

364 456 504 522 auri
546 465 1006 542 permutarent,
1064 460 1351 537 alteram,
1404 458 1519 523 ubi
1564 480 1743 523 sacer
1791 480 1974 523 mons
2018 479 2259 544 opacus
2305 458 2472 525 silva
2515 481 2634 525 ne-

364 570 588 645 pertus
653 569 823 624 esset
842 607 861 637 ,
931 559 1291 625 destillante
1348 558 1684 625 arboribus
1744 560 1939 625 odore
1996 560 2195 625 mirae
2255 561 2634 638 suavitatis,

366 671 586 726 contra
617 658 828 724 sinum
854 660 1210 726 Persicum.
1273 658 1489 725 Cerne
1530 660 1895 725 nominatur
1935 662 2149 728 insula
2178 661 2454 727 adversa
2478 662 2632 727 Ae-

369 762 648 848 thiopiae
664 810 683 841 ‚
741 762 924 827 cuius
976 784 1186 847 neque
1243 760 1618 848 magnitudo
1674 785 1887 847 neque
1929 763 2336 827 intervallum
2378 787 2420 827 a
2464 786 2631 829 con-

368 863 611 929 tinente
656 872 938 940 constat3
1005 863 1362 948 Aethiopas
1407 873 1657 926 tantum
1698 863 1978 949 populos
2018 863 2258 930 habere
2299 865 2629 950 proditur.

366 963 669 1049 Ephorus
727 971 950 1027 auctor
1019 972 1119 1028 est
1177 986 1217 1026 a
1269 962 1463 1027 rubro
1529 962 1689 1030 mari
1750 963 2116 1051 navigantis
2168 964 2238 1028 in
2290 988 2440 1030 eam
2491 988 2629 1030 non

366 1085 558 1149 posse
600 1071 868 1148 propter
911 1063 1171 1128 ardores
1211 1062 1384 1127 ultra
1424 1062 1738 1147 quasdam
1780 1064 2110 1132 columnas
2138 1116 2223 1128 -
2252 1063 2349 1128 ita
2392 1061 2627 1150 appel-

365 1163 581 1227 lantur
610 1185 847 1248 parvae
877 1162 1125 1228 insulae
1147 1217 1228 1227 ....
1250 1163 1541 1248 provehi.
1584 1163 1901 1247 Polybius
1940 1163 2011 1227 in
2040 1173 2328 1229 extrema
2347 1163 2627 1229 Maure-

368 1263 540 1328 tania
569 1273 792 1328 contra
818 1273 1099 1329 montem
1124 1263 1456 1328 Atlantem
1497 1287 1535 1328 a
1576 1274 1745 1329 terra
1788 1264 1994 1328 stadia
2034 1286 2154 1328 vm
2196 1264 2423 1330 abesse
2467 1288 2628 1350 pro-

370 1355 534 1430 didit
558 1362 833 1444 Cernen,
863 1364 1083 1450 Nepos
1107 1362 1444 1430 Cornelius
1475 1386 1557 1429 ex
1587 1365 1859 1431 adverso
1888 1386 2184 1429 maxume
2204 1362 2630 1453 Carthaginis

373 1490 413 1532 a
460 1465 824 1532 continente
867 1488 933 1551 p·.
973 1470 1053 1545 Ξ,
1108 1488 1238 1530 non
1280 1466 1656 1553 ampliorem
1701 1465 1974 1530 circuitu
2015 1487 2135 1529 ma.
2202 1464 2515 1530 Traditur
2558 1477 2633 1531 et

371 1567 497 1631 alia
537 1567 747 1631 insula
791 1576 1012 1631 contra
1051 1577 1334 1632 montem
1369 1565 1722 1645 Atlantem,
1769 1576 1835 1631 et
1875 1566 2021 1651 ipsa
2063 1553 2350 1630 Atlantis
2395 1568 2627 1652 appel-

2661 981 2766 1026 199

369 1668 520 1732 lata.
561 1665 671 1732 Ab
718 1690 794 1732 ea
833 1690 879 1732 v
922 1668 1174 1732 dierum
1213 1666 1769 1755 praenavigationi
1809 1666 2189 1734 solitudines
2227 1667 2311 1730 ad
2342 1662 2627 1733 Aethio-
2657 1685 2764 1731 200

372 1791 491 1854 pas
549 1767 905 1852 Hesperias
971 1778 1035 1833 et
1095 1767 1601 1854 promontorium
1659 1767 1835 1851 quod
1889 1767 2259 1832 vocavimus
2313 1765 2627 1855 Hesperu

377 1891 587 1947 ceras,
632 1869 783 1933 inde
822 1869 1108 1954 *primum
1154 1868 1629 1956 circumagente
1674 1889 1744 1933 se
1786 1877 2102 1933 terrarum
2133 1866 2358 1950 ,fionte
2399 1867 2468 1932 in
2512 1889 2624 1933 oc-

374 1992 595 2035 casum
624 1992 699 2034 ac
726 1991 901 2035 mare
928 1957 1349 2036 Atlanticum.
1399 1966 1644 2034 Contra
1680 1968 1801 2033 hoc
1832 1985 2085 2052 quoque
2113 1968 2626 2052 promontorium

377 2069 714 2156 Gorgades
758 2070 1003 2137 insulae
1044 2083 1405 2150 narrantur,
1453 2068 1832 2156 Gorgonum
1870 2069 2192 2154 quondam
2224 2070 2473 2149 domuS,
2519 2069 2624 2136 bi·

378 2172 490 2237 dui
540 2170 949 2259 navigatione
1003 2172 1309 2237 distantes
1367 2195 1406 2236 a
1448 2171 1841 2249 continente,
1897 2180 1973 2234 ut
2015 2163 2213 2234 tradit
2251 2169 2626 2257 Xenophon

377 2274 881 2365 Lampsacenus.
926 2272 1303 2339 Penetravit
1342 2272 1411 2337 in
1454 2295 1565 2338 eas
1607 2271 1842 2336 Hanno
1884 2269 2255 2336 Poenorum
2293 2272 2626 2358 inperator

378 2375 789 2463 prodiditque
841 2374 1010 2440 hirta
1051 2374 1430 2440 feminarum
1473 2395 1774 2460 corpora,
1831 2371 2004 2438 viros
2045 2373 2426 2460 pernicitate
2470 2389 2624 2441 eva-

381 2481 561 2558 sisse,
607 2480 1003 2562 duarumque
1035 2475 1413 2564 Gorgadum
1456 2477 1624 2542 cutis
1663 2474 2023 2563 argumenti
2053 2484 2119 2540 et
2153 2476 2445 2541 miraculi
2474 2500 2625 2565 gra-

383 2581 472 2643 tia
499 2580 569 2643 in
595 2578 861 2644 Iunonis
892 2578 1127 2664 templo
1155 2576 1396 2662 posuit,
1441 2585 1762 2662 spectatas
1801 2596 2010 2658 usque
2052 2574 2138 2640 ad
2166 2574 2625 2663 Carthaginem

383 2689 656 2765 captam.
713 2677 905 2745 Ultra
944 2676 1060 2742 has
1106 2677 1454 2744 etiamnum
1496 2697 1545 2738 11
1587 2674 2027 2765 Hesperidum
2067 2675 2318 2744 insulae
2360 2700 2624 2743 narran-
2651 2697 2749 2741 201

450 2886 626 2948 altera,
649 2886 714 2939 R.
753 2925 816 2934 ...
850 2899 984 2934 mons
1005 2890 1161 2944 sacer,
1187 2884 1234 2933 d.
1269 2923 1331 2930 -
1368 2882 1615 2943 silvarum,
1637 2898 1665 2931 r
1688 2880 1872 2946 (Rob.)
1899 2922 1961 2936 ...
1998 2881 2293 2944 destillante,
2316 2876 2430 2933 Re.
2467 2880 2626 2933 distil-

382 2956 529 3016 lante,
552 2955 677 3004 Tdr
699 2950 883 3014 (Rob.)
933 2949 1308 3012 distillantibus,
1340 2945 1439 3013 βγ.
1479 2990 1539 2999 ..
1586 2947 1836 3013 myrrhae,
1867 2966 1907 3000 r.
1944 2989 2008 2999 -.
2054 2949 2342 3011 suavitatis,
2365 2959 2529 3000 eontra
2550 2949 2621 2999 si-

381 3039 492 3072 num
522 3020 787 3072 Persicum.
855 3017 1011 3068 Cerne
1048 3019 1322 3069 nominatur
1362 3017 1553 3078 insula,
1592 3018 1729 3068 Pint.
1770 3010 1827 3067 θ.
1886 3016 2180 3073 suavitatis.
2215 3014 2402 3067 Contra
2429 3036 2470 3067 s.
2504 3017 2627 3068 Per-

381 3089 534 3140 sicum
569 3086 718 3139 Cerne
753 3088 924 3138 nomin.
956 3086 1137 3146 insula,
1172 3080 1371 3149 Rdssr.
1407 3123 1472 3134 ...
1510 3102 1559 3146 a,
1594 3098 1695 3135 om.
1718 3083 1783 3134 R.
1821 3124 1884 3133 .-.
1922 3093 2123 3146 tantum,
2153 3098 2254 3133 om.
2279 3087 2354 3135 d¹.
2394 3125 2457 3134 ...
2492 3083 2628 3136 habi-

383 3166 508 3217 tare,
530 3173 571 3206 r.
2095 3172 2098 3175 ·

452 3245 481 3306 ξ
509 3248 623 3295 199.
675 3240 928 3307 Ephorus,
955 3243 1020 3290 R.
1084 3248 1140 3289 ut
1168 3236 1415 3304 Ephorus,
1447 3239 1555 3288 Td.
1623 3237 1744 3292 Vid.
1777 3236 1957 3300 fragm.
1993 3243 2075 3288 96.
2109 3254 2155 3288 a.
2193 3241 2271 3288 ed.
2303 3238 2511 3288 Mffller.
2564 3278 2627 3289 ....

380 3309 600 3378 pervehi,
619 3312 682 3360 R.
720 3349 785 3361 ...
819 3308 1050 3375 Polybius
1075 3308 1138 3357 Τ.
1162 3307 1228 3356 V.
1252 3322 1304 3371 p.
1330 3310 1413 3357 47.
1438 3306 1517 3354 ed.
1543 3304 1829 3369 Schweigh.
1859 3344 1924 3355 ...
1961 3315 2226 3356 extremam
2249 3303 2628 3365 Mauretaniam,

386 3396 434 3444 d.
473 3433 536 3443 .-.
572 3389 739 3458 Nepos
761 3407 812 3457 p.
837 3394 954 3442 370.
975 3391 1135 3445 Heus,
1175 3430 1237 3439 .-
1275 3407 1324 3453 α,
1350 3390 1514 3443 omitt·
1539 3391 1673 3444 Td2.
1714 3430 1777 3440 -
1812 3371 1890 3454 ,ᾗ
1912 3392 1976 3441 R.
2010 3389 2154 3452 mille,
2179 3385 2324 3455 ᾶβγ.

454 3493 484 3555 ξ
510 3500 624 3546 200.
666 3491 756 3542 Ad
778 3490 898 3552 eam,
923 3493 971 3542 d.
1010 3531 1073 3540 -.
1110 3490 1309 3541 duorum
1334 3490 1538 3552 dierum,
1562 3507 1601 3541 r.
1640 3531 1703 3541 .-
1742 3490 2194 3556 praenaviyationi,
2226 3483 2329 3540 Od.
2366 3489 2629 3555 praenavi-

385 3561 614 3627 9ationis,
639 3562 704 3612 R.
735 3557 1188 3625 praenaviqatione,
1212 3559 1274 3607 T.
1319 3573 1388 3615 na
1427 3557 1438 3568 ⁶
1465 3561 1637 3620 atione,
1657 3554 1760 3622 βγ.
1799 3599 1862 3607 -
1896 3558 2190 3622 Hesperias,
2215 3558 2291 3607 ita
2311 3574 2407 3608 nos
2429 3559 2626 3621 scripsi-

386 3646 500 3680 mus
526 3630 641 3679 coll.
668 3631 698 3693 §
720 3634 833 3678 195.
862 3630 974 3677 197.
1010 3623 1293 3689 Hesper-im,
1312 3574 1517 3688 Βᾱᾜγ.
1544 3666 1607 3674 ...
1626 3625 1900 3676 vocavimus
1923 3624 1953 3686 ξ
1982 3630 2095 3677 197.
2121 3666 2186 3675 -
2211 3625 2461 3691 Hesperu,
2485 3626 2631 3676 R'rd

389 3695 574 3759 (Rob.)
609 3696 896 3760 Hesperion,
928 3690 973 3755 β
988 3707 1038 3758 γ.
1079 3732 1139 3740 ..
1178 3708 1384 3756 quoque,
1417 3686 1632 3743 RGTd.
1671 3693 1785 3744 Om.
1810 3689 1868 3754 β.
1907 3734 1970 3742 ...
2006 3692 2333 3758 naviyatione‚
2368 3695 2499 3743 Bob'.
2544 3709 2630 3742 na-

389 3763 665 3830 vigationis,
689 3765 797 3813 Rd.
826 3803 888 3812 ...
926 3761 1177 3821 distantes,
1202 3763 1249 3810 d.
1287 3758 1637 3824 distantesque,
1660 3761 1795 3811 Rob.
1834 3758 2082 3822 distantis,
2106 3761 2170 3811 R.
2207 3760 2446 3810 Ceterum
2465 3774 2512 3809 v.
2538 3760 2629 3810 So-

387 3833 478 3882 lin.
506 3837 692 3892 56,.10.
732 3870 795 3879 -.
830 3848 880 3891 a,
905 3845 1004 3879 om.
1029 3829 1157 3879 Rob.
1196 3867 1260 3876 ...
1296 3826 1614 3892 duarumque,
1638 3829 1745 3878 RT
1758 3829 1804 3876 d.
1851 3827 2082 3890 duarum,
2113 3820 2217 3878 ΘΚ
2239 3825 2425 3890 (Rob.)
2469 3825 2631 3891 τρεῖς,

387 3899 659 3949 Hannonis
682 3897 916 3960 Periplus
948 3904 1000 3947 et
1023 3894 1275 3947 Gosselin.
1302 3895 1602 3945 recherches
1626 3911 1712 3946 sur
1736 3896 1790 3944 la
1811 3896 2090 3959 geograph.
2121 3900 2167 3956 1,
2196 3900 2309 3945 136.
2335 3935 2400 3944 -
2443 3893 2629 3960 Gorya-

390 3964 521 4026 dum,
546 3957 746 4015 ROTd
771 3962 945 4026 (codd.
970 3964 1185 4015 Salmas.
1211 3977 1375 4012 exerc.
1399 3976 1450 4026 p.
1476 3967 1591 4012 915.
1616 3979 1661 4012 a.
1686 3959 1774 4025 B.)
1818 3960 2102 4028 Goryonum,
2125 3963 2259 4012 Rob.
2283 3957 2384 4026 βγ.
2421 4002 2485 4011 ....
2526 3969 2630 4025 yut·

392 4033 471 4093 tis,
495 4035 586 4082 12¹.

456 4129 487 4192 ς
512 4137 628 4181 201.
664 4114 1006 4196 Hesperidum,
1030 4123 1243 4183 ΒθΤᾱ.
1280 4130 1598 4195 Hesperides,
1622 4126 1680 4191 β.
1721 4171 1784 4179 -
1833 4129 2068 4191 1200‚Rd.
2114 4129 2249 4192 haec,
2272 4125 2373 4194 βγ.
2413 4169 2476 4179 ...
2514 4126 2630 4179 sat-

393 4196 503 4259 tius,
526 4199 633 4249 Rd.
671 4238 734 4248 ...
773 4198 864 4259 his,
889 4201 936 4248 d.
976 4239 1037 4249 .-
1074 4199 1317 4262 Hesperu,
1342 4190 1485 4247 Red
1520 4197 1690 4261 (codd.
1727 4196 1971 4260 Salmas.)
2025 4197 2311 4263 Hesper-ion,
2332 4192 2391 4258 β.
2444 4195 2630 4260 Hespe-

966 4468 1013 4489 “...
