2961 4861
380 311 502 373 124
1075 324 1482 371 NATURAms
1528 322 1918 370 ms'ronmn

378 486 477 541 est
532 475 800 541 dubium
851 475 919 539 in
972 475 1296 541 exortibus
1348 474 1676 539 matutinis
1728 475 2076 539 etiamnum
2140 475 2364 562 augeri
2422 485 2626 558 atque

377 601 417 642 a
459 578 837 643 stationibus
880 577 1103 661 primis
1150 577 1262 640 tris
1307 576 1668 661 superiores
1711 576 2063 640 diminuere
2107 597 2315 659 usque
2358 576 2444 640 ad
2482 587 2624 642 sta-

379 680 582 743 tiones
640 677 974 743 secundas.
1073 673 1260 757 Quae
1316 698 1463 740 cum
1517 676 1609 739 ita
1666 676 1792 741 sint
1812 723 1831 755 ,
1892 676 2304 741 manifestum
2357 677 2483 744 erit
2534 677 2624 742 ab
2655 702 2720 747 5⁹

379 789 610 844 exortu
650 778 963 843 matutino
1003 777 1371 842 latitudines
1417 777 1639 842 scandi
1660 824 1680 855 ,
1740 778 2041 860 quoniam
2096 777 2165 840 in
2219 800 2295 842 eo
2336 777 2626 862 primum

378 880 604 945 habitu
644 878 913 963 incipiat
952 877 1210 963 parcius
1254 876 1422 941 adici
1463 887 1702 957 motus,
1741 878 1816 958 ,in
1860 877 2242 943 stationibus
2284 900 2441 942 vero
2481 879 2621 963 pri-

378 981 499 1043 mis
545 989 610 1043 et
662 978 1066 1043 altitudinem
1109 978 1327 1043 subire
1350 1026 1368 1055 ,
1431 980 1732 1061 quoniam
1790 989 1926 1043 tum
1978 979 2257 1064 primum
2309 979 2625 1064 incipiant

380 1080 630 1146 detrahi
670 1080 931 1170 numeri!
966 1079 1313 1163 stellaeque
1355 1080 1665 1156 retroire3
1725 1080 1907 1145 cuius
1959 1080 2056 1146 rei
2107 1079 2268 1144 ratio
2320 1079 2624 1165 privatim

377 1181 708 1247 reddenda
750 1191 868 1245 est.
939 1179 1297 1245 Percussae
1348 1181 1417 1243 in
1472 1202 1602 1264 qua
1643 1180 1923 1246 diximus
1965 1192 2150 1267 parte
2193 1191 2262 1247 et
2302 1180 2623 1267 triangulo

381 1283 529 1347 solis
570 1283 751 1347 radio
794 1281 1162 1346 inhibentur
1202 1292 1452 1347 rectum
1496 1304 1689 1370 agere
1735 1291 2027 1361 cursum,
2074 1293 2138 1349 et
2177 1283 2371 1369 ignea
2413 1280 2481 1344 vi
2523 1280 2618 1345 le·-

379 1394 612 1449 vantur
661 1384 729 1448 in
778 1382 1068 1447 sublime.
1141 1381 1291 1446 Hoc
1343 1404 1472 1446 non
1524 1383 1816 1468 protinus
1867 1383 2156 1470 intellegi
2206 1392 2423 1467 potest
2474 1382 2622 1445 visu
2651 1407 2723 1453 το

379 1494 599 1549 nostro
650 1483 925 1566 ideoque
980 1482 1446 1556 existumantur
1500 1492 1672 1548 stare
1695 1531 1714 1560 ,
1769 1484 1941 1548 unde
1986 1494 2052 1548 et
2093 1505 2324 1548 nomen
2369 1482 2623 1567 accepit

381 1586 588 1651 statio.
646 1582 1071 1671 Progreditur
1111 1583 1343 1647 deinde
1388 1583 1676 1648 eiusdem
1716 1584 1860 1650 radi
1901 1584 2203 1650 violentia
2245 1593 2310 1648 et
2350 1582 2622 1647 retroire

383 1687 558 1775 cogit
599 1695 802 1773 vapor
843 1707 1274 1770 repercussas.
1332 1683 1547 1749 Multo
1575 1686 1646 1749 id
1671 1686 1877 1773 magis
1905 1685 1975 1750 in
2002 1684 2368 1771 vespertino
2399 1704 2622 1747 earum

385 1798 611 1853 exortu
626 1837 645 1866 ,
693 1798 824 1852 toto
855 1785 986 1850 sole
1015 1786 1285 1850 adverso
1300 1834 1317 1865 ,
1365 1808 1513 1851 cum
1553 1786 1621 1849 in
1664 1809 1945 1851 summas
1987 1787 2244 1873 apsidas
2286 1786 2621 1871 expellun-

386 1897 491 1950 tur
531 1888 941 1966 minumeque
986 1896 1366 1963 cernuntur,
1415 1886 1716 1969 quoniam
1759 1886 2063 1951 altissime
2106 1886 2345 1952 absunt
2388 1896 2455 1950 et
2495 1884 2619 1948 mi-

383 2009 578 2051 numo
633 1985 929 2049 feruntur
979 1994 1158 2047 motu
1181 2033 1200 2062 ,
1262 1996 1439 2049 tanto
1491 1986 1733 2051 minore
1756 2034 1775 2064 ,
1834 1981 1981 2052 cum
2022 1986 2146 2052 hoc
2185 1987 2254 2050 in
2297 1984 2624 2050 altissimis

300 2071 308 2086 '
385 2086 681 2171 apsidum
724 2085 936 2149 evenit
979 2086 1198 2172 signis.
1258 2085 1367 2150 Ab
1398 2098 1627 2151 exortu
1657 2089 2023 2173 vespertino
2049 2088 2321 2152 latitudo
2350 2087 2622 2153 descen·
2651 2110 2710 2157 71

378 2188 579 2264 ditur,
623 2185 880 2271 parcius
921 2185 1049 2249 iam
1093 2207 1160 2249 se
1203 2186 1530 2252 minuente
1571 2199 1770 2267 motu,
1815 2212 1944 2255 non
1982 2203 2198 2253 tamen
2229 2199 2377 2253 ante
2406 2187 2625 2252 statio-

384 2310 500 2354 nes
544 2287 861 2353 secundas
904 2293 1205 2374 augente,
1252 2310 1398 2353 cum
1430 2297 1496 2352 et
1529 2289 1796 2355 altitudo
1827 2289 2261 2369 descenditur,
2309 2311 2620 2375 superve-

384 2390 599 2457 niente
658 2387 740 2455 ab
797 2387 920 2453 alio
976 2388 1175 2456 latere
1245 2388 1427 2454 radio
1484 2391 1835 2475 eademque
1888 2391 1953 2457 vi
2003 2413 2229 2457 rursus
2282 2392 2365 2456 ad
2419 2400 2622 2456 terras

385 2491 786 2577 deprimente
810 2538 829 2568 ,
894 2512 1059 2574 quae
1126 2491 1455 2556 sustulerit
1506 2493 1575 2554 in
1628 2493 1876 2558 caelum
1929 2515 1965 2558 e
2021 2493 2234 2578 priore
2289 2493 2619 2576 triquetro.

386 2591 669 2655 Tantum
710 2591 977 2655 interest
997 2638 1016 2667 ,
1069 2578 1345 2654 subeant
1398 2591 1562 2659 radii
1615 2615 1699 2656 an
1742 2594 2197 2679 superveniant
2218 2641 2237 2672 ,
2293 2594 2622 2676 multoque

390 2693 616 2757 eadem
668 2689 876 2776 magis
927 2690 996 2753 in
1049 2691 1416 2775 vespertino
1470 2714 1706 2758 occasu
1748 2695 2066 2761 accidunt.
2139 2695 2326 2760 Haec
2370 2704 2468 2759 est
2510 2715 2620 2757 su-

385 2791 712 2878 periorum
769 2790 1094 2854 stellarum
1148 2791 1310 2856 ratio
1334 2839 1353 2870 ,
1427 2792 1749 2859 difficilior
1797 2795 2186 2880 reliquarum
2239 2806 2304 2861 et
2357 2818 2396 2860 a
2447 2795 2623 2860 nullo
2717 2868 2718 2871 Ἴ

385 2904 533 2959 ante
575 2915 692 2958 nos
733 2891 1005 2957 reddita.

360 3108 366 3113 ,
443 3067 713 3130 etiamnum,
736 3068 845 3119 ΒΤ
862 3060 959 3117 Ga.
996 3066 1282 3129 etiamnunc,
1308 3071 1355 3118 d.
1391 3077 1436 3117 et
1457 3084 1653 3131 annum,
1670 3071 1731 3120 P.
1769 3071 1912 3121 etiam
1936 3085 2200 3132 numerum,
2210 3066 2270 3132 β.
2292 3112 2355 3120 .-
2378 3080 2491 3132 tres,
2517 3085 2616 3120 om.

376 3140 419 3195 -d
439 3139 470 3186 ¹.
511 3177 573 3185 .-.
611 3133 887 3197 diminuere,
913 3137 1057 3186 Tad.
1096 3132 1381 3197 deminuere,
1406 3137 1470 3185 R.
1509 3134 1735 3198 diminui,
1759 3133 1911 3201 Pssr.
2565 3156 2572 3159 ¹

454 3202 484 3262 ἓ
511 3209 592 3253 69.
617 3201 719 3252 sint
759 3219 859 3252 om.
884 3204 982 3251 R1.
1022 3243 1085 3251 ....
1122 3201 1404 3264 latitudine,
1438 3217 1589 3253 aa...
1625 3204 1810 3267 habitu,
1833 3197 2123 3255 RGPadr.
2169 3205 2324 3266 abitu,
2346 3200 2405 3265 β.
2447 3245 2508 3254 -.
2548 3204 2619 3254 in-

385 3269 559 3333 cipiet,
590 3271 640 3319 Β
662 3273 671 3300 ¹
692 3239 820 3318 dar.
864 3269 1074 3344 ῑηςερῑει,
1107 3270 1166 3318 Β
1213 3270 1499 3334 incipiatur,
1533 3273 1581 3321 Β
1600 3274 1634 3320 ².
1684 3272 1936 3336 incipiant,
1974 3268 2117 3336 ᾱβγ.
2166 3313 2228 3321 .-
2271 3273 2488 3337 partius,
2520 3273 2570 3321 Β
2591 3274 2618 3319 ¹.

379 3334 628 3400 partibus,
651 3337 710 3383 P.
738 3374 801 3382 ....
839 3332 995 3393 adici,
1019 3336 1083 3383 R.
1121 3335 1304 3396 abdici,
1327 3339 1387 3387 P.
1426 3379 1489 3386 .-.
1528 3346 1576 3388 et
1600 3338 1665 3399 in,
1692 3340 1743 3389 R
1764 3343 1792 3387 '.
1825 3377 1882 3386 -
1918 3347 1980 3400 et,
2006 3341 2109 3395 ΒΡ
2126 3342 2215 3389 ad.
2252 3358 2330 3400 ac,
2354 3352 2403 3389 σ.
2442 3339 2618 3390 Omitt.

384 3415 467 3465 rr.
507 3441 570 3449 .-
606 3398 938 3461 altitudinem,
962 3401 1202 3450 R'I'adr.
1239 3400 1509 3464 altitudine,
1532 3401 1685 3466 Ρσβ.
1726 3447 1787 3454 -.
1826 3423 1949 3468 cum,
1982 3406 2041 3456 P.
2082 3446 2144 3455 -..
2180 3406 2443 3472 incipiant,
2478 3409 2618 3457 R2d.

387 3466 617 3530 incipiat,
648 3458 1083 3542 R¹8Parr37
1114 3469 1319 3529 numeri,
1355 3470 1463 3519 Rd.
1512 3471 1749 3534 numeris,
1791 3465 1882 3522 Or.
1922 3488 2170 3535 numerus,
2202 3475 2350 3538 Par.
2390 3515 2454 3524 -
2490 3473 2619 3523 dixi·

385 3550 504 3594 mus,
529 3531 560 3593 ἓ
587 3539 666 3583 59.
707 3573 769 3581 -..
806 3532 949 3582 radio
974 3533 1269 3595 inhibentur,
1295 3549 1396 3584 om.
1420 3536 1470 3584 R
1491 3539 1522 3585 ¹.
1561 3537 1710 3588 radio
1734 3540 1992 3602 inhiberet,
2013 3541 2075 3590 P.
2115 3582 2175 3589 -
2215 3543 2266 3591 in
2292 3542 2455 3604 iqnea,
2480 3542 2577 3592 122.

453 3599 483 3661 ξ
520 3604 601 3651 70.
644 3597 875 3663 intelleyi,
908 3600 972 3648 R.
1013 3639 1074 3646 ..
1106 3609 1270 3662 potest
1300 3602 1417 3652 voci
1452 3601 1545 3653 int.
1580 3608 1910 3668 praemittunt
1952 3610 2040 3657 ad.
2080 3648 2143 3657 .-
2181 3606 2365 3670 eidem,
2408 3610 2507 3659 13¹.
2557 3649 2618 3657 -.

386 3667 590 3735 «πορίων,
613 3668 671 3718 Ρ.
712 3708 774 3715 ..-
810 3681 984 3729 vapor,
1019 3667 1173 3716 RPa.
1221 3684 1423 3734 vapore,
1457 3671 1564 3722 Td.
1603 3714 1666 3721 -
1703 3690 2044 3738 repercussas,
2078 3677 2141 3724 R.
2192 3690 2479 3740 percussas,
2511 3677 2618 3726 Td.

382 3734 1190 3864 {eittsssszkisffiezizssiff’
1225 3750 1333 3853 ἷξε·
1351 3777 1414 3854 ἰζ
1449 3749 1653 3866 ifim'
1678 3742 1726 3791 R
1743 3744 1796 3854 ζ’..
1819 3781 1900 3856 ‘iz
1919 3740 2163 3858 “33⁰⁴
2188 3743 2238 3792 Β
2253 3745 2387 3820 ²1².‹1.·
2425 3759 2617 3804 “²²⁰m’

382 3872 446 3919 R.
481 3909 543 3917 -.
580 3869 773 3928 minore,
796 3869 1003 3918 Barbar.
1041 3817 1266 3932 minoees,
1291 3871 1397 3945 ΒΤ
1415 3864 1554 3923 &Pa
1568 3820 1957 3937 {esqtiofl'engn
1980 3826 2221 3939 ideptiun
2231 3825 2453 3940 νῖἕέἐὲιτῒ
2475 3825 2618 3928 dm

384 3936 627 4052 {nodopin
657 3936 1068 3999 praecedentibus
1101 3937 1420 4003 minimaeque
1450 3941 1663 4004 legatur.
1712 3981 1774 3990 ....
1821 3959 1940 4005 cm,
1972 3945 2172 3994 RPad.
2219 3954 2417 4007 quanto,
2455 3946 2517 3995 Τ.
2556 3985 2618 3994 -

421 4020 509 4052 aec
595 4039 607 4051 .

453 4040 590 4128 5371.
628 4066 960 4130 descenditur,
984 4071 1132 4121 Rad.
1181 4072 1504 4137 distenditur,
1527 4077 1587 4127 P.
1636 4073 1905 4136 descendit,
1932 4077 1994 4126 T.
2036 4114 2098 4126 ...-
2139 4078 2256 4140 iam,
2281 4080 2462 4130 mad.
2507 4090 2618 4139 tam,

385 4137 484 4187 ΒΚ
521 4145 694 4196 tamen,
727 4137 786 4186 P.
826 4177 886 4185 -.
927 4146 1103 4201 tamen,
1138 4154 1240 4189 om.
1275 4141 1334 4189 P.
1376 4183 1436 4190 .-
1475 4153 1693 4206 amente,
1727 4136 2080 4194 RTGPadr.
2136 4155 2331 4209 emente,
2365 4142 2424 4207 β.
2472 4163 2618 4226 auge-

385 4212 562 4264 scente,
586 4204 761 4254 Delec.
799 4244 859 4252 ...
897 4214 955 4266 et,
983 4219 1083 4254 om.
1110 4208 1157 4256 d.
1184 4246 1247 4256 -.
1286 4204 1610 4269 distenditur,
1634 4211 1692 4260 P.
1723 4251 1782 4260 -
1818 4209 2087 4276 eodemque,
2111 4225 2159 4260 σ.
2188 4254 2249 4263 ..-
2286 4228 2427 4277 quae,
2454 4221 2616 4264 omm-

598 4512 743 4619 *H
