2961 4861
1216 339 1596 385 PRAEFATIO.
2317 342 2538 384 XXXIX

281 494 480 555 Ulitio
517 494 596 553 ad
637 490 806 552 Grat.
852 491 1074 572 Cyneg.
1106 488 1248 554 108.
1301 471 1543 555 canteri·
1568 493 1754 552 codex
1784 477 2274 553 commemoratur
2300 512 2340 552 a
2365 495 2538 554 Iusto

276 605 543 680 Iosepho
582 601 881 680 scaligero
907 603 970 661 in
998 602 1230 663 Yvonis
1259 601 1595 687 Villiomari
1622 602 2042 662 animadversis
2071 621 2132 679 p.
2165 598 2332 674 186„
2368 605 2538 663 Chri·

276 717 475 774 atinae
522 713 759 788 reginae
806 713 994 771 codex
1040 712 1295 771 fortasse
1342 711 1497 770 idem
1546 729 1681 771 cum
1723 709 2122 771 ottoboniano
2177 711 2408 788 Zoegae
2461 713 2537 771 ad

279 818 353 894 5,
375 818 476 882 18.
505 817 641 892 8,2.
678 822 1011 882 Giacconius
1036 821 1100 880 in
1125 821 1277 880 libro
1305 821 1379 880 de
1408 820 1656 880 triclinio
1684 820 1994 896 aliquoties
2024 820 2283 879 codicem
2312 820 2537 891 laudat,

273 949 464 1007 quem
487 930 566 988 ad
583 928 731 987 Mel.
759 930 843 995 ΙΙ.
871 927 932 1002 7,
959 925 1060 990 13.
1088 929 1556 1005 antiquissimum
1582 930 1724 988 dicit
1747 928 1881 988 coll.
1904 929 2064 988 Plin.
2080 925 2144 1000 4,
2168 924 2272 988 61.
2310 930 2539 990 Cor-tius

273 1040 546 1101 codicem
583 1038 791 1099 habuit
800 1080 820 1110 ,
860 1057 1039 1115 quem
1077 1045 1595 1099 commemoratum
1636 1038 1798 1098 vides
1835 1038 1914 1096 ad
1953 1032 2025 1109 3,
2066 1032 2169 1097 55.
2213 1033 2357 1096 119.
2390 1034 2534 1098 134.

272 1145 347 1221 4,
373 1144 517 1208 141.
524 1189 544 1219 ,
565 1147 838 1218 eundem,
859 1148 974 1206 nisi
993 1146 1189 1221 fallor,
1212 1166 1347 1208 cum
1367 1148 1909 1207 Lindenbruchiano
1930 1165 1970 1205 a
1990 1144 2192 1206 Cortio
2211 1148 2289 1205 ad
2309 1146 2535 1206 Lucan.

270 1254 346 1330 4,
382 1252 527 1317 141.
556 1256 816 1316 laudato.
858 1258 1227 1317 Divionense
1266 1265 1762 1316 commemoratur
1791 1275 1828 1315 a
1845 1254 2055 1315 Gudio
2082 1257 2160 1314 ad
2185 1255 2533 1315 Phaedrum
2573 1306 2578 1313 ,

270 1365 402 1425 ΙΠ.
436 1361 538 1424 13.
567 1374 629 1424 et
652 1365 729 1423 ab
756 1364 976 1424 Eberto
999 1365 1247 1442 catalog.
1270 1365 1538 1425 biblioth.
1564 1363 1874 1424 Guelferb.
1897 1383 1959 1441 p.
1982 1360 2068 1436 4„
2098 1363 2351 1424 fortasse
2377 1365 2535 1424 idem

273 1493 421 1535 cum
460 1475 656 1534 oodioe
682 1458 985 1560 Ηωὲῑμῑηῑ,
1006 1475 1084 1533 aa
1109 1471 1172 1547 4,
1207 1469 1383 1545 105.;
1431 1473 1690 1534 cottion.
1718 1474 1796 1533 ad
1829 1470 1887 1546 7,
1919 1469 2089 1544 212„
2124 1473 2409 1533 amians
2436 1470 2544 1533 ως

271 1583 473 1644 decim
503 1584 669 1643 codd.
697 1582 776 1640 ad
802 1579 866 1654 4,
892 1578 1060 1654 107„
1089 1583 1508 1643 Johnsonianus
1535 1584 1613 1641 ad
1637 1578 1698 1654 6,
1726 1579 1892 1654 197„
1922 1568 2095 1642 Lact'i
2115 1584 2303 1642 codex
2322 1601 2360 1640 a
2385 1580 2534 1640 Bro-

270 1691 429 1752 torio
448 1692 528 1750 ad
547 1688 609 1765 4,
635 1685 736 1751 54.
776 1692 1090 1751 Leidenses
1117 1691 1267 1749 duos
1296 1691 1524 1749 codices
1550 1691 1812 1766 inspexit
1834 1688 2177 1749 Gronovius
2207 1692 2360 1749 obss.
2388 1688 2447 1762 1,
2469 1688 2533 1750 4.

272 1797 344 1873 2,
390 1796 492 1860 16.
533 1799 670 1859 coll.
710 1799 958 1858 Heinsio
994 1800 1058 1856 in
1100 1798 1326 1876 sylloge
1365 1795 1695 1857 Burmann.
1725 1798 1801 1855 T.
1830 1798 1947 1856 III.
1976 1817 2040 1873 p.
2072 1792 2238 1869 132„
2269 1797 2535 1856 eiusdem

270 1908 663 1967 bibliothecae
701 1907 851 1966 duas
889 1908 1266 1965 membranas
1302 1906 1736 1980 antiquissimas
1775 1904 2228 1981 Oudendorpius
2255 1906 2333 1964 ad
2362 1904 2529 1966 Suet.

273 2014 462 2077 Caes.
508 2009 638 2086 30„
677 2015 756 2074 ad
797 2014 1062 2073 Frontin.
1105 2020 1353 2090 strateg.
1391 2013 1477 2073 H.
1527 2010 1638 2085 12,
1678 2010 1740 2073 3.
1782 2034 1843 2090 p.
1876 2009 2022 2075 343.
2069 2013 2204 2073 coll.
2244 2014 2323 2072 ad
2364 2013 2529 2075 Suet.

270 2124 445 2203 Aug.
500 2119 667 2195 101.,
716 2123 943 2205 Appul.
991 2122 1245 2182 Metam.
1288 2141 1348 2201 p.
1404 2118 1547 2183 152.
1578 2118 1725 2183 382.
1776 2118 1926 2183 451.
1977 2129 2035 2181 et
2084 2122 2398 2182 Ruhnken.
2450 2124 2530 2182 ad

270 2234 441 2294 Vell.
480 2232 565 2292 Π.
602 2227 744 2303 71.;
788 2239 909 2292 tres
944 2232 1151 2291 laudat
1186 2232 1340 2291 idem
1383 2231 1658 2292 Oudend.
1686 2233 1764 2291 ad
1794 2230 1960 2292 Suet.
1990 2230 2162 2291 Caes.
2197 2228 2323 2303 59„
2353 2240 2530 2309 quat·

269 2351 415 2403 tuor
449 2342 604 2400 idem
640 2342 719 2400 ad
760 2339 929 2400 Suet.
967 2340 1133 2417 Aug.
1180 2338 1281 2400 14.
1297 2384 1313 2414 ,
1356 2341 1611 2416 quinque
1647 2342 1803 2400 idem
1831 2341 1909 2399 ad
1934 2338 2164 2416 Appul.
2192 2339 2435 2399 Metam.
2464 2360 2527 2417 p.

184 2503 193 2507 -
273 2448 427 2512 213.
458 2448 626 2521 274.,
657 2468 919 2525 quorum·
935 2450 1225 2510 librorum
1251 2451 1315 2508 in
1343 2468 1589 2509 numero
1615 2451 1661 2508 ii
1687 2448 1874 2508 fuisse
1902 2449 2195 2520 videntur,
2226 2467 2376 2523 quos
2402 2449 2528 2526 ipse

272 2560 530 2620 Vossius
551 2577 727 2635 saepe
747 2560 825 2616 ad
844 2558 1069 2618 Melam
1090 2559 1314 2617 laudat.
1340 2558 1433 2616 De
1453 2559 1656 2635 Lipsii
1675 2564 1873 2617 vetere
1893 2556 2043 2616 libro
2067 2557 2205 2615 vide
2224 2558 2303 2616 ad
2323 2554 2384 2630 8,
2398 2553 2526 2630 34„

271 2670 353 2727 de
394 2671 674 2727 Maerano
713 2668 791 2725 ad
820 2662 924 2739 37,
958 2662 1060 2727 57.
1103 2668 1383 2744 Maphaei
1410 2664 1741 2725 Cardinalis
1769 2666 2026 2724 codicem
2051 2664 2385 2725 Romanum
2412 2683 2524 2724 no-

270 2777 362 2837 vit
387 2776 639 2853 Pighius
678 2775 876 2835 annal.
905 2775 1024 2835 111.
1053 2795 1114 2851 p.
1149 2771 1314 2848 171„
1345 2774 1598 2834 fortasse
1626 2775 1874 2834 eundem
1902 2773 2036 2833 cum
2064 2793 2155 2846 ec,
2185 2793 2361 2850 quem
2388 2775 2524 2835 lau-

268 2886 415 2946 davi
455 2886 531 2946 ad
572 2880 688 2956 34,
723 2879 824 2943 60.
869 2880 1000 2954 77.;
1038 2886 1219 2944 Pauli
1252 2887 1516 2944 Munatii
1542 2884 1801 2948 codicem
1827 2881 2203 2943 Mercurialis
2231 2903 2358 2944 var.
2386 2883 2523 2944 lect.

268 2988 335 3064 3,
372 2989 473 3051 11.
516 2994 812 3053 Matthioli
853 2973 1040 3051 codex
1067 3001 1558 3051 commemoratur
1585 2992 1663 3050 ad
1692 2986 1799 3062 16,
1828 2986 1967 3064 46„
2008 2991 2426 3074 Norsolcianus·
2444 2993 2523 3052 ad

160 3076 173 3094 ”
270 3096 337 3171 2,
369 3094 471 3159 56.
506 3096 608 3172 11,
642 3096 809 3173 196„
837 3101 1127 3162 Num...-
1162 3102 1239 3159 ad
1269 3101 1330 3173 4,
1360 3097 1467 3160 ss.
1500 3094 1561 3168 6,
1592 3093 1696 3157 35.
1725 3094 1831 3156 47.
1882 3099 2221 3164 omnum
2248 3101 2522 3158 thesauro

265 3208 658 3286 geographico
686 3210 931 3268 subinde
959 3209 1167 3267 laudat
1193 3207 1305 3266 tria
1332 3214 1536 3265 vetera
1562 3204 1921 3279 exemplaria
1949 3199 2069 3284 (uti
2096 3207 2172 3264 ad
2193 3201 2298 3277 37,
2324 3203 2521 3284 148.),

267 3335 442 3392 quae,
472 3317 573 3377 ubi
598 3316 747 3376 nihil
774 3317 917 3375 novi
945 3316 1339 3385 continebant,
1369 3312 1717 3390 plerumque
1745 3313 1977 3372 silentio
2006 3315 2323 3374 transmisi.
2372 3317 2520 3375 Oxo·

266 3428 487 3485 niensis
525 3425 802 3485 laudatur
837 3425 913 3484 ad
955 3421 1019 3498 4,
1052 3419 1197 3483 106.
1231 3418 1375 3482 107.
1415 3422 1512 3480 De
1541 3423 1827 3498 Praqensi
1853 3443 1911 3482 v.
1945 3416 2203 3481 Titzium
2232 3424 2310 3483 ad
2337 3424 2521 3485 Plinii

269 3549 408 3608 epp.
433 3526 492 3604 6,
517 3526 619 3590 20.
633 3552 696 3608 p.
711 3528 857 3592 399.
884 3531 1071 3609 praef.
1099 3552 1161 3608 p.
1184 3531 1266 3591 V.
1294 3538 1355 3591 et
1395 3533 1820 3608 Vorqeschichte
1848 3534 1953 3591 der
1982 3533 2312 3607 Teutschen,
2334 3554 2396 3610 p.
2411 3529 2516 3594 39.

268 3644 333 3700 et
370 3634 499 3712 45„
539 3640 643 3698 ubi
681 3641 881 3699 variae
918 3641 1197 3701 lectiones
1236 3642 1312 3699 ad
1352 3641 1670 3699 nonnullas
1707 3644 2109 3718 paragraphos
2150 3643 2290 3701 libri
2315 3643 2430 3702 IV.
2459 3651 2521 3700 et

268 3746 612 3808 XXXVII.
641 3748 984 3808 afferuntur.
1034 3749 1232 3809 Huius
1271 3749 1485 3808 codicis
1514 3758 1792 3825 excerpta
1819 3745 1881 3809 3.
1913 3754 1944 3820 ὅ
1976 3747 2205 3809 1-47.
2235 3750 2518 3810 benevole

269 3853 348 3915 ad
384 3875 479 3915 me
518 3858 678 3916 misit
718 3858 1120 3930 Schneiderus,
1150 3857 1446 3935 professor
1474 3857 1958 3918 Vratislaviensis
1970 3900 1990 3930 ,
2030 3876 2182 3934 quae
2208 3857 2517 3934 aliquoties

269 3982 404 4023 cum
441 3966 673 4042 optimis
712 3966 879 4028 codd.
923 3968 1285 4044 conspirant3
1328 3966 1474 4026 nihil
1503 3972 1704 4025 tamen
1730 3968 1928 4039 habet,
1959 3968 2117 4043 quod
2143 3986 2263 4028 non
2288 3969 2352 4027 in
2378 3968 2514 4028 aliis

271 4090 505 4148 quoque
540 4075 708 4135 libris
747 4053 1115 4136 inveniatur.
1158 4076 1273 4134 Est
1311 4075 1373 4133 in
1409 4094 1480 4133 eo
1508 4092 1781 4148 numero,
1820 4075 1882 4133 in
1907 4076 2118 4150 quibus
2146 4079 2303 4138 bona
2328 4078 2515 4140 mixta

272 4192 410 4246 sunt
462 4184 667 4259 malis,
718 4186 803 4245 ita
853 4194 922 4246 ut
968 4185 1401 4263 quodammodo
1449 4184 1710 4245 medium
1756 4184 1952 4245 locum
2003 4185 2152 4246 inter
2192 4181 2283 4249 x5
2323 4195 2382 4247 et
2417 4185 2511 4247 x7
