2961 4861
960 963 1068 1064 C.
1141 874 1490 1065 PLINI
1563 962 2136 1065 SECUNDI

573 1187 1546 1308 NATURALIS
1619 1188 2544 1309 HISTORIAE

1337 1401 1635 1475 LIBER
1686 1401 1778 1476 V.

532 1737 724 1805 Smer.
765 1743 823 1806 1.
890 1708 1206 1810 Africam
1236 1738 1473 1807 Graeci
1499 1741 1779 1827 Libyam
1809 1741 2211 1827 appellavere
2242 1749 2307 1805 et
2336 1761 2511 1804 mare
2541 1750 2688 1805 ante
2715 1754 2744 1816 ς
2784 1760 2809 1804 ι

448 1862 588 1904 eam
621 1838 983 1926 Libycum3
1026 1842 1337 1931 Aegypto
1379 1843 1600 1908 finitur
1641 1865 1762 1908 nee
1804 1843 1931 1907 alia
1971 1865 2124 1928 pars
2169 1851 2482 1905 terrarum
2523 1862 2687 1925 pau-

446 1940 649 2004 ciores
679 1940 911 2026 recipit
940 1940 1146 2020 sinus,
1191 1944 1383 2028 longe
1412 1943 1494 2008 ab
1524 1942 1857 2008 occidente
1887 1941 2144 2026 obliquo
2173 1942 2430 2006 litorum
2460 1941 2689 2026 spatio,

443 2036 837 2126 Populorum
876 2041 1012 2107 eius
1049 2043 1562 2128 oppidorumque
1590 2044 1850 2108 nomina
1876 2044 1983 2109 vel
2012 2065 2310 2107 maxume
2341 2052 2490 2107 sunt
2518 2041 2687 2108 inef-

445 2140 665 2205 fabilia
706 2153 1158 2228 praeterquam
1198 2144 1485 2230 ipsorum
1525 2145 1797 2232 linguis,
1856 2154 1922 2209 et
1975 2143 2132 2208 alias
2185 2143 2446 2209 castella
2486 2143 2690 2210 ferme

442 2240 821 2306 inhabitant.
1932 2269 1935 2272 ’

532 2338 693 2406 Off.
724 2341 779 2406 Ι.
827 2343 1156 2430 Principio
1189 2354 1502 2409 terrarum
1531 2343 1975 2410 Mauretaniae
2005 2343 2439 2430 appellantur,
2483 2366 2689 2429 usque
2716 2364 2748 2407 2
2792 2382 2805 2403 1

442 2444 526 2507 ad
556 2440 632 2508 C.
668 2441 1013 2510 Caesarem
1044 2443 1413 2511 Germanioi
1449 2446 1653 2509 filium
1691 2468 1912 2532 regna,
1958 2445 2224 2509 saevitia
2259 2445 2396 2510 eius
2432 2445 2501 2509 in
2530 2445 2691 2510 duas

442 2543 687 2608 divisae
716 2545 1101 2630 provincias.
1147 2544 1667 2610 Promontorium
1696 2545 1917 2608 oceani
1948 2555 2279 2609 extumum
2306 2544 2691 2630 Ampelusia

441 2644 803 2709 nominatur
831 2668 871 2709 a
902 2642 1191 2710 Graecis.
1251 2643 1517 2731 Oppida
1559 2645 1742 2710 fuere
1784 2644 1977 2710 Lissa
2021 2657 2088 2709 et
2131 2641 2324 2712 Cotte
2366 2647 2534 2711 ultra
2578 2669 2687 2711 oo-

504 2816 593 2867 Ad
630 2817 993 2867 hune-librum
1035 2817 1131 2866 toti
1172 2817 1371 2867 excussi
1422 2823 1542 2866 sunt
1581 2816 1692 2867 ΒΑ
1733 2812 1788 2880 (ς
1818 2823 1840 2866 1
1861 2822 2015 2867 -25,
2075 2824 2248 2868 125-
2264 2818 2404 2882 151.)
2458 2822 2558 2881 ad,
2624 2823 2689 2870 ad

439 2882 711 2943 §1-135.
734 2886 803 2943 D,
838 2887 904 2933 ad
927 2887 956 2947 ξ
985 2889 1164 2934 1-38.
1188 2885 1254 2944 N,
1286 2886 1403 2947 ad§
1432 2889 1613 2934 1.-30,
1645 2883 1706 2944 P,
1741 2886 1807 2933 ad
1838 2885 1868 2947 ξ
1897 2887 2060 2933 1-7.
2087 2893 2308 2949 tuxyz,
2345 2889 2409 2935 ad
2442 2888 2472 2950 ξ
2501 2893 2612 2937 145.
2636 2887 2687 2949 b,

438 2952 504 2999 ad
527 2952 556 3012 ξ
584 2957 733 2999 1.-3,
760 2957 839 3000 18.
866 2957 946 3000 20.
977 2956 1089 2999 124.
1117 2955 1230 3000 125.
1256 2966 1306 3014 p.

508 3019 537 3080 ξ
562 3023 603 3066 1.
639 3014 879 3080 Africam,
896 3018 1304 3080 NPdptuxyz.
1340 3015 1475 3066 Hinc
1495 3013 1667 3067 deinde
1683 3013 1869 3080 Africa
1888 3025 2035 3077 atque
2050 3014 2184 3066 Asia
2210 3015 2449 3077 dicentur,
2474 3019 2689 3070 RADa

438 3084 552 3133 libri
577 3085 853 3146 praegressi
875 3084 1056 3134 ultima
1075 3085 1228 3133 verba
1249 3091 1546 3146 repetentes,
1572 3123 1635 3131 ...
1662 3080 1884 3146 lybiam,
1904 3092 1981 3132 to.
2016 3081 2234 3142 Libram,
2252 3084 2302 3132 A
2328 3081 2563 3148 (ubique)
2587 3101 2686 3150 xy.

440 3190 504 3199 -.
531 3148 805 3215 appellant,
823 3152 915 3200 Pt.
944 3192 1006 3199 ..
1033 3160 1088 3211 et,
1106 3153 1157 3201 Β
1173 3141 1432 3201 OSTDP
1446 3152 1590 3212 a¹dp
1603 3158 1714 3198 tux
1732 3146 1913 3212 (Rob.)
1947 3150 2031 3211 ad,
2048 3149 2116 3200 A.
2152 3166 2269 3212 qua,
2287 3146 2595 3215 Na²yzssr.
2619 3193 2682 3201 .-

440 3226 550 3268 ante
575 3234 693 3281 eam,
717 3219 830 3269 ΒΑ
846 3209 1394 3281 OSTDNadtx¹yz.
1421 3225 1537 3265 ante
1562 3232 1682 3276 eum,
1701 3232 1750 3279 p.
1777 3225 1985 3277 anteum,
2004 3219 2090 3266 x2.
2116 3214 2376 3283 Antlteum,
2394 3219 2483 3267 Pu
2500 3216 2685 3281 (Rob.)

440 3326 502 3334 -
530 3283 778 3352 Libycum,
805 3280 1470 3349 RAOSTDPa¹dptux
1502 3281 1684 3346 (Rob.)
1729 3279 1959 3346 Libycum
1987 3284 2243 3348 incipian-⁴1,
2276 3282 2580 3351 Na²yzssr.
2619 3327 2684 3336 .-

436 3352 670 3419 Aeyypto,
695 3354 841 3404 STP
877 3350 970 3414 (ex
994 3350 1148 3414 corr.)
1179 3352 1353 3417 Npuz
1379 3348 1565 3413 (Rob.)
1610 3348 1865 3415 AeyyptiO,
1890 3351 1999 3401 ΒΑ
2018 3343 2435 3421 ODadtxyssr.
2482 3395 2546 3404 -
2585 3352 2685 3403 ali-

440 3435 557 3481 qua,
581 3435 629 3483 y.
681 3460 736 3468 ...
788 3417 929 3483 lonye
953 3421 1015 3469 ab
1038 3420 1298 3481 occidente,
1323 3419 1538 3469 delenda
1561 3425 1733 3468 censet
1753 3418 1933 3469 Dalee.
1969 3419 2124 3483 lonyo,
2148 3436 2198 3469 u.
2248 3462 2310 3469 ....
2357 3420 2545 3485 obliquo
2574 3419 2684 3471 lito-

440 3502 561 3546 rum,
595 3487 809 3537 RDdx.
857 3486 1045 3551 obliquo
1079 3487 1296 3547 laterum,
1332 3489 1411 3536 αἱ.
1456 3487 1647 3537 litorum
1681 3484 1902 3549 obliquo,
1935 3486 2099 3538 ANP
2111 3490 2328 3552 a2ptuz
2362 3484 2546 3551 (Rob.)
2579 3484 2681 3551 βγ.

441 3550 628 3603 litorum
652 3552 840 3617 aliquo,
864 3570 914 3618 y.
953 3595 1016 3603 ...
1052 3552 1447 3619 oppidorumque,
1471 3554 1947 3617 ADNPaduxyz
1973 3550 2152 3618 (Rob.)
2207 3553 2494 3620 oppidorum
2537 3570 2681 3617 quae,

436 3621 499 3669 R.
536 3619 834 3684 oppidorum,
856 3622 1015 3671 Hard.
1040 3630 1063 3671 t
1072 3635 1120 3686 r.
1157 3662 1221 3671 .-
1259 3622 1524 3688 ῑοηρίαε,1;.
1564 3663 1627 3671 -.
1663 3621 1808 3683 alias,
1830 3623 2123 3686 RANtyz.
2161 3621 2284 3682 alia,
2307 3623 2669 3684 DPadpux.1

505 3686 535 3748 ᾖ
569 3694 617 3738 2.
669 3686 955 3753 Principio,
987 3688 1431 3740 R¹ADPadN².
1500 3688 1796 3753 Principia,
1838 3690 2251 3753 R²N¹ptuxyz
2293 3686 2496 3751 (Ambr.
2529 3690 2571 3738 Ι.
2607 3687 2679 3738 11.

435 3751 593 3817 Rob.)
628 3797 693 3805 -.
742 3752 1113 3816 Mauretaniae,
1137 3759 1285 3807 R'D.
1334 3753 1702 3818 Mauritaniae,
1724 3756 2049 3807 AN¹R²Pa
2067 3758 2345 3820 dptuxyz
2371 3752 2555 3818 (Rob.)
2577 3750 2679 3820 βγ.

438 3820 771 3882 Mauritania,
792 3822 895 3873 N2.
934 3863 998 3872 -.
1040 3823 1378 3889 Inyermanici,
1402 3826 1463 3874 Β.
1521 3864 1585 3873 -.
1637 3839 1792 3887 reyna
1822 3822 2047 3881 saevitia,
2078 3823 2367 3885 AN²apy.
2420 3838 2593 3887 reynas
2627 3840 2680 3873 se

438 3891 574 3951 vitia,
598 3892 747 3942 R1D.
794 3906 848 3937 re
881 3905 1031 3940 nasse
1056 3890 1195 3948 vitia,
1220 3892 1339 3942 dx¹.
1384 3906 1617 3957 requae-se
1640 3892 1829 3951 sevitia,
1853 3907 1892 3939 x
1908 3893 1942 3939 ².
1990 3905 2168 3954 reynas
2192 3889 2351 3950 initia,
2375 3891 2424 3939 Β
2440 3894 2474 3939 ‘-'.
2522 3890 2678 3940 saevi-

436 3956 523 4018 tia,
548 3959 788 4009 N¹Ptuz
846 3959 1023 4008 Ambr.
1044 3958 1086 4007 Ι.
1113 3955 1210 4019 ΙΙ.)
1258 3999 1320 4007 ...
1366 3957 1578 4020 divisae,
1601 3958 1830 4007 RADa.
1879 3956 2044 4007 divisa
2068 3965 2157 4020 est,
2180 3956 2444 4021 NPptuz
2470 3954 2675 4019 (Ambr.

433 4026 474 4075 1.
500 4023 598 4087 Π.)
636 4023 820 4087 divisa,
845 4041 894 4088 y.
933 4024 1173 4087 divisisse,
1195 4028 1292 4079 dx.
1331 4066 1392 4074 -.
1431 4034 1685 4086 extumum,
1706 4025 1925 4075 RDdx.
1966 4066 2026 4072 -
2074 4022 2334 4088 Apelusia,
2359 4026 2451 4074 dx.
2498 4023 2674 4091 Ampe-

436 4090 561 4154 lusa,
584 4093 691 4156 Ny.
739 4133 802 4142 ....
850 4109 884 4141 a
915 4090 1142 4151 Graecis,
1177 4107 1280 4142 om.
1313 4094 1391 4141 x¹.
1439 4133 1503 4142 ...
1546 4090 1720 4151 Lissa,
1750 4093 2154 4157 ANPaptxyz
2189 4089 2372 4153 (Rob.)
2415 4090 2598 4156 Lyssa,
2624 4109 2673 4143 u.

435 4157 751 4222 Lissia5Dd.
795 4159 1000 4222 Las-sia,
1025 4162 1087 4210 Τ.
1132 4156 1292 4222 Lisce,
1316 4161 1366 4210 Β
1401 4155 1455 4221 (e
1478 4156 1635 4222 corr.)
1681 4158 1836 4220 Lira,
1868 4160 1933 4210 K.
1982 4200 2043 4208 -.
2090 4168 2151 4220 et,
2185 4161 2295 4210 AD
2315 4151 2672 4223 OTadtxyz.

435 4227 611 4278 Omitt.
635 4228 884 4293 RNPpu
906 4226 1091 4289 (Rob.)
1114 4241 1165 4292 γ.
1204 4268 1265 4276 -.
1309 4224 1463 4288 Gotte,
1490 4227 1657 4291 Tptu
1681 4222 1867 4290 (Rob.)
1907 4224 2060 4292 Gosse,
2085 4230 2174 4277 ad.
2215 4225 2369 4291 Cocte,
2392 4228 2510 4278 ΒΡ.
2560 4224 2671 4277 Cot-

436 4300 531 4356 tae,
554 4294 708 4359 Ady.
754 4293 906 4358 Gotre,
930 4311 981 4345 x.
1023 4291 1175 4356 Corte,
1202 4312 1243 4344 z.
1287 4292 1443 4364 Coyte,
1464 4295 1530 4345 N.
1572 4292 1722 4355 Cotta,
1753 4285 1852 4359 θγ.
1895 4291 2057 4355 Codes,
2083 4309 2130 4346 σ.
2175 4292 2328 4357 (lotas,
2351 4290 2409 4356 β.
