2961 4861
745 364 885 410 Lm.
918 364 992 410 11.
1053 364 1207 409 CAP.
1242 365 1440 408 Lx1X.
1475 364 1641 408 Lxx.
1706 363 1899 410 sacr.
1929 365 2111 408 sss-72.
2407 348 2528 410 173

298 527 497 601 gusto
553 516 1078 599 cognominavere
1126 511 1426 577 Caesaris
1486 514 1775 591 thronon,
1831 513 2103 601 insignis
2158 513 2249 578 ibi
2292 515 2526 579 stellas.
2586 541 2591 542 ff

299 615 622 697 Adeoque
676 615 1017 679 manifesto
1071 614 1427 699 adsurgens
1482 613 1809 699 fastigium
1871 625 2172 677 curvatur
2224 625 2297 677 ut
2338 637 2530 678 cano-

296 737 428 799 pus
472 726 763 798 quartam
809 715 944 779 fere
986 725 1236 797 partem
1280 711 1446 800 signi
1491 713 1681 776 unius
1736 735 1930 798 supra
1976 724 2205 777 terram
2253 714 2531 779 eminere

295 814 733 879 Alexandriae
787 813 1184 879 intuentibus
1245 812 1574 889 videatur,
1642 814 1865 877 eadem
1920 836 1958 876 a
2013 812 2241 879 Rhodo
2297 825 2534 879 terram

295 914 770 998 quodammodo
826 914 1033 999 ipsam
1079 912 1413 998 stringere,
1465 912 1536 976 in
1577 911 1784 976 Ponto
1835 911 2090 977 omnino
2132 935 2260 978 non
2304 937 2529 979 cerna-

296 1026 428 1093 tur,
474 1015 587 1080 ubi
631 1036 929 1079 maxume
972 1012 1260 1078 sublimis
1291 1012 1655 1097 septentrio,
1700 1011 1882 1076 Idem
1923 1035 1962 1075 a
1989 1012 2218 1077 Rhodo
2258 1014 2530 1079 abscon-

294 1115 476 1179 ditur
535 1114 872 1201 magisque
935 1113 1405 1190 Alexandriae3
1483 1113 1551 1175 in
1614 1112 1859 1176 Arabia
1919 1113 2248 1178 novembri
2312 1137 2531 1180 mense

291 1199 506 1300 ρτίιῐῖει
548 1214 772 1299 vigilia
812 1216 1096 1278 occultus
1139 1213 1420 1278 secunda
1464 1234 1535 1276 se
1590 1212 1887 1289 ostendit,
1941 1211 2007 1274 in
2050 1211 2276 1278 Meroe
2319 1215 2530 1279 solsti-

295 1315 391 1378 tio
434 1314 692 1398 vesperi
734 1314 1057 1399 paulisper
1096 1313 1362 1398 adparet
1404 1312 1758 1397 paucisque
1797 1321 1944 1375 ante
1975 1324 2267 1377 exortum
2294 1316 2531 1380 arcturi

292 1414 532 1479 diebus
574 1414 817 1499 pariter
859 1436 1004 1478 cum
1046 1413 1153 1477 die
1197 1412 1497 1478 cernitur.
1540 1410 2003 1499 Navigantium
2044 1412 2203 1478 haec
2231 1438 2529 1480 maxume
2559 1434 2655 1481 179

292 1536 530 1578 cursus
596 1513 1109 1599 deprehendunt,
1177 1514 1245 1577 in
1302 1513 1427 1576 alia
1483 1512 1752 1577 adverso
1806 1512 1873 1575 in
1926 1513 2051 1579 alia
2107 1535 2308 1598 prono
2369 1516 2529 1578 mari

292 1614 641 1698 subitoque
684 1614 1047 1699 conspicuis
1091 1623 1284 1697 atque
1327 1624 1400 1676 ut
1444 1635 1479 1676 e
1524 1612 1690 1675 freto
1732 1612 2207 1699 emergentibus
2260 1635 2425 1696 quae
2462 1615 2527 1677 in

292 1715 594 1779 anfi-actu
636 1715 805 1799 pilae
845 1716 1092 1779 latuere
1138 1712 1475 1777 sideribus.
1530 1710 1759 1794 Neque
1805 1712 1993 1789 enim,
2032 1722 2109 1776 ut
2150 1713 2368 1776 dixere
2411 1714 2528 1779 ali-

292 1815 431 1898 qui,
485 1814 765 1878 mundus
827 1814 950 1877 hoc
1014 1814 1162 1898 polo
1218 1811 1567 1877 excelsiore
1626 1833 1693 1875 se
1753 1811 2014 1888 attollit,
2085 1822 2195 1875 aut
2249 1813 2531 1897 undique

290 1924 709 1979 cernerentur
749 1914 910 1978 haec
952 1912 1192 1989 sidera3
1237 1933 1461 1976 verum
1502 1911 1663 1974 haec
1707 1910 1930 1975 eadem
1974 1910 2336 1994 quibusque
2376 1935 2527 1998 pro-

289 2015 511 2079 xumis
568 2013 936 2078 sublimiora
990 2013 1336 2079 creduntur
1394 2012 1744 2094 eademque
1800 2012 2090 2076 demersa
2138 2011 2526 2099 longinquis,

290 2126 498 2197 utque
549 2136 720 2178 nunc
775 2112 1063 2179 sublimis
1117 2113 1185 2176 in
1243 2112 1496 2177 deiectu
1547 2111 1770 2197 positis
1826 2112 2082 2176 videtur
2133 2112 2238 2176 hic
2279 2125 2526 2192 vertex,

292 2215 391 2279 sic
433 2214 501 2278 in
544 2214 720 2280 illam
765 2224 971 2278 terrae
1014 2213 1443 2278 devexitatem
1488 2212 1900 2297 transgressis
1943 2211 2052 2276 illa
2095 2234 2164 2277 se
2208 2215 2526 2290 attollunt,

290 2315 729 2380 residentibus
783 2334 949 2396 quae
1000 2312 1106 2378 hic
1160 2313 1410 2378 excelsa
1465 2312 1742 2389 fuerant,
1800 2311 1973 2395 quod
2026 2313 2149 2377 nisi
2203 2313 2269 2377 in
2320 2314 2529 2398 figura

289 2416 467 2501 pilae
509 2415 797 2480 accidere
839 2437 969 2478 non
1011 2424 1248 2500 posset.

384 2517 484 2580 72.
529 2515 686 2581 Ideo
729 2514 1020 2580 defectus
1063 2514 1214 2579 solis
1256 2537 1332 2578 ac
1372 2515 1563 2577 lunae
1607 2511 2004 2596 vespertinos
2046 2511 2306 2579 orientis
2346 2514 2523 2581 inco-
2557 2535 2655 2581 180

291 2616 397 2680 lae
440 2638 568 2680 non
612 2616 912 2693 sentiunt,
955 2637 1077 2681 nec
1119 2613 1467 2677 matutinos
1511 2612 1593 2676 ad
1637 2633 1936 2678 occasum
1965 2611 2341 2693 habitantes,
2386 2638 2524 2682 me-

291 2716 576 2781 ridianos
620 2738 774 2782 vero
820 2715 1097 2801 saepius.
1150 2712 1366 2781 Nobili
1410 2713 1585 2799 apud
1627 2712 1937 2779 Arbelam
1980 2713 2195 2802 magni
2237 2715 2524 2782 Alexan-

295 2888 507 2949 Italiae,
547 2890 611 2938 R.
650 2929 709 2937 -.
747 2888 1022 2947 Berenicis,
1062 2888 1178 2937 libri
1218 2902 1298 2951 ap.
1340 2887 1554 2938 Salmas.
1596 2902 1759 2937 exerc.
1793 2903 1843 2950 p.
1882 2893 1994 2937 534.
2019 2904 2066 2936 a.
2090 2887 2175 2947 A„
2201 2889 2289 2950 qui
2326 2889 2526 2938 Veneris

292 2956 435 3017 legit.
460 2953 750 3016 Beronices,
775 2968 823 3002 σ.
863 2995 925 3003 ...
960 2953 1155 3015 crinem,
1182 2956 1293 3003 a2d.
1331 2953 1509 3014 crines,
1533 2955 1647 3004 Ra¹
1680 2951 1818 3014 (libri
1843 2952 2084 3014 Salmas.)
2123 2993 2184 3001 .-.
2223 2971 2323 3016 qua

296 3031 345 3071 to
390 3036 510 3080 non,
551 3023 651 3071 R'.
689 3062 752 3071 ...
797 3021 1030 3085 insistis,
1075 3016 1173 3070 Oa.
1210 3021 1451 3084 insiynes,
1492 3022 1599 3070 Rd.
1647 3059 1709 3067 -
1755 3018 1875 3078 sibi,
1917 3035 1963 3067 a.
2009 3059 2072 3067 ..
2119 3029 2189 3066 ste
2191 3017 2287 3078 l,la
2324 2969 2525 3068 ἓω-
2462 3061 2524 3070 ..-

292 3090 538 3151 Abeoque,
562 3090 625 3139 Β.
661 3085 818 3138 Stella
840 3104 1056 3152 canopus
1081 3086 1206 3137 adeo
1229 3089 1482 3149 manase-eto
1507 3083 1945 3148 surqensfastiyio
1967 3085 2183 3132 cernitur
2206 3093 2259 3132 ut
2283 3095 2526 3147 quartam,

364 3155 671 3220 -sasttqzo
713 3153 823 3217 (1(σ
854 3157 906 3204 in
930 3153 1146 3215 rasura.)
1154 3153 1396 3216 sastzdco
1438 3166 1487 3201 σ.
1528 3192 1589 3200 .-.
1627 3152 1932 3210 incurvatur,
1974 3152 2048 3199 (1“.
2089 3190 2149 3197 -
2188 3150 2336 3201 unius
2366 3153 2525 3201 cuius-

296 3238 408 3284 que,
449 3224 513 3272 Β.
553 3264 614 3272 -
651 3240 808 3288 supra
847 3232 1043 3281 terram,
1077 3237 1178 3269 om.
1202 3222 1298 3269 ΒΚ
1337 3259 1400 3267 -.
1437 3217 1697 3280 strinqere,
1728 3231 1828 3265 om.
1848 3218 1909 3265 T.
1949 3257 2011 3265 -.
2049 3234 2275 3278 mamma,
2314 3221 2413 3269 R‘.

294 3288 514 3349 occultos,
539 3289 638 3339 ΒΗ
678 3330 740 3338 .-.
776 3286 1039 3347 secundus,
1063 3287 1163 3336 Βῐ.
1202 3283 1554 3343 -Ῐιοετεηᾱίτ,
1596 3284 1660 3332 Β.
1700 3323 1760 3330 -
1796 3283 1951 3344 Mere,
1992 3283 2087 3335 R'.
2149 3325 2211 3333 -
2272 3286 2524 3349 εοῑὶειὶτίο,

295 3357 359 3406 Β.
406 3397 471 3404 ....
505 3356 776 3419 paulisper,
818 3357 907 3403 ad.
949 3356 1011 3403 In
1042 3355 1090 3403 Β
1123 3368 1308 3402 rasura.

364 3421 393 3481 ξ
418 3426 529 3471 179.
566 3421 683 3482 alio,
699 3423 799 3471 Βῐ.
835 3461 897 3468 -.
934 3419 1162 3480 adverso,
1189 3421 1238 3469 Β
1256 3417 1308 3481 (o
1335 3433 1401 3468 ex
1427 3414 1583 3478 corr.)
1616 3458 1675 3465 -
1703 3419 2133 3481 conspicui,R.-
2163 3422 2524 3487 emerqentz’bus,

293 3490 491 3538 R²a²d.
516 3488 848 3549 meryentz‘bus,
858 3489 1012 3538 R¹a¹.
1033 3527 1096 3535 -
1116 3489 1215 3547 hoc,
1237 3488 1382 3536 Rad.
1421 3482 1516 3545 hic,
1538 3501 1564 3534 r
1587 3482 1853 3548 (Rob.)..
1873 3485 2124 3547 excelsior,
2148 3485 2335 3548 R(nna
2355 3489 2526 3539 littera

291 3569 429 3617 pone
453 3569 481 3600 r
502 3551 685 3614 erasa.)
736 3594 797 3601 -.
846 3562 943 3612 aut,
965 3555 1058 3603 Ra
1102 3523 1273 3616 (codd.
1310 3549 1515 3613 Gelen.)
1548 3561 1612 3613 ut,
1644 3554 1848 3602 Barbar.
1880 3545 1923 3599 θ
1933 3555 1966 3603 (1
2013 3551 2211 3614 (rasura
2247 3563 2366 3604 ante
2408 3553 2465 3615 u)
2498 3572 2525 3605 r

294 3618 640 3683 (Robert.)...
662 3619 841 3683 ubique
860 3637 964 3681 non,
982 3622 1191 3671 Robert.
1212 3660 1275 3669 ...
1295 3618 1429 3680 haec,
1447 3617 1810 3682 Ra(Robert.)
1832 3620 2008 3672 Omitt.
2034 3622 2082 3669 T
2093 3623 2139 3670 d
2160 3661 2222 3669 -.
2244 3623 2523 3685 quibusque,

295 3692 343 3738 d.
370 3689 558 3752 quibus,
581 3689 712 3736 R'a.
752 3701 861 3749 que,
887 3687 974 3736 R2.
1005 3687 1247 3750 proximis
1273 3687 1555 3750 quibusque,
1577 3688 1712 3736 Pint.
1740 3728 1802 3735 .-.
1827 3688 2056 3748 dimersa,
2082 3704 2127 3736 a.
2162 3687 2396 3747 dimensa,
2420 3691 2523 3738 Βο-

296 3757 421 3805 bert.
472 3796 533 3803 -
570 3756 638 3815 in,
663 3770 764 3803 om.
789 3752 886 3803 R¹.
926 3794 987 3801 -
1024 3754 1278 3811 deiectum,
1303 3770 1342 3803 r.
1389 3754 1602 3816 defectu,
1626 3757 1675 3805 Β
1699 3752 1797 3818 (f
1782 3770 1836 3802 m
1860 3750 2013 3815 corr.)
2053 3793 2114 3801 -.
2153 3753 2304 3801 omnis
2329 3754 2522 3816 positis,

295 3824 358 3873 Β.
386 3863 448 3871 -.
486 3821 536 3870 in
561 3820 711 3883 illam,
736 3823 885 3870 Rad.
923 3822 971 3869 in
996 3819 1103 3881 illa,
1127 3822 1334 3871 Robsrt.
1371 3820 1522 3881 illam,
1545 3835 1594 3884 r.
1624 3862 1684 3869 -
1712 3819 2007 3880 devexitate,
2031 3820 2237 3868 Robert.
2264 3859 2326 3867 ..
2354 3828 2522 3871 trans·

298 3890 459 3949 vecti-3,
482 3887 578 3939 B2.
616 3929 680 3937 -
717 3886 1029 3947 adtolluntur,
1052 3889 1141 3937 ΒἏ.
1178 3929 1239 3935 -.
1269 3902 1417 3952 posse
1454 3894 1518 3947 et,
1540 3890 1604 3937 Β.

352 3955 381 4015 ξ
404 3963 515 4006 180.
538 3953 681 4015 Ideo,
698 3953 1065 4016 Ra(Robert.)
1088 3955 1159 4004 Et
1183 3954 1306 4015 ideo,
1326 3956 1373 4003 d.
1396 3953 1635 4014 Ideoque,
1651 3949 1755 4018 βγ.
1777 3994 1838 4002 -.
1864 3955 1970 4011 hac,
1993 3953 2056 4001 Β.
2078 3993 2140 4000 -.
2165 3953 2345 4014 sepius,
2364 3953 2523 4017 R(ex

298 4021 450 4083 corr.)
487 4064 548 4071 .-
584 3992 761 4083 Nobis,
793 4024 843 4072 Β
877 4019 930 4082 (s
969 4022 1023 4070 in
1064 4019 1217 4081 corr.)
1256 4061 1316 4068 .-
1350 4018 1602 4079 Amatam,
1638 4020 1823 4070 Sabell.
1856 4022 1946 4069 R‘.
1977 4017 2234 4079 Arabiam,
2260 4019 2527 4072 R¹Tado

298 4086 525 4150 (Robert.
560 4098 611 4137 et
632 4090 867 4139 Martian.
902 4088 1027 4151 Cap.
1065 4095 1110 4148 6,
1147 4085 1286 4147 594.)
1321 4101 1369 4150 r.
1428 4087 1640 4147 Arbela,
1678 4081 1734 4146 β.
1789 4086 1904 4136 Vid.
1935 4092 1980 4145 6,
2009 4093 2088 4136 41.
2134 4086 2368 4137 Ceterum
2405 4104 2520 4140 cum

297 4157 518 4206 Plinium
541 4154 621 4203 Ar
622 4157 771 4205 belam
804 4171 967 4220 neque
991 4155 1178 4205 Arbela
1200 4154 1457 4232 scripsisse
1479 4154 1582 4201 iam
1614 4155 1844 4213 sciamus,
1867 4152 1982 4203 fons
2006 4156 2182 4205 erroris
2204 4170 2294 4218 per
2325 4158 2520 4219 pleros-

299 4238 395 4285 que
424 4238 599 4272 omnes
618 4225 760 4272 codd.
779 4224 971 4285 vulgati
997 4223 1165 4272 statim
1186 4222 1432 4284 aperitur3
1452 4222 1647 4283 quoties
1674 4221 1808 4269 enim
1834 4221 2099 4284 scriptores
2115 4223 2286 4273 Latini
2311 4225 2521 4273 nomina

305 4291 503 4340 urbium
535 4291 752 4354 pluralia
791 4290 989 4342 Graeca·
1025 4291 1272 4339 secundae
1323 4288 1673 4338 declinationis
1723 4289 1918 4351 generis
1966 4291 2189 4340 neutrius
2243 4293 2519 4340 secundum
