2961 4861
384 426 507 488 258
1082 431 1488 480 NATURAms
1536 427 1924 507 msromAE

382 591 714 678 eporedias
765 587 937 654 Galli
982 586 1182 650 bonos
1227 604 1537 666 equorum
1581 579 1924 644 domitores
1967 586 2232 650 vocant3
2290 574 2626 640 Vercellae
2658 593 2757 635 124

377 693 752 758 Libicorum
798 713 879 755 ex
910 685 1209 752 Salluviis
1238 693 1437 758 ortae,
1484 680 1762 746 Novaria
1793 702 1874 744 ex
1902 677 2455 743 Vertacomacoris
2484 675 2626 741 Vo-

378 796 731 860 contiorum
775 789 1094 872 hodieque
1137 806 1327 872 pago,
1372 806 1500 848 non
1545 784 1650 868 (ut
1680 779 1844 846 Cato
1875 777 2249 862 existumat)
2278 775 2623 864 Ligurum,

378 919 458 960 ex
504 894 736 977 quibus
779 889 983 955 Laevi
1030 898 1094 952 et
1137 885 1370 950 Marici
1412 881 1755 949 condidere
1798 880 2097 945 Ticinum
2151 900 2278 942 non
2321 879 2542 963 procul
2585 901 2626 942 a

375 995 577 1085 Pado,
638 993 804 1057 sicut
844 989 991 1054 Boii
1033 985 1494 1071 Transalpibus
1553 982 1828 1068 profecti
1879 978 2173 1044 Laudem
2217 978 2620 1063 Pompeiam,

373 1094 679 1159 Insubres
709 1091 1171 1157 Mediolanum.
1228 1085 1613 1151 Orobiorum
1661 1081 1877 1167 stirpis
1922 1102 2064 1144 esse
2110 1076 2383 1143 Comum
2427 1088 2623 1161 atque

372 1196 764 1281 Bergomum
820 1202 887 1257 et
926 1188 1354 1255 Liciniforum
1408 1185 1652 1267 aliquot
1704 1182 1873 1247 circa
1926 1180 2196 1266 populos
2250 1189 2469 1244 auctor
2523 1192 2626 1245 est

377 1296 573 1374 Cato,
611 1295 748 1367 ,sed
806 1292 1117 1378 originem
1160 1287 1371 1376 gentis
1414 1286 1709 1372 ignorare
1755 1305 1823 1347 se
1867 1282 2144 1358 fatetur,
2200 1301 2393 1363 quam
2435 1279 2627 1346 docet

378 1395 715 1474 Cornelius
760 1391 1132 1460 Alexander
1176 1400 1381 1454 ortam
1437 1410 1475 1451 a
1517 1382 1813 1461 Graecia,
1859 1381 2384 1467 interpretatione
2427 1383 2621 1447 etiam

372 1498 647 1562 nominis
701 1497 897 1560 vitam
946 1493 1014 1555 in
1066 1487 1387 1554 montibus
1432 1485 1826 1573 degent-ium.
1894 1482 1970 1545 In
2023 1482 2145 1547 hoc
2202 1482 2330 1546 situ
2380 1482 2622 1547 interiit
2653 1500 2752 1542 125

373 1600 684 1686 oppidum
730 1593 1117 1661 Orobiorum
1160 1589 1381 1665 Parra,
1428 1586 1603 1650 unde
1635 1583 2054 1670 Bergomates
2100 1580 2263 1647 Cato
2307 1583 2471 1650 dixit
2513 1607 2620 1648 or-

375 1712 506 1778 tos,
565 1701 913 1765 etiamnum
965 1692 1273 1779 prodente
1334 1711 1402 1752 se
1457 1686 1648 1750 altius
1708 1707 1898 1768 quam
1957 1684 2346 1748 fortunatius
2404 1684 2618 1749 situm.

373 1802 682 1867 Interiere
719 1810 793 1864 -et
841 1793 1188 1880 Caturiges
1230 1788 1579 1854 Insubrum
1624 1785 1878 1850 exsules
1922 1793 1986 1848 et
2032 1780 2234 1870 Spina
2280 1807 2476 1870 supra
2517 1785 2620 1848 di-

377 1914 499 1981 cta,
546 1904 701 1965 item
732 1898 1029 1982 Melpum
1072 1891 1396 1979 opulentia
1438 1887 1881 1973 praecipuum,
1928 1884 2101 1968 quod
2131 1884 2210 1949 ab
2238 1885 2621 1951 Insubribus

287 2006 290 2007 ⁷
379 2014 444 2068 et
497 2003 674 2067 Boiis
729 2011 795 2064 et
852 1994 1215 2063 Senonibus
1270 1991 1550 2055 deletum
1606 2008 1746 2051 esse
1809 2008 1884 2050 eo
1949 1985 2052 2049 die
2119 2008 2248 2070 quo
2308 1985 2622 2052 Camillus

377 2104 575 2171 Veios
623 2100 863 2187 ceperit
904 2097 1127 2181 Nepos
1173 2091 1510 2158 Cornelius
1556 2086 1836 2153 tradidit.

379 2311 598 2378 praefert
627 2307 850 2368 Madvig.
887 2317 1059 2366 opusc.
1096 2300 1236 2350 acad.
1270 2296 1313 2346 Ι.
1351 2311 1401 2358 p.
1438 2300 1572 2354 288„
1607 2293 1696 2355 qui
1727 2292 1850 2341 scite
1885 2291 2087 2354 quidem
2112 2294 2176 2342 ad
2210 2293 2353 2344 iussa
2383 2291 2621 2359 Sibyllina

380 2380 648 2432 asserenda
674 2376 851 2425 laudat
881 2368 1131 2435 Sibyllina
1163 2361 1380 2415 remedia
1416 2368 1497 2420 11,
1532 2366 1642 2409 105.
1699 2359 1801 2409 Sed
1833 2366 1890 2407 ut
1921 2368 2117 2408 taceam
2150 2360 2304 2411 iussis
2351 2377 2457 2411 non
2497 2371 2620 2426 apto

379 2452 495 2500 loco
519 2448 742 2512 positum
766 2441 937 2497 videri,
961 2437 1058 2487 nisi
1080 2436 1212 2485 forte
1233 2430 1522 2493 Madvigius
1544 2428 1672 2477 illud
1695 2427 1849 2490 paulo
1882 2427 2151 2477 violentius
2183 2444 2318 2491 pone
2354 2428 2619 2495 Sibyllinis

381 2517 668 2567 transiicere
689 2512 826 2571 velit,
852 2508 1095 2570 scriptura
1115 2503 1326 2564 vulgata
1348 2516 1379 2548 a
1400 2498 1546 2547 nobis
1567 2503 1818 2555 revocata,
1843 2496 1984 2544 cuius
2007 2496 2242 2545 notitiam
2264 2498 2342 2546 vir
2361 2506 2621 2562 praestan-

381 2585 605 2634 tissimus
636 2594 743 2629 non
773 2576 969 2635 habuit,
1006 2580 1056 2621 et
1089 2584 1263 2619 omncs
1298 2566 1620 2616 difficultates
1654 2564 1843 2626 optime
1875 2563 2025 2611 solvit
2059 2572 2109 2612 et
2142 2568 2400 2627 quomodo
2427 2575 2620 2615 ceterae

381 2651 625 2700 lectiones
650 2654 790 2695 ortae
814 2644 928 2701 sint,
954 2641 1086 2689 clare
1110 2640 1272 2687 docet.
1314 2633 1684 2696 Interpolatam
1707 2646 1772 2679 ne
1794 2645 1907 2679 eam
1939 2631 2180 2692 dicamus,
2215 2632 2426 2695 impedit
2457 2634 2619 2682 oratio

384 2732 491 2767 non
522 2717 642 2765 satis
676 2711 927 2775 expedita,
962 2720 1091 2770 quae
1126 2703 1424 2766 sapientiam
1456 2699 1773 2748 librariorum
1805 2713 1913 2746 non
1943 2700 2149 2747 redolet.
2203 2700 2293 2749 Uti
2322 2715 2441 2749 vero
2465 2716 2620 2749 nemo

384 2784 738 2841 offenderetur,
774 2779 816 2827 si
847 2776 1044 2826 Plinius
1077 2771 1372 2835 simpliciter
1406 2768 1617 2817 dixisset
1651 2764 1787 2814 libris
1823 2763 1926 2814 Sz'b.
1963 2766 2109 2815 condi
2139 2765 2339 2827 iussum,
2368 2769 2446 2817 ita
2467 2770 2619 2818 verba

384 2869 418 2901 a
435 2868 548 2916 pop.
574 2847 719 2897 Rom.
764 2845 934 2894 addita
967 2840 1305 2891 duriusculam
1338 2837 1541 2899 quidem
1573 2836 1788 2883 reddunt
1812 2833 2107 2894 orationem,
2132 2837 2218 2883 sed
2240 2835 2617 2884 excusationem

382 2927 487 2970 tam
521 2920 584 2967 ab
620 2913 864 2965 orationis
898 2922 1079 2973 genere
1110 2907 1371 2963 Plinian0‚
1408 2917 1563 2966 quam
1595 2917 1626 2950 a
1656 2901 1952 2949 necessitate
1987 2916 2089 2963 qua
2121 2901 2288 2951 addita
2318 2909 2435 2951 sunt
2466 2901 2620 2952 facile

381 2987 650 3036 invenient.
712 3023 775 3031 ..-
833 2977 1126 3043 Eporediae,
1166 2976 1271 3023 Td.
1330 2968 1656 3035 Seporedias,
1706 2969 1774 3017 A.
1834 2964 2151 3031 Sepusedia8‚
2202 2971 2263 3019 R.
2330 2967 2619 3034 Yporedias‚

380 3056 560 3107 Ambr.
585 3055 652 3104 Π.
678 3051 809 3100 Rob.
856 3042 1135 3111 Yporedios,
1158 3042 1336 3092 Ambr.
1361 3038 1405 3088 Ι.
1443 3035 1743 3101 Iporedicos,
1767 3052 1805 3084 r.
1840 3032 2163 3099 EporedicaS,
2187 3031 2244 3096 β.

451 3121 480 3181 ξ
509 3128 619 3171 124.
688 3113 957 3183 Veryellae,
996 3113 1094 3162 R'.
1165 3107 1422 3174 Veryillae,
1464 3108 1511 3154 d.
1566 3144 1627 3152 .-
1681 3101 1972 3162 Libicorum,
2016 3105 2061 3151 d.
2098 3101 2413 3165 Libiciorum,
2454 3106 2621 3155 RAT

382 3187 588 3251 (Ambr.
622 3183 719 3246 Π.)
781 3181 1096 3240 Libiciorum,
1127 3179 1180 3227 K
1212 3173 1415 3238 (Ambr.
1449 3173 1491 3222 Ι.
1526 3168 1714 3231 Land.)
1774 3168 2109 3233 Libyciorum‚
2146 3185 2192 3219 σ.
2249 3213 2311 3220 -
2365 3169 2619 3230 Salluviis,

373 3258 610 3315 Broter.;
634 3255 732 3301 vid.
758 3254 787 3313 ξ
813 3256 894 3300 36.
921 3252 1001 3297 47.
1048 3242 1238 3306 Salvia,
1262 3245 1314 3293 A
1347 3239 1551 3302 (Ambr.
1577 3239 1618 3288 Ι.
1643 3235 1831 3299 Land.)
1868 3235 2024 3298 Salis,
2048 3252 2095 3285 σ.
2139 3237 2299 3299 Alvis,
2324 3240 2386 3288 R.
2431 3237 2618 3298 Annis,

385 3325 433 3371 d.
470 3318 668 3384 Salluis,
691 3318 899 3368 Barbar.
922 3311 979 3376 β.
1019 3311 1205 3373 Saluis,
1230 3313 1389 3360 altera
1409 3308 1620 3359 Barbari
1646 3306 1949 3354 coniectura..
1989 3346 2051 3354 .-.
2102 3305 2535 3368 Vereaeomacoris,
2552 3309 2620 3356 R.

398 3385 769 3443 Vertamocoris,
793 3383 861 3431 A.
920 3378 1294 3441 Vertamacoris,
1319 3380 1351 3427 d
1377 3375 1579 3436 (Ambr.
1602 3375 1645 3424 I.
1669 3369 1859 3434 Laud.)
1916 3371 2288 3434 Vertacomaris,
2313 3389 2359 3422 σ.
2407 3416 2468 3422 -
2527 3374 2620 3423 Vo-

386 3454 664 3514 contiorum,
701 3453 843 3500 codd.
874 3449 1082 3498 Barbar.
1130 3486 1192 3494 ..
1232 3461 1379 3510 payo,
1412 3445 1502 3493 Rd
1536 3439 1707 3502 (codd.
1731 3437 1966 3501 Barbar.)
2004 3457 2156 3505 paya,
2181 3441 2246 3490 A.
2276 3458 2456 3506 payns,
2481 3455 2528 3490 σ.
2553 3483 2615 3491 ,-

394 3524 533 3582 Cato,
558 3522 656 3569 vid.
691 3520 903 3574 Krause,
933 3514 1167 3577 fragmm.
1201 3513 1380 3561 histor.
1414 3513 1566 3561 Rom.
1601 3524 1651 3572 p.
1681 3514 1794 3557 120.
1838 3548 1901 3556 ..-
1948 3504 2120 3568 Laevi,
2144 3508 2352 3559 RAad.
2396 3507 2538 3569 Levi,
2560 3505 2618 3570 β.

388 3591 478 3652 evi,
503 3605 549 3638 σ.
605 3629 667 3637 .-.
730 3582 1016 3642 Tibicinum,
1041 3581 1146 3630 Td.
1199 3620 1262 3628 ...
1327 3576 1702 3642 Τναηεαῑρίὁαε,
1727 3576 1970 3625 RAade.
2024 3584 2164 3625 trans
2186 3574 2365 3640 Alpes,
2388 3572 2445 3637 β.
2498 3577 2620 3625 Vid.

327 3673 332 3686 ¹
386 3659 520 3710 Gell.
559 3662 637 3716 15,
663 3662 744 3705 30.
782 3693 843 3702 ...
878 3648 1104 3716 profecti,
1128 3641 1374 3698 RAade.
1405 3644 1638 3709 provecti,
1661 3636 1810 3703 13...
1855 3641 2154 3704 Orobiorum,
2183 3644 2432 3693 Pertusat.
2454 3645 2618 3693 Laud.

390 3723 794 3782 Orumbiviorum‚
827 3721 892 3770 R.
951 3714 1285 3774 Orboviorum‚
1321 3715 1369 3763 d.
1427 3711 1793 3771 Oromobiorum,
1817 3711 1884 3759 A.
1943 3709 2314 3770 Oromoniorum,
2354 3711 2533 3760 Ambr.
2574 3712 2620 3761 1.

388 3792 777 3850 Cenomanorum,
802 3788 980 3837 Ambr.
1013 3785 1083 3834 11.
1136 3824 1197 3831 .-
1255 3790 1400 3844 atque
1438 3777 1747 3843 Beryomum,
1781 3793 1884 3826 om.
1914 3779 1978 3826 R.
2032 3819 2094 3826 -
2148 3776 2483 3842 Licinisorum,
2507 3779 2619 3828 Aa.

387 3859 738 3925 Liyinisorum,
769 3857 864 3905 Rd
898 3851 1100 3914 (Ambr.
1133 3849 1230 3912 Π.)
1281 3848 1658 3912 Liqninifhrum,
1690 3846 1851 3895 Land.
1896 3841 2239 3909 Liynusorum,
2271 3846 2450 3895 Ambr.
2475 3847 2517 3896 Ι.
2554 3886 2616 3895 ...

384 3927 588 3991 aliquot,
621 3927 687 3976 A.
742 3922 957 3987 aliquod,
989 3921 1096 3970 Rd.
1150 3917 1363 3980 aliquos,
1396 3930 1443 3964 σ.
1499 3922 1545 3963 et
1576 3913 1789 3979 aliquot,
1821 3907 1924 3976 βγ.
1975 3953 2038 3961 ..-
2098 3910 2243 3972 Cato,
2274 3914 2374 3963 vid.
2406 3914 2620 3973 Kranae,

382 3995 615 4058 fragmm.
641 3994 818 4042 histor.
843 3991 993 4039 Rom.
1019 4003 1069 4052 p.
1099 3992 1210 4036 121.
1249 4026 1311 4034 -.
1350 4001 1383 4033 a
1411 3982 1639 4042 Graecia,
1663 3983 1725 4032 R.
1769 3977 2004 4042 Graecia,
2028 3981 2076 4029 d.
2129 3977 2406 4041 Graeciam,
2440 3981 2507 4030 A.
2554 4021 2615 4029 .-

385 4059 846 4126 interpretationem,
872 4059 919 4106 d.
959 4096 1021 4105 .-
1056 4053 1346 4119 decentium,
1369 4052 1437 4101 A.
1473 4051 1767 4114 ἀερεηιίὸιιε,
1792 4041 1991 4112 Βᾱβγ.

453 4127 483 4187 ὅ
512 4135 623 4179 125.
664 4123 1013 4184 Orumbiorum,
1030 4123 1207 4173 Ambr.
1226 4120 1295 4172 11.
1326 4119 1728 4179 Orumbiviorum,
1745 4117 1808 4166 R.
1838 4114 2242 4178 Orumboviorum,
2257 4115 2310 4165 A
2328 4114 2531 4178 (Ambr.
2548 4112 2619 4176 Ι.)

391 4192 799 4252 Orumboinorum‚
824 4194 871 4241 d.
912 4189 1313 4249 Oromboviorum,
1338 4189 1501 4238 Land.
1540 4227 1603 4236 -.
1653 4185 1841 4244 Parra,
1864 4183 2014 4234 RAd
2038 4180 2241 4245 (Ambr.
2266 4186 2310 4234 1.
2334 4184 2404 4233 11.
2428 4181 2619 4244 Laud.)

387 4262 610 4322 Barrae‚
632 4257 690 4322 β.
723 4258 917 4318 Barra,
940 4271 990 4321 γ.
1027 4298 1088 4306 ..
1136 4256 1273 4317 Cato,
1295 4256 1395 4306 vid.
1418 4256 1454 4304 l.
1478 4256 1514 4304 1.
1539 4294 1602 4303 -..
1633 4253 1864 4318 prodente
1886 4268 1952 4312 se,
1976 4250 2125 4302 Ado.
2156 4252 2439 4316 prudentes,
2462 4252 2525 4301 R.
2552 4291 2613 4300 .-

383 4328 540 4391 situm,
564 4319 864 4381 RAO'rdr
886 4320 1088 4386 (Ambr.
1111 4320 1180 4384 Ι.)
1216 4321 1328 4385 situ,
1351 4324 1513 4374 Land.
1536 4321 1714 4371 Ambr.
1737 4322 1806 4371 Π.
1843 4317 1944 4379 siti,
1968 4332 2016 4367 σ.
2050 4319 2186 4380 sitos,
2206 4313 2265 4380 β.
2300 4360 2365 4370 -.
2418 4315 2618 4368 Caturi-

382 4412 486 4464 ges,
510 4397 655 4449 codd.
678 4394 885 4447 Barbar.
925 4387 1149 4455 Careqes,
1172 4390 1240 4440 A.
1286 4389 1459 4441 Catum·
1475 4404 1605 4455 qens,
1628 4390 1731 4439 Rd.
1769 4387 1933 4437 calm-i
1950 4402 2086 4452 qens,
2110 4402 2156 4435 σ.
2197 4383 2420 4450 Caturqi,
2442 4402 2480 4436 r.
2521 4381 2618 4434 Ca-
