2961 4861
422 384 540 425 vnI
1367 381 1746 423 PRAEFATIO.

419 533 645 593 librarii
669 534 1026 609 inquinatus,
1063 552 1256 609 neque
1283 554 1528 609 prorsus
1569 533 1718 593 liber
1751 532 2287 610 interpolationibus
2342 532 2465 592 sine
2492 533 2685 592 dubio

420 645 539 702 iam
578 643 639 702 in
678 642 873 702 codice
900 645 1029 702 eius
1065 643 1382 719 archetypo
1411 644 1621 705 obviis.
1664 643 1762 702 Ita
1790 639 1893 716 34,
1927 638 2010 716 5.,
2040 644 2142 703 ubi
2171 643 2354 718 vulgo
2390 652 2549 702 recte
2583 645 2680 702 le·

422 754 581 829 gitur
609 755 866 824 exolevit,
905 771 1040 810 cum
1067 750 1484 809 Riccardianns
1512 751 1754 810 haberet
1788 752 1961 810 solito
1993 770 2193 810 errore
2220 755 2473 824 exolebit,
2516 753 2579 810 in
2606 752 2682 810 V

421 864 646 923 factum
685 869 773 921 est
812 863 1092 929 eoeoLebat3
1134 856 1236 934 36,
1271 855 1373 921 51.
1418 862 1600 938 vulgo
1642 871 1799 920 recte
1838 870 2033 920 exstat
2067 865 2196 938 peti
2230 865 2463 933 severis,
2510 863 2681 937 quod

422 973 717 1032 communi
752 988 952 1029 errore
987 970 1230 1049 syllabis
1270 970 1574 1047 discerptis
1609 971 1865 1049 primum
1913 978 2204 1030 mutatum
2269 968 2371 1030 est·
2388 971 2453 1029 in
2485 974 2681 1048 potise

421 1085 597 1153 veris,
625 1089 775 1153 tum,
804 1080 941 1156 quia
959 1080 1072 1138 hoc
1098 1079 1267 1139 nihili
1293 1081 1620 1153 videbatur,
1649 1082 1711 1139 in
1732 1084 1947 1158 petisse
1973 1084 2146 1153 veris,
2178 1080 2336 1157 quod
2362 1081 2581 1154 legitur
2606 1080 2677 1139 in

421 1191 696 1249 Parisino
724 1189 787 1263 h,
827 1191 1079 1268 denique
1106 1209 1213 1267 per
1237 1190 1748 1266 interpolationem
1776 1191 1990 1248 codicis
2018 1190 2081 1249 V
2114 1191 2176 1248 in
2208 1192 2422 1267 petisse
2449 1193 2633 1249 versis
2650 1211 2676 1256 ‚-

424 1295 529 1372 33,
565 1294 735 1372 145..
771 1300 873 1359 ubi
910 1318 944 1357 e
980 1299 1406 1378 Bambergensi
1441 1301 1748 1358 restitutus
1779 1309 1868 1358 est
1893 1318 2176 1358 numerus
2222 1300 2346 1370 GL,
2397 1318 2507 1375 pro
2551 1317 2677 1374 quo

420 1410 485 1467 in
513 1410 682 1470 codd.
713 1417 773 1468 et
807 1410 966 1468 editt.
1006 1410 1235 1467 numeri
1273 1409 1578 1485 depravati
1612 1409 1912 1483 leguntur,
1955 1411 2086 1484 ipse
2126 1427 2260 1468 cum
2286 1409 2675 1468 Riccardiano

421 1522 601 1579 habet
633 1519 946 1581 ridiculam
983 1517 1493 1595 interpolationem
1534 1521 1790 1577 clemens.
1849 1518 1947 1577 Ex
1984 1518 2278 1577 nonnullis
2319 1520 2533 1576 harum
2573 1519 2675 1576 in·-

422 1627 875 1705 terpolationum
936 1628 1213 1686 discimus
1282 1604 1670 1706 archetypum
1718 1628 1929 1686 codicis
1970 1627 2033 1685 V
2081 1627 2291 1685 litteris
2340 1627 2673 1687 uncialibus

421 1738 607 1807 fuisse
658 1740 974 1817 scriptum3
1027 1757 1164 1797 nam
1206 1732 1324 1809 36,
1370 1734 1473 1796 72.
1524 1755 1637 1814 pro
1686 1755 1756 1795 eo
1805 1736 1990 1811 quod=
2012 1755 2168 1795 unus
2216 1736 2673 1811 Bambergensis

422 1856 580 1907 recte
607 1849 786 1906 habet
812 1848 966 1906 Novi
990 1847 1029 1907 i.
1059 1867 1112 1904 e.
1142 1847 1336 1918 Νουίἰ,
1365 1846 1429 1905 V
1456 1845 1694 1904 exhibet
1722 1864 1831 1903 non
1860 1847 1939 1916 L,
1970 1863 2120 1921 quae
2148 1842 2438 1921 scriptura
2464 1853 2674 1922 postea

423 1957 681 2034 plurium
728 1955 1265 2031 interpolationum‚
1310 1953 1516 2029 quales
1557 1954 1740 2029 vulgo
1777 1962 2047 2028 regnant,
2093 1954 2454 2014 occasionem
2494 1955 2668 2013 dedit.

423 2066 603 2123 Hunc
631 2081 863 2140 quoque
888 2063 1106 2123 librum
1131 2062 1193 2120 in
1222 2081 1386 2122 meos
1416 2080 1563 2121 usus
1592 2063 1836 2125 contulit
1863 2066 1923 2123 b.
1949 2063 2014 2121 N
2026 2072 2219 2123 anta.

509 2172 717 2232 Codex
757 2173 1181 2232 Riccardianus
1221 2165 1335 2251 (R)
1375 2174 1877 2245 membranaceus,
1915 2173 2141 2233 formae
2167 2174 2477 2244 maximae,
2518 2173 2671 2231 binis

424 2283 713 2343 columnis
745 2284 997 2358 scriptus
1028 2281 1286 2353 saecu10‚
1316 2287 1384 2339 ut
1409 2280 1668 2340 Bandini
1707 2290 1923 2354 censet,
1955 2301 2114 2341 nono
2138 2283 2344 2341 litteris
2373 2283 2670 2341 minuscu-

424 2393 498 2453 lis
536 2370 670 2452 huic
708 2394 887 2454 aetati
914 2390 1166 2470 propriis
1199 2409 1236 2450 a
1264 2392 1536 2469 pluribus
1564 2392 1842 2465 librariis,
1875 2410 2126 2467 quorum
2154 2393 2272 2452 duo
2300 2393 2537 2451 nomina
2563 2411 2672 2452 sua

427 2506 896 2581 adscripserunt3
938 2504 1091 2561 libro
1130 2504 1285 2562 enim
1329 2498 1433 2562 32.
1465 2507 1496 2572 ἓ
1530 2498 1673 2560 112.
1699 2503 1761 2561 in
1788 2503 1903 2560 fine
1930 2501 2060 2561 folii
2087 2504 2301 2579 legitur
2334 2501 2670 2562 Guilelmus

427 2617 680 2675 subdiac.
700 2623 760 2690 et
780 2614 917 2671 libri
937 2608 1040 2673 35.
1059 2612 1431 2690 paragrapho
1463 2609 1605 2671 191.
1635 2611 1995 2689 adscriptum
2008 2619 2098 2671 est
2108 2612 2282 2672 Elias
2294 2614 2672 2672 subdiaconus

428 2727 681 2799 scripsit.
726 2723 904 2780 Alius
933 2724 1126 2781 scriba
1152 2723 1336 2781 alium
1363 2741 1520 2780 nunc
1545 2723 1604 2780 in
1633 2724 1747 2780 fine
1775 2721 1925 2793 folii,
1955 2740 2112 2781 nunc
2136 2723 2201 2779 in
2225 2722 2393 2780 initio
2413 2722 2672 2780 eiusdem

428 2833 558 2898 folii
593 2833 846 2912 paginae
885 2832 1193 2903 secundae,
1234 2849 1393 2890 nunc
1428 2832 1490 2889 in
1533 2832 1723 2890 media
1759 2832 1975 2907 pagina
2001 2825 2249 2908 excepit,
2279 2832 2363 2889 ita
2389 2839 2457 2890 ut
2483 2850 2672 2908 pauca

429 2950 661 3001 tantum
688 2941 833 2999 folia
862 2941 1079 2999 seriore
1107 2949 1369 3017 tempore
1395 2942 1618 3000 inserta
1644 2959 1771 3000 esse
1799 2941 2127 2999 videantur.
2183 2939 2340 2999 Hinc
2369 2939 2670 2999 characte-

429 3071 563 3112 rum
589 3051 929 3130 magnitudo
957 3058 1015 3109 et
1041 3050 1233 3110 forma
1260 3057 1319 3109 et
1344 3051 1655 3108 atramenti
1684 3051 1844 3109 color
1869 3052 1931 3109 in
1959 3051 2090 3108 aliis
2117 3051 2265 3108 locis
2284 3044 2434 3130 ’alia,
2462 3049 2672 3108 litteris

430 3174 626 3223 tamen
673 3164 881 3224 iisdem
928 3162 1145 3236 ubique
1193 3161 1460 3220 servatis.
1518 3158 1761 3219 Litteris
1811 3161 2151 3219 maiusculis
2201 3158 2497 3218 rarissime
2523 3166 2673 3232 ¹sunt

432 3274 530 3331 usi
565 3271 805 3334 h‘brarii.
861 3270 1109 3346 Singula
1146 3274 1328 3330 verba
1365 3272 1681 3345 separatim
1726 3269 1943 3345 scripta
1979 3277 2119 3327 sunt
2152 3269 2530 3345 plerumque,
2568 3287 2671 3326 no-

432 3382 594 3438 mina
635 3379 875 3454 propria
910 3380 1132 3454 passim
1168 3381 1480 3437 cohaerent
1507 3384 1612 3435 aut
1638 3378 1869 3437 litterae
1898 3380 1973 3436 ab
2003 3395 2122 3436 uno
2150 3378 2228 3434 ad
2256 3376 2509 3435 alterum
2538 3384 2673 3435 sunt

435 3488 774 3559 translatae,
821 3495 927 3544 aut
960 3488 1021 3544 in
1057 3489 1173 3544 fine
1213 3487 1422 3563 prioris
1452 3495 1512 3545 et
1536 3487 1701 3546 initio
1728 3488 2065 3564 posterioris
2096 3494 2465 3546 occurrentes
2496 3487 2675 3545 semel

435 3602 661 3655 tantum
692 3596 989 3671 leguntur.
1036 3596 1174 3655 Una
1199 3596 1492 3654 distinctio
1520 3604 1611 3655 est
1636 3606 1938 3672 punctum.
1980 3594 2253 3673 capitum
2281 3596 2511 3654 numeri
2536 3615 2672 3654 raro

437 3706 651 3778 notati,
691 3706 1032 3782 compendia
1074 3706 1393 3780 scripturae
1432 3724 1623 3780 pauca
1636 3747 1655 3777 ‚
1695 3707 2043 3766 adsimilatio
2079 3707 2575 3783 praepositionum
2614 3705 2674 3763 in

439 3815 634 3873 verbis
682 3816 1015 3892 compositis
1064 3814 1187 3874 fere
1235 3812 1502 3889 neglecta
1514 3832 1532 3886 ;
1581 3817 1803 3874 multae
1850 3817 2081 3876 litterae
2132 3817 2241 3876 sibi
2281 3815 2499 3875 similes
2542 3833 2672 3873 sae—

438 3925 675 3999 pissime
704 3925 1157 3996 coniunduntur,
1196 3942 1448 3999 quarum
1477 3923 1879 3984 confusionum
1908 3929 2056 4004 satisv
2080 3929 2236 3987 bona
2262 3943 2399 4002 pars
2428 3932 2559 3983 orta
2586 3932 2675 3981 est

440 4051 516 4091 ex
543 4034 766 4092 ratione
793 4035 1002 4092 codicis
1030 4034 1350 4112 archetypi,
1380 4036 1535 4094 unde
1563 4034 1980 4095 Riccardianus
2008 4046 2098 4095 est
2131 4036 2537 4114 transcriptus.
2564 4033 2674 4093 Ille

443 4141 664 4200 scilicet
699 4144 904 4202 litteris
942 4145 1268 4208 uncialibus
1310 4146 1563 4221 scriptus
1603 4152 1747 4219 erat,
1788 4147 1945 4220 quod
1981 4147 2215 4206 abunde
2251 4152 2541 4206 testantur
2566 4143 2674 4202 loci

445 4251 649 4327 quales
678 4261 816 4312 sunt
846 4250 907 4326 2,
939 4251 1061 4327 29„
1093 4255 1195 4314 ubi
1221 4273 1331 4330 pro
1362 4256 1607 4331 vulgato
1637 4255 1903 4315 IGNEA
1942 4256 2032 4318 VI
2050 4255 2228 4316 habet
2254 4257 2441 4316 codex
2466 4255 2523 4314 R
2550 4256 2672 4332 ique
