2961 4861
476 364 514 404 Ι.
540 374 549 383 “
1397 353 1780 400 PRAEFATIO.

476 514 551 572 tis
582 518 677 571 est
701 516 994 583 oneratus,
1037 509 1127 568 uti
1153 503 1259 581 33,
1294 503 1396 567 26.
1425 508 1485 566 in
1515 500 1713 567 codice
1739 503 1794 564 B
1821 503 2098 564 scribitur
2124 507 2245 566 vita
2275 506 2632 580 priscorum,
2675 506 2741 565 in

474 625 516 680 h
545 631 605 680 et
630 621 763 680 edd.
803 618 1060 693 vulgatis
1091 620 1421 694 priscorum
1458 618 1598 687 vita,
1642 633 1777 673 cum
1804 612 2052 673 VRdil
2092 619 2252 672 recte
2286 632 2474 673 unum
2517 632 2741 676 nomen

473 733 592 790 vita
619 735 960 805 agnoscant,
1004 735 1065 785 et
1099 732 1206 784 aut
1244 727 1368 802 ipse
1405 731 1513 782 aut
1552 724 1738 782 codex
1777 722 2135 800 archetypus
2163 740 2405 781 manum
2436 724 2598 782 docti
2624 724 2740 782 ali-

473 840 640 899 cuius
668 837 891 896 librarii
917 836 1325 895 emendantem
1351 840 1412 891 et
1436 831 1886 908 interpolantem
1915 839 2008 890 est
2038 838 2337 907 expertus.
2380 831 2480 891 Ita
2498 826 2608 905 34,
2630 829 2739 891 17.

473 967 582 1025 pro
615 950 931 1024 prorogari
979 945 1307 1004 faciliorem
1346 942 1658 1001 lectionem
1708 940 1892 999 habet
1931 942 2259 1017 propaqari
2271 980 2290 1013 ‚
2342 941 2552 999 eodem
2600 940 2740 1000 loco

338 1076 349 1082 ’
471 1058 660 1116 antris
687 1074 798 1132 pro
826 1057 996 1115 atriis
1010 1078 1034 1123 ‚-
1073 1047 1178 1126 34,
1210 1049 1314 1113 88.
1357 1070 1494 1111 cum
1519 1049 1741 1110 nomini
1770 1053 1987 1127 infante
2028 1069 2105 1108 ex
2143 1050 2410 1125 sequenti
2450 1049 2741 1109 adverbio

472 1166 868 1225 miserabiliter
905 1163 1270 1245 adhaesisset
1295 1162 1495 1220 littera
1520 1181 1597 1231 m,
1643 1159 1842 1218 statim
1879 1165 2017 1234 post
2057 1176 2166 1234 pro
2203 1159 2526 1218 blandiente
2550 1159 2739 1218 inter*-

473 1273 739 1350 polatum
777 1279 868 1331 est
905 1274 1277 1331 blandientem
1286 1293 1308 1337 ,-
1349 1263 1454 1339 35,
1488 1263 1548 1326 9.
1590 1275 1747 1326 recte
1784 1285 1920 1326 cum
1961 1265 2141 1342 vulgo
2179 1268 2473 1326 scribatur
2508 1287 2737 1339 aevum,

474 1401 552 1441 ex
592 1400 710 1456 quo
751 1382 812 1440 in
848 1381 983 1438 aliis
1011 1379 1180 1439 codd.
1219 1377 1391 1436 solito
1427 1394 1624 1436 errore
1651 1376 1874 1435 iactum
1904 1382 1997 1434 est
2022 1395 2170 1447 eum,
2210 1375 2487 1435 librarius
2516 1377 2739 1436 codicis

471 1490 527 1550 B
569 1490 804 1566 scripsit
839 1492 1039 1555 deum5
1095 1481 1201 1558 35,
1234 1479 1378 1545 139.
1418 1486 1580 1561 quod
1616 1485 1680 1543 in
1721 1484 1888 1543 bonis
1927 1484 2100 1543 codd.
2145 1483 2420 1543 scribitur
2453 1486 2527 1544 ab
2572 1487 2736 1557 Oeta,

473 1600 537 1657 in
578 1599 708 1657 aliis
749 1605 1089 1673 corruptum
1129 1595 1190 1652 in
1226 1604 1442 1665 avoeta,
1485 1594 1546 1651 in
1582 1593 1711 1652 aliis
1747 1599 2063 1665 mutatum,
2105 1600 2175 1651 ut
2210 1600 2367 1652 certe
2410 1610 2591 1652 voces
2632 1594 2739 1652 ad·

476 1713 693 1779 essent,
733 1726 839 1766 avo
874 1716 929 1766 et
964 1726 1024 1778 a,
1062 1703 1118 1763 B
1158 1705 1579 1781 interpolatum
1617 1702 1856 1761 exhibet
1892 1721 1930 1760 a
1957 1703 2195 1761 Boeotia
2209 1726 2231 1770 ,-
2274 1698 2380 1774 36,
2408 1697 2516 1761 41.
2547 1703 2738 1778 vulgo

478 1835 613 1875 cum
639 1823 797 1875 recte
823 1817 1061 1891 legatur
1084 1817 1192 1874 alii
1217 1816 1514 1890 religatam
1536 1806 1651 1893 (sc.
1678 1803 1999 1888 leaenam),
2028 1810 2090 1870 in
2114 1808 2170 1868 B
2199 1817 2290 1868 est
2313 1810 2737 1886 interpolatum

477 1944 619 1983 aare
648 1927 902 1999 ligatam,
946 1924 1104 1996 quod
1144 1931 1340 1980 ortum
1380 1928 1471 1979 est
1499 1939 1576 1978 ex
1600 1938 1720 1979 non
1747 1919 2047 1978 intellecto
2074 1917 2515 1990 ALIRELIG,
2543 1921 2640 1978 uti
2671 1920 2737 1978 in

479 2033 678 2090 codice
719 2032 1037 2107 archetypo
1080 2030 1363 2106 scriptum
1404 2029 1632 2098 fuerat3
1690 2023 1797 2101 36,
1843 2024 1944 2088 74.
1984 2046 2094 2104 pro
2148 2046 2219 2086 eo
2264 2028 2423 2102 quod
2473 2020 2665 2103 vulgo
2700 2045 2736 2086 ε

479 2139 683 2223 multis
721 2139 1007 2212 bonisque
1046 2137 1341 2194 codicibus
1380 2143 1543 2195 recte
1579 2136 1795 2213 legitur
1833 2139 1894 2195 in
1935 2138 2248 2208 molitione,
2287 2137 2351 2196 in
2386 2136 2524 2195 aliis
2563 2137 2737 2196 varis

481 2247 706 2306 ratione
745 2247 1141 2323 deturpatum,
1178 2245 1233 2303 B
1264 2246 1783 2321 interpolationem
1819 2245 1926 2333 sibi
1967 2246 2269 2322 propriam
2306 2244 2485 2303 habet
2521 2248 2584 2304 in
2623 2248 2736 2305 im-

483 2359 800 2417 molatione.
848 2354 1017 2429 Quae
1055 2355 1252 2414 omnia
1287 2355 1360 2413 de
1402 2354 1747 2413 auctoritate
1775 2354 1991 2413 codicis
2019 2351 2073 2411 B
2101 2353 2407 2428 hucusque
2435 2354 2738 2432 disputata

487 2485 621 2526 cum
649 2486 682 2524 e
708 2466 876 2525 libris
902 2463 1556 2525 XXXH—XXXVI.
1587 2465 1772 2540 petita
1799 2463 1935 2534 sint,
1976 2453 2333 2539 loquendum
2369 2463 2490 2521 iam
2532 2470 2625 2521 est
2665 2464 2738 2523 de

418 2567 425 2576 ³
485 2576 639 2634 libro
677 2573 1018 2633 XXXVII.
1034 2615 1054 2645 ,
1098 2574 1199 2649 qui
1235 2592 1274 2632 a
1308 2573 1604 2649 prioribus
1641 2572 1803 2632 libris
1840 2570 2271 2647 aliquantulum
2306 2572 2521 2631 differt.
2576 2570 2642 2631 N
2640 2591 2738 2631 am

487 2683 717 2741 etiamsi
753 2683 849 2740 hic
891 2655 1126 2757 duoque
1167 2682 1321 2739 liber
1357 2700 1392 2739 e
1430 2681 1627 2740 codice
1656 2687 1892 2766 ceteros*
1907 2698 2109 2738 omnes
2136 2680 2391 2740 multum
2419 2691 2740 2757 superante

488 2799 583 2850 est
607 2790 953 2867 descriptus,
978 2790 1136 2863 quod
1165 2807 1297 2847 cum
1326 2809 1404 2848 ex
1427 2790 1751 2847 innumeris
1779 2788 1911 2847 aliis
1938 2788 2104 2860 locis,
2136 2796 2265 2847 tum
2296 2792 2456 2872 ex·§§
2479 2783 2584 2848 80.
2607 2785 2738 2860 81..

488 2899 593 2958 ubi
629 2897 789 2957 solus
832 2904 1157 2956 ceterorum
1200 2897 1463 2955 codicum
1505 2896 1986 2973 interpolationes
2026 2896 2261 2974 putidas
2304 2898 2635 2971 convincit,
2680 2905 2740 2955 et

491 3012 557 3079 ἐς
598 3004 973 3068 183-187.
1024 3007 1489 3066 luculentissime
1538 3006 1928 3065 demonstrari
1972 3013 2203 3083 potest,
2262 3006 2366 3066 ubi
2414 3007 2740 3084 scripturae

490 3118 775 3193 vulgatae
812 3117 1288 3207 interpolationes
1327 3115 1714 3193 perspicimus
1756 3115 2016 3190 quidem,
2056 3122 2140 3186 at,
2183 3116 2323 3191 quia
2358 3115 2456 3174 hic
2482 3115 2654 3174 locus
2677 3115 2740 3174 in

489 3225 545 3285 B
581 3227 816 3298 excidit,
860 3228 1003 3302 quid
1041 3227 1113 3286 iis
1150 3201 1478 3286 faciendum
1521 3225 1599 3306 sit
1635 3225 1949 3297 nescimus,
2007 3233 2205 3284 tamen
2241 3225 2402 3296 fons,
2445 3226 2603 3283 unde
2642 3224 2740 3283 hic

490 3334 639 3393 liber
664 3343 757 3393 est
784 3336 1105 3405 derivatus,
1146 3335 1207 3392 in
1242 3335 1585 3392 universum
1622 3306 1817 3391 minus
1844 3332 1956 3390 fuit
1981 3333 2239 3409 liquidus
2268 3352 2448 3408 quam
2473 3334 2740 3411 priorum

492 3441 795 3499 h'brorum.
848 3440 1087 3498 Etenim
1124 3459 1242 3498 non
1285 3442 1461 3498 modo
1501 3442 1562 3499 in
1612 3442 1862 3516 singulis
1900 3442 2230 3501 nominibus
2269 3444 2457 3502 codex
2489 3441 2545 3501 B
2581 3444 2741 3501 hunc

495 3567 601 3625 per
634 3548 852 3605 librum
891 3557 983 3605 est
1020 3547 1406 3624 interpolatus
1447 3543 1567 3627 (uti
1594 3552 1625 3617 ς
1653 3544 1737 3622 4.,
1766 3550 1870 3608 ubi
1896 3560 1974 3610 tot
2003 3554 2284 3627 praelatis
2321 3559 2614 3611 mutatum
2653 3558 2742 3610 est

493 3658 558 3716 in
587 3659 872 3735 praelatis
898 3658 1092 3715 multis
1107 3679 1128 3722 ,-
1168 3659 1203 3727 ὅ,
1230 3650 1356 3727 85.,
1386 3658 1489 3715 ubi
1516 3657 1874 3733 lepidissima
1899 3643 2084 3718 ironia
2097 3662 2446 3737 seminarum
2473 3671 2740 3720 senatus-

495 3770 748 3826 consulto
785 3774 913 3825 tota
953 3763 1239 3822 exstincta
1279 3772 1369 3822 est
1406 3784 1515 3840 per
1551 3765 2054 3842 interpolationem
2088 3771 2441 3856 seminarum
2487 3771 2704 3828 iudicio
2718 3790 2742 3834 ,-

499 3878 531 3944 5
561 3867 663 3934 92.
703 3890 939 3948 gemma
978 3873 1265 3947 quaedam
1306 3873 1490 3947 vulgo
1528 3874 1737 3933 dicitur
1761 3873 2097 3950 lanquidius
2123 3880 2430 3955 refulgens,
2467 3895 2577 3953 pro
2620 3893 2742 3951 qua

501 3983 759 4060 eleganti
799 3982 1158 4060 metonymia
1192 3983 1253 4042 in
1290 3980 1345 4041 B
1386 3982 1576 4042 ieiune
1615 3984 1894 4058 scriptum
1934 3985 2149 4061 legitur
2193 3989 2386 4046 minue
2420 3989 2712 4064 refulqens
2723 4009 2747 4053 ,-

502 4095 534 4161 5
565 4087 709 4150 149.
737 4109 848 4168 pro
873 4093 1059 4158 aliam,
1074 4102 1259 4151 autem
1286 4084 1643 4171 (gemmam)
1684 4112 1856 4169 quam
1881 4089 2090 4154 Belum
2130 4106 2328 4156 vocant
2364 4096 2428 4154 in
2452 4094 2507 4152 B
2543 4095 2748 4171 inepte

499 4208 593 4259 est
630 4199 1049 4277 transpositum
1093 4207 1153 4259 et
1186 4201 1606 4278 interpolatum
1640 4201 1845 4261 Belum
1885 4213 2071 4263 autem
2107 4206 2281 4264 aliam
2318 4224 2490 4281 quam
2526 4207 2612 4265 sic
2647 4221 2747 4265 vo·
