2961 4861
728 368 867 413 mn.
898 368 972 413 11.
1032 368 1189 413 off.
1220 367 1679 414 va-van.
1739 367 1932 414 sacr.
1964 370 2143 413 «ss-67.
2422 351 2542 415 169

319 517 561 580 umoris
602 517 699 580 vis
744 527 1023 601 superet.
1088 516 1280 581 quta
1325 537 1475 582 vero
1519 516 1601 582 ab
1642 528 1788 581 ortu
1833 540 1914 582 ex
1955 516 2178 581 Indico
2220 518 2378 581 mari
2423 519 2542 583 sub

225 631 232 636 ’
323 617 549 682 eodem
605 616 815 681 sidere
866 639 1019 701 pars
1065 628 1197 681 tota
1249 639 1525 702 vergens
1567 618 1635 681 in
1680 614 1987 701 Caspium
2032 640 2207 682 mare
2249 619 2544 703 pernavi-

320 727 474 801 gata
517 726 613 782 est
638 715 1069 787 Macedonum
1112 717 1325 795 armis,
1373 714 1647 783 Seleuco
1682 728 1874 801 atque
1904 716 2225 782 Antiocho
2268 738 2547 803 regnan-

322 815 495 880 tibus
560 817 671 901 qui
746 827 811 881 et
878 814 1222 882 Seleucida
1287 828 1350 882 et
1414 816 1805 883 Antiochida
1869 818 1950 881 ab
2017 818 2174 902 ipsis
2241 818 2551 903 appellari

320 917 600 980 voluere.
674 915 763 980 Et
828 917 998 981 circa
1056 914 1365 1002 Caspium
1421 918 1621 983 multa
1681 918 1899 982 oceani
1956 918 2143 981 litora
2197 920 2548 1012 explorata,
2582 936 2677 982 168

317 1036 649 1099 parvoque
690 1016 950 1081 brevius
995 1038 1185 1099 quam
1232 1027 1401 1081 totus
1441 1016 1593 1082 hinc
1635 1029 1747 1081 aut
1797 1018 1971 1083 illinc
2016 1019 2361 1103 septentrio
2408 1040 2550 1098 egg-

317 1116 623 1202 migatus.
668 1114 765 1180 Ut
806 1127 1021 1180 tamen
1065 1116 1464 1182 coniecturae
1504 1117 1715 1182 locum
1760 1118 1851 1182 sic
1895 1138 2146 1201 quoque
2187 1139 2316 1183 non
2357 1118 2550 1183 relin-

320 1227 509 1299 quat,
568 1217 795 1302 ingens
838 1227 1286 1301 argumentum
1327 1216 1580 1302 paludis
1621 1216 2015 1294 Maeoticae,
2071 1218 2204 1283 sive
2258 1241 2334 1284 ea
2381 1219 2553 1283 illius

319 1316 548 1381 oceani
591 1318 768 1380 sinus
812 1326 945 1393 est,
988 1327 1061 1380 ut
1102 1317 1334 1382 multos
1378 1317 1643 1383 adverto
1687 1317 2054 1397 credidisse,
2103 1319 2236 1384 sive
2280 1330 2553 1406 angusto

319 1416 586 1481 discreti
630 1417 757 1481 situ
797 1417 1208 1503 restagnatio.
1278 1417 1431 1483 Alio
1472 1419 1672 1484 latere
1718 1415 2002 1483 Gadium
2045 1419 2128 1484 ab
2171 1419 2397 1483 eodem
2441 1439 2551 1484 oc-

320 1516 577 1581 cidente
619 1540 852 1604 magna
891 1538 1044 1601 pars
1085 1515 1420 1581 meridiani
1465 1518 1642 1582 sinus
1686 1518 1931 1583 ambitu
1958 1517 2402 1583 Mauretaniae
2432 1542 2549 1582 na-

318 1616 583 1703 vigatur
622 1615 833 1681 hodie.
904 1614 1222 1680 Maiorem
1271 1617 1532 1700 quidem
1573 1618 1709 1682 eius
1751 1628 2000 1702 partem
2044 1629 2108 1682 et
2150 1619 2412 1682 orientis
2456 1619 2553 1682 vi-

321 1717 559 1782 ctoriae
587 1716 807 1802 magni
834 1715 1190 1780 Alexandri
1217 1717 1572 1804 lustravere
1600 1738 1805 1799 usque
1834 1716 1900 1779 in
1929 1717 2280 1782 Arabicum
2325 1720 2553 1796 sinum,

318 1818 389 1881 in
444 1837 572 1899 quo
625 1836 731 1879 res
783 1824 1048 1901 gerente
1092 1814 1169 1879 C.
1217 1812 1497 1880 Caesare
1540 1814 1825 1902 Augusti
1875 1816 2005 1881 filio
2061 1817 2244 1901 signa
2298 1818 2558 1881 navium

323 1939 409 1981 ex
437 1914 977 2000 Hispaniensibus
1012 1901 1370 2001 naufragiis
1399 1915 1694 1980 feruntur
1721 1916 1956 2001 agnita.
2011 1914 2099 1979 Et
2127 1915 2361 1981 Hanno
2392 1913 2555 1980 Car·
2589 1934 2684 1979 169

320 2014 601 2099 thaginis
650 2014 938 2099 potentia
988 2013 1254 2079 florente
1307 2014 1770 2081 circumvectus
1814 2038 1852 2079 a
1898 2012 2194 2084 Gadibus
2237 2016 2321 2080 ad
2362 2016 2557 2080 finem

318 2113 607 2178 Arabiae
649 2114 1124 2201 navigationem
1170 2137 1312 2179 eam
1352 2114 1634 2200 prodidit
1677 2116 1952 2198 scripto,
2000 2116 2165 2180 sicut
2207 2116 2290 2179 ad
2335 2128 2557 2181 extera

316 2213 622 2297 Europae
666 2214 990 2279 noscenda
1018 2215 1251 2279 missus
1281 2215 1505 2280 eodem
1536 2227 1819 2300 tempore
1847 2215 2151 2282 Himilco.
2207 2213 2557 2280 Praeterea

317 2313 544 2398 Nepos
590 2311 926 2379 Cornelius
980 2324 1202 2379 auctor
1257 2325 1357 2378 est
1396 2313 1742 2379 Eudoxum
1796 2315 2116 2399 quendam
2168 2337 2284 2378 sua
2326 2327 2554 2394 aetate,

319 2436 467 2480 cum
495 2412 858 2498 Lathyrum
898 2437 1119 2504 regem
1151 2414 1426 2500 fugeret,
1470 2413 1755 2479 Arabico
1801 2414 1946 2478 sinu
1991 2436 2319 2501 egressum
2351 2411 2556 2480 Gadis

318 2534 530 2596 usque
571 2524 968 2598 pervectum,
1013 2515 1342 2597 multoque
1385 2522 1535 2577 ante
1580 2535 1724 2577 eum
1764 2511 2027 2579 Caelius
2068 2513 2413 2599 Antipater
2455 2515 2556 2580 vi-

323 2614 499 2678 disse
544 2635 634 2691 se,
681 2615 792 2696 qui
833 2615 1203 2700 navigasset
1244 2635 1325 2678 ex
1352 2613 1673 2698 Hispania
1700 2614 1766 2678 in
1797 2613 2208 2701 Aethiopiam
2238 2617 2554 2682 conmerci

318 2712 546 2800 gratia.
613 2712 796 2778 Idem
835 2713 1057 2800 Nepos
1111 2714 1191 2780 de
1238 2714 1715 2799 septentrionali
1759 2714 2026 2780 circuitu
2071 2716 2265 2780 tradit
2311 2714 2555 2797 Quinto
2586 2731 2685 2780 1⁷⁰

316 2812 586 2880 Metello
642 2811 855 2878 Celeri
907 2813 989 2878 L.
1046 2814 1282 2879 Afrani
1344 2816 1411 2878 in
1476 2816 1808 2881 consulatu
1873 2815 2178 2903 conlegae
2237 2816 2353 2881 sed
2417 2829 2555 2882 tum

318 3020 440 3079 situ,
464 3018 568 3067 Ra.
604 3020 745 3080 situs,
770 3020 874 3070 Td.
901 3020 1014 3072 Om.
1040 3022 1091 3074 S.
1132 3065 1193 3072 .-
1241 3021 1555 3088 νοείαρηαείο,
1589 3038 1635 3069 a.
1685 3021 1740 3070 εδ
1774 3021 1993 3083 aquatio,
2027 3021 2089 3069 R.
2144 3029 2219 3070 est
2250 3021 2474 3083 aquatio,
2508 3025 2555 3070 d.

316 3085 580 3148 staqnatio,
606 3086 667 3135 T.
706 3128 768 3134 -.
805 3088 938 3150 situs,
963 3089 1053 3138 R'.
1092 3131 1153 3138 ....
1191 3089 1387 3147 ambitu,
1412 3106 1457 3138 a.
1486 3086 1703 3144 ambitus,
1726 3086 1831 3135 ΒΤ
1844 3088 1890 3134 (1.
1930 3125 1991 3132 -.
2030 3083 2153 3145 odie,
2176 3086 2239 3133 Β.
2279 3124 2341 3132 .-.
2379 3085 2557 3134 lustra-

317 3168 431 3201 vere
453 3167 570 3201 cum
603 3155 665 3202 de
696 3155 917 3204 victoriis
951 3163 1135 3204 terram
1159 3156 1382 3217 aliquam
1406 3153 1744 3217 aperientibus
1769 3161 1820 3199 et
1851 3152 2104 3199 notiorem
2126 3151 2446 3200 reddentibus
2469 3154 2558 3202 vix

317 3219 414 3268 dici
428 3220 605 3282 possit,
623 3228 681 3269 ut
699 3222 840 3270 cuius
857 3222 994 3270 verbi
1022 3223 1097 3271 vis
1115 3221 1319 3284 propria
1336 3221 1400 3270 sit
1417 3219 1649 3277 adeundi,
1668 3218 2003 3281 percurrendi,
2022 3219 2324 3278 transeundi,
2334 3218 2558 3269 Plinium

315 3286 374 3334 in
384 3284 667 3336 lustravisse
685 3288 921 3335 existimo
932 3289 1201 3350 scripsisse,
1222 3301 1351 3348 quae
1367 3286 1677 3350 praepositio
1697 3284 1939 3333 facillime
1955 3285 2135 3334 ultima
2152 3285 2321 3334 littera
2336 3288 2556 3348 proximi

313 3353 537 3401 nominis
586 3353 843 3402 absorberi
891 3354 1072 3414 potuit.
1144 3352 1381 3403 Ceterum
1413 3359 1578 3400 totum
1622 3351 1758 3399 hunc
1799 3352 1971 3399 locum
2013 3353 2277 3415 exscripsit
2316 3355 2554 3403 Martian.

316 3418 443 3478 Cap.
471 3424 517 3477 6,
545 3423 658 3466 621.
695 3457 758 3465 .-
796 3427 974 3481 aqente,
1000 3420 1102 3469 Td.
1129 3459 1192 3468 -.
1226 3416 1295 3478 a,
1319 3419 1451 3467 R2a.
1479 3418 1654 3468 Omitt.
1679 3418 1869 3468 ΒῑΤᾶ.
1909 3459 1971 3467 .-
2015 3417 2433 3483 Hispaniensium‚
2457 3422 2555 3470 R2.

314 3482 735 3545 Hispanensibus,
759 3500 804 3532 a.
843 3524 905 3534 -
944 3486 1115 3550 aqnite,
1138 3486 1188 3534 Β
1212 3484 1262 3547 (e
1286 3499 1351 3534 ex
1375 3481 1528 3544 corr.)

383 3546 413 3608 ξ
444 3554 554 3597 169.
602 3549 947 3610 circumvectis,
980 3566 1027 3601 σ.
1072 3553 1323 3612 circumve,
1355 3552 1444 3601 R1.
1494 3592 1555 3601 -.
1601 3551 1819 3613 dextera,
1862 3554 1935 3600 d'.
1971 3553 2204 3613 dextram,
2238 3554 2448 3603 Robert.
2489 3594 2550 3601 -

312 3616 536 3678 Europa,
561 3614 650 3662 R¹.
690 3655 752 3662 .-
789 3618 1096 3679 noscendam,
1129 3619 1334 3668 Robert.
1373 3660 1434 3667 -
1470 3616 1660 3680 Nepos,
1683 3618 1914 3681 fragmm.
1939 3635 1988 3683 p.
2015 3626 2130 3669 868.
2155 3622 2312 3669 Heus.
2352 3660 2412 3667 -.
2450 3618 2555 3668 Eu-

314 3680 584 3742 doxum,R.
608 3678 1005 3743 Eudoxius,ad¹.
1029 3684 1325 3747 Eudooeium,
1350 3688 1424 3736 d2.
1449 3686 1733 3749 Exscripsit
1748 3687 1945 3736 Plinius
1970 3687 2022 3734 h.
2048 3687 2083 3733 l.
2107 3687 2299 3734 Melam
2308 3687 2404 3734 111.
2431 3691 2478 3745 9,
2504 3693 2551 3735 3.

316 3791 377 3799 ..
418 3749 675 3813 quendam,
700 3748 899 3798 Ra²d2.
938 3753 1194 3812 quondam,
1221 3754 1292 3801 a¹.
1340 3743 1595 3820 qussndam,
1633 3754 1707 3802 d¹.
1747 3793 1809 3801 -..
1845 3749 2136 3817 Lathyrum,
2171 3753 2258 3800 ad.
2302 3751 2554 3817 Latyrum,

311 3816 376 3865 Β.
413 3814 705 3876 Latinarum,
728 3829 778 3880 γ.
817 3856 877 3864 ..,.
913 3817 1110 3883 suqere,
1144 3819 1243 3867 R'.
1291 3860 1353 3868 -.
1405 3817 1595 3879 Gades,
1630 3822 1743 3868 a2d.
1797 3819 1975 3877 Gades,
2017 3818 2066 3865 R
2098 3814 2151 3877 (c
2177 3826 2227 3865 et
2251 3834 2300 3866 es
2322 3818 2376 3867 in
2400 3817 2555 3880 corr.)

319 3879 549 3940 Gadium,
574 3883 646 3930 a¹.
685 3922 746 3930 -..
794 3879 1070 3946 Antipater,
1111 3900 1157 3934 v.
1191 3887 1403 3947 Krause‚
1435 3887 1668 3948 fragmm.
1705 3886 1880 3935 histor.
1909 3884 2060 3932 Rom.
2102 3897 2151 3945 p.
2183 3889 2292 3932 199.
2333 3925 2392 3933 -.
2431 3884 2557 3935 dicit

312 3948 504 4011 vidisse,
531 3949 630 3997 1³².

378 4015 408 4074 ὅ
438 4021 548 4066 170.
586 4031 644 4065 ne
661 4026 789 4081 post,
813 4019 862 4066 R
879 4019 908 4066 ¹.
930 4017 1166 4069 Ceterum
1188 4033 1236 4067 v.
1262 4018 1475 4080 Nepotis
1499 4017 1732 4078 fragmm.
1757 4031 1805 4078 p.
1833 4020 1947 4065 367.
1973 4016 2128 4065 Heus.
2156 4058 2217 4064 -.
2243 4018 2392 4068 tradit
2413 4033 2554 4081 prae-

311 4083 552 4145 positioni
588 4081 649 4132 de
681 4085 958 4146 praemittit
989 4086 1036 4133 d.
1072 4125 1133 4133 -
1175 4081 1310 4144 Gelii,
1347 4086 1379 4132 d
1420 4081 1495 4145 (ii
1527 4084 1580 4132 in
1628 4080 1842 4143 rasura.)
1886 4082 2076 4133 Iterum
2116 4083 2247 4132 Plin.
2292 4086 2555 4150 exscripsit

311 4151 501 4199 Melam
523 4150 619 4200 m.
643 4156 688 4210 5,
723 4157 770 4200 8.
810 4190 871 4201 ..
909 4148 989 4211 L.,
1032 4151 1218 4202 Sabell.
1261 4152 1314 4199 in
1355 4150 1486 4198 curis
1512 4150 1757 4198 secundis.
1800 4148 1871 4208 0.,
1897 4147 1999 4210 Sss.
2048 4151 2224 4202 omitt.
2250 4153 2450 4202 R'I'ad.
2491 4194 2551 4201 .-

311 4214 535 4279 Afranii,
572 4217 758 4267 Sabell.
810 4218 956 4270 Tad.
1003 4216 1253 4281 Africani,
1288 4217 1396 4277 RS,
1444 4220 1581 4280 quod
1613 4218 1792 4280 probat
1827 4216 2012 4268 Sabell.
2066 4219 2117 4267 in
2142 4220 2273 4269 curis
2307 4221 2553 4280 secundis,

312 4283 406 4332 nisi
430 4298 569 4333 error
591 4291 667 4334 est
687 4286 1098 4349 typographicus.
1140 4324 1194 4333 ..
1237 4281 1365 4346 dum,
1388 4286 1449 4335 R.
