2961 4861
479 363 523 402 X
529 362 576 403 X
1396 361 1774 406 PRAEFATIO.

478 515 642 573 libris
682 516 780 574 vel
819 531 952 574 cum
990 512 1239 575 lectione
1283 517 1531 593 vulgata
1569 514 1604 598 β
1650 516 2006 588 communia,
2060 515 2206 575 nihil
2256 524 2452 576 tamen
2504 522 2749 597 proprii

479 622 591 702 (uti
630 621 732 699 35,
777 621 878 684 11.
915 644 1192 694 amorem‚·
1241 622 1346 699 35,
1390 621 1495 686 85.
1539 621 1810 706 superbo)
1827 650 1850 695 ‚-
1899 627 2002 684 sed
2050 627 2206 685 idem
2246 627 2744 705 interpolationes

474 753 704 812 quoque
731 735 950 794 multas
989 736 1242 808 exhibet,
1288 754 1439 810 quae
1478 736 1641 812 ipsae
1679 735 1953 795 videntur
1981 736 2260 808 effecisse,
2304 745 2374 796 ut
2398 734 2742 798 Rezzonieo

471 846 618 903 adeo
646 845 950 903 arrideret.
993 843 1090 902 Ita
1117 852 1187 902 ut
1213 864 1250 902 a
1276 843 1414 902 Ian
1429 865 1464 903 o
1494 844 1686 902 allatis
1723 845 2006 921 exemplis
2036 844 2322 904 nonnulla
2349 864 2458 922 ego
2486 848 2739 921 addam,

469 948 575 1026 35,
606 949 735 1025 47„
777 953 879 1011 ubi
915 954 976 1010 in
1019 950 1289 1012 omnibus
1331 949 1498 1012 codd.
1533 963 1591 1012 et
1627 955 1758 1012 edd.
1788 962 1949 1013 recte
1990 961 2185 1013 exstat
2225 959 2440 1026 tamari,
2478 957 2610 1032 ipse
2655 978 2743 1015 ex

465 1062 916 1140 interpolatione
945 1063 1206 1120 additum
1234 1062 1413 1121 habet
1441 1066 1503 1121 in
1526 1067 1772 1139 pecunia
1782 1088 1804 1131 ,·
1835 1059 1937 1136 35,
1966 1059 2090 1135 64„
2113 1064 2216 1122 ubi
2243 1064 2307 1121 in
2334 1066 2738 1142 descriptione

465 1172 874 1230 celeberrimae
896 1170 1174 1230 Zeuxidis
1194 1173 1452 1247 picturae
1474 1173 1660 1247 vulgo
1680 1172 1927 1248 legitur:
1958 1175 2203 1232 tabulam
2231 1194 2402 1249 quam
2430 1178 2493 1232 in
2521 1180 2738 1252 templo

465 1329 549 1338 -
581 1282 810 1357 publice
847 1283 1123 1352 dicarent,
1166 1284 1480 1358 inspexerit
1527 1283 1797 1357 virqines,
1836 1282 1899 1340 in
1940 1282 2053 1340 hoo
2093 1302 2168 1340 ex
2208 1284 2465 1358 pessima
2500 1285 2734 1360 pariter

465 1397 642 1464 atque
690 1390 1081 1449 audacissima
1134 1389 1582 1467 interpolatione
1633 1390 1877 1465 legitur:
1938 1392 2183 1450 tabulam
2233 1412 2406 1467 qnam
2457 1387 2603 1473 (sio)
2660 1397 2728 1452 in

390 1558 393 1559 γ
465 1503 667 1576 templo
712 1547 797 1557 -
833 1547 918 1558 .-.
956 1509 1246 1576 spectatur
1276 1501 1525 1576 publice,
1570 1501 1819 1558 dicerent
1857 1492 2211 1577 inspexisse5
2253 1495 2356 1574 35,
2392 1498 2493 1560 70.
2540 1503 2731 1578 vulgo

465 1628 596 1668 cum
619 1602 798 1669 'recte
839 1609 1073 1686 legatur
1109 1606 1451 1668 sacerdotem
1493 1610 1754 1668 adstante
1783 1627 1969 1685 puero
1992 1609 2071 1667 'et
2108 1610 2172 1667 in
2208 1610 2506 1668 nonnullis
2548 1613 2724 1672 codd.

463 1738 539 1777 ex
569 1737 770 1777 errore
796 1712 1011 1777 usitato
1040 1718 1262 1777 factum
1291 1726 1449 1777 esset
1474 1721 1817 1778 sacerdotem
1845 1720 2172 1777 adstantem.
2200 1738 2400 1794 puero,
2440 1719 2726 1779 librarius

465 1830 679 1888 codicis
706 1827 769 1887 N
798 1829 961 1887 solus
989 1826 1368 1904 interpolavit
1394 1830 1738 1887 sacerdotem
1780 1837 1833 1886 et
1859 1830 2175 1886 adstantem
2195 1847 2440 1904 puerum
2454 1853 2475 1896 ,·
2520 1824 2583 1902 5,
2614 1826 2726 1889 26.

463 1944 667 1996 narrat
692 1934 925 1993 Plinius
953 1932 1194 1993 tertium
1225 1932 1416 1993 sinum
1444 1934 1687 1993 Africae
1715 1936 1895 1994 dividi
1920 1937 1984 1993 in
2014 1937 2177 1995 sinus
2205 1938 2467 2013 geminos
2494 1939 2725 1998 vadoso

465 2046 613 2105 mari
655 2046 815 2103 diros
830 2085 845 2116 ‚
899 2062 1009 2120 pro
1061 2062 1179 2118 qua
1221 2045 1434 2102 ultima
1464 2044 1617 2102 'voce
1664 2064 1798 2103 oum
1842 2046 1906 2102 in
1948 2047 2145 2104 codice
2182 2046 2527 2105 Monacensi
2577 2048 2724 2106 vitio

465 2155 686 2214 librarii
720 2154 953 2228 legatur
990 2155 1198 2224 disros,
1243 2152 1412 2211 facile
1442 2154 1791 2229 explicatur,
1832 2154 2125 2228 quomodo
2152 2153 2214 2213 N
2230 2157 2258 2192 2
2282 2157 2498 2214 habere
2536 2158 2725 2232 possit

467 2266 728 2324 disrhoos
756 2261 1202 2339 interpolatione
1230 2262 1523 2321 doctrinae
1567 2264 1814 2338 speciem
1853 2282 1997 2339 prae
2036 2282 2100 2323 se
2136 2264 2382 2323 ferente.
2440 2264 2723 2324 Ceterum

467 2362 697 2435 Ianus
725 2374 786 2432 in
816 2371 1114 2429 nonnullis
1128 2372 1308 2434 libris
1340 2372 1500 2432 solas
1531 2390 1629 2430 eas
1656 2371 1830 2432 huius
1861 2374 2074 2433 codicis
2102 2373 2375 2433 lectiones
2400 2377 2722 2452 excerpsit,

469 2485 682 2561 quibus
719 2484 921 2541 variae
960 2483 1239 2540 lectiones
1282 2484 1357 2540 ad
1397 2484 1719 2559 marginem
1758 2493 1926 2541 erant
1963 2486 2292 2560 appositae;
2334 2486 2445 2542 hae
2489 2487 2539 2543 si
2580 2486 2722 2559 quid

467 2594 684 2653 diversi
725 2612 763 2650 a
798 2593 1003 2652 ceteris
1040 2593 1186 2650 meis
1229 2593 1398 2651 codd.
1436 2591 1807 2663 exhiberent,
1861 2612 1961 2651 eas
2003 2594 2319 2669 adscripsi,
2368 2594 2567 2667 omisi,
2611 2597 2716 2654 ubi

470 2703 614 2762 nihil
662 2703 803 2759 novi
852 2700 1216 2778 proferrent,
1291 2708 1351 2758 et
1406 2701 1590 2778 ipsius
1651 2702 1866 2759 codicis
1925 2702 2228 2761 lectionem
2279 2722 2386 2778 per
2434 2703 2562 2775 Νι,
2629 2705 2718 2762 le-

473 2814 691 2872 ctiones
729 2809 1082 2887 marginales
1123 2828 1228 2886 per
1254 2807 1317 2869 N
1336 2810 1362 2846 ²
1402 2819 1537 2883 aut,
1586 2811 1636 2868 si
1677 2811 1933 2869 secunda
1970 2811 2140 2870 lectio
2183 2813 2352 2870 varia
2390 2812 2715 2888 afferretur,

469 2942 577 3001 per
602 2920 666 2980 N
684 2921 708 2959 ³
737 2921 958 2979 notavi.

554 3032 758 3093 Codex
799 3033 1039 3093 Venetus
1084 3025 1229 3091 266.
1268 3048 1415 3089 arm.
1460 3025 1562 3089 61.
1604 3032 1688 3088 th.
1722 3025 1824 3101 95,
1864 3026 1904 3089 3
1936 3024 2066 3111 (M)
2105 3051 2142 3090 a
2181 3031 2362 3090 Iano
2404 3040 2717 3108 excerptus

468 3144 553 3201 X.
586 3147 615 3213 ς
648 3138 879 3201 1.-24.

555 3250 760 3311 Codex
781 3253 1211 3311 Laurentianus
1232 3252 1382 3327 plut.
1406 3246 1738 3307 LXXXII.
1764 3246 1909 3308 cod.
1934 3250 1984 3307 I.
2009 3258 2067 3307 et
2086 3249 2169 3308 II.
2195 3244 2310 3331 (L)
2333 3271 2371 3310 a
2392 3248 2716 3310 Rezzonico

467 3359 765 3419 Mediceus
785 3359 847 3417 1..
869 3361 998 3417 sive
1022 3358 1430 3432 Slaglosianus
1461 3360 1673 3432 dictus,
1705 3359 1959 3429 saecule,
1989 3367 2057 3416 ut
2084 3359 2335 3433 videtur,
2359 3360 2540 3419 XIII.
2571 3378 2714 3419 exa—

468 3477 656 3528 ratus.
699 3467 1018 3526 Bandinius
1060 3486 1195 3525 eum
1238 3484 1270 3522 e
1297 3465 1681 3525 Riccardiano
1722 3468 2074 3543 profluxisse
2102 3469 2374 3544 opinatus
2401 3470 2556 3528 iusto
2584 3488 2714 3528 ma-

468 3579 561 3637 ius
603 3577 856 3654 pretium
894 3576 949 3634 ei
990 3576 1215 3646 statuit,
1260 3594 1297 3632 a
1337 3575 1499 3634 cuius
1541 3578 1899 3652 praestantia
1940 3595 2073 3635 cum
2101 3578 2162 3635 in
2190 3579 2532 3637 universum
2563 3580 2714 3638 mul-

467 3697 595 3746 tum
625 3689 817 3759 distet,
862 3696 988 3745 tum
1016 3686 1163 3743 nihil
1191 3684 1503 3761 peculiaris
1531 3685 1723 3746 laudis
1763 3686 1971 3757 habet3
2017 3688 2205 3744 multo
2244 3688 2456 3746 rectius
2485 3688 2712 3745 Ianus

467 3797 526 3855 in
556 3799 714 3856 obss.
749 3797 899 3856 critt.
928 3815 987 3872 p.
1022 3792 1080 3853 7.
1114 3812 1247 3852 eum
1277 3812 1408 3852 cum
1437 3795 1760 3854 Parisiensi
1786 3797 1825 3853 d
1854 3798 2234 3873 comparavit.
2276 3794 2598 3853 Bandinius
2640 3795 2714 3852 de

468 3907 719 3965 obelisco
761 3906 947 3983 praef.
987 3925 1046 3982 p.
1078 3903 1254 3964 XVI.
1300 3905 1592 3980 excerpsit
1633 3924 1708 3962 ex
1744 3924 1813 3962 eo
1851 3904 2159 3964 XXXVI.
2193 3909 2222 3975 ἓ
2252 3900 2550 3975 64-71,,
2590 3905 2713 3962 Ia-

467 4036 596 4075 nus
626 4017 738 4076 VI.
771 4019 800 4086 5
826 4011 1013 4074 1-9.
1043 4012 1187 4074 VH.
1214 4009 1572 4074 191—202.
1602 4013 1844 4074 XVIII.
1879 4011 2065 4074 1-4.
2099 4010 2368 4074 62-70.
2400 4011 2712 4073 XXXIV.

466 4120 741 4184 45-60.
785 4124 916 4203 Ego
943 4126 1116 4185 huius
1145 4125 1357 4184 codicis
1383 4125 1580 4182 varias
1610 4126 1932 4201 scripturas
1960 4125 2018 4182 in
2046 4126 2197 4184 libro
2218 4124 2364 4183 VII.
2386 4131 2447 4183 et
2465 4122 2711 4184 XVIII.

468 4244 594 4295 tum
623 4236 856 4295 demum
884 4235 1182 4308 adnotavi,
1213 4253 1346 4294 cum
1374 4233 1667 4310 peculiare
1695 4234 1914 4309 aliquid
1941 4234 2312 4310 praebebant.
