2961 4861
480 377 587 418 le
1412 372 1791 414 PRAEFATIO.

480 534 657 603 caput
698 544 769 584 ea
807 527 880 586 de
918 544 1098 585 causa
1135 526 1467 584 accuratius
1496 524 1872 601 pertractavi,
1913 524 2054 598 quia
2092 522 2415 590 certissime
2451 523 2592 581 inde
2630 524 2731 583 iu·

479 636 663 694 dicari
700 640 913 712 potest,
958 652 1076 708 quo
1117 642 1281 692 statu
1317 634 1451 693 libri
1488 634 1727 709 triginta
1766 632 1993 708 priores
2035 630 2198 709 (nam
2224 630 2443 690 librum
2471 630 2732 707 primum

477 745 671 803 minus
708 746 822 803 hoc
862 744 993 802 loco
1032 743 1093 800 in
1133 760 1373 802 censum
1412 743 1615 801 venire
1648 735 2030 819 intelligitur)
2068 741 2145 798 ad
2183 757 2292 799 nos
2319 741 2730 817 pervenerint,

477 855 581 914 ubi
617 854 735 912 tale
773 853 1101 911 subsidium
1140 838 1578 923 emendationis,
1625 850 1801 926 quale
1836 856 1926 908 est
1962 847 2038 922 B,
2089 867 2207 908 non
2246 850 2432 908 adest.
2497 849 2731 909 Multas

476 963 652 1021 etiam
691 980 798 1039 per
835 962 945 1020 hos
982 962 1161 1020 libros
1188 962 1431 1020 lacunas
1457 962 1520 1018 in
1562 959 1814 1019 diversis
1842 958 2133 1017 codicibus
2163 964 2401 1015 exstare
2429 965 2491 1015 et
2516 958 2731 1036 vulga·

475 1078 598 1130 tam
632 1066 665 1151 β
695 1064 801 1128 hic'
816 1088 1048 1146 quoque
1075 1070 1233 1128 haud
1261 1089 1399 1128 raro
1427 1069 1749 1145 pleniorem
1777 1080 1907 1126 esse
1934 1085 2113 1142 quam
2142 1066 2241 1125 vel
2279 1067 2468 1125 bonos
2497 1068 2732 1126 codices

476 1197 677 1237 omnes
705 1186 811 1237 aut
839 1188 994 1238 oerte
1023 1180 1283 1255 singulos
1312 1177 1764 1236 commentarius
1793 1182 2008 1245 noster,
2022 1175 2220 1246 docet3
2261 1181 2326 1232 at
2357 1176 2551 1234 multo
2586 1175 2734 1252 plu-

475 1307 571 1347 res
620 1289 804 1346 latere
853 1294 913 1345 et
959 1296 1065 1346 aut
1111 1303 1358 1364 prorsus
1408 1303 1528 1343 non
1573 1285 1767 1361 detegi
1806 1301 2000 1360 posse,
2053 1284 2192 1358 quia
2240 1282 2474 1341 nullum
2522 1300 2732 1342 earum

477 1397 795 1473 vestigium
837 1401 1050 1467 exstat,
1093 1402 1199 1453 aut
1233 1403 1474 1471 propter
1509 1393 2009 1470 interpolationes,
2061 1392 2276 1468 quibus
2323 1392 2549 1451 librarii
2597 1391 2732 1450 tali·

476 1507 587 1564 bus
628 1505 772 1563 locis
809 1504 1106 1562 hiantibus
1146 1505 1602 1574 succurrebant,
1659 1503 1721 1561 id
1749 1502 1941 1561 modo
1976 1520 2085 1577 per
2124 1500 2522 1560 coniecturam
2555 1500 2731 1571 effici,

476 1622 545 1672 ut
580 1612 843 1672 Plinium
883 1613 1108 1688 aliquid
1146 1612 1448 1690 scripsisse
1498 1611 1780 1685 sciamus,
1833 1613 1992 1686 quod
2041 1628 2160 1668 non
2206 1610 2460 1687 amplius
2511 1615 2731 1681 exstat,

476 1723 616 1800 quid
642 1722 941 1801 scripserit
965 1723 1319 1794 nesciamus,
1361 1722 1424 1780 id
1464 1740 1599 1780 cum
1634 1740 1742 1798 per
1777 1738 1840 1777 se
1877 1726 2001 1777 tam
2026 1718 2329 1796 probabile
2356 1718 2453 1791 sit,
2498 1723 2568 1776 ut
2594 1737 2732 1794 pro·

474 1833 790 1909 pemodum
819 1838 1045 1891 eertum
1073 1833 1266 1890 dicere
1292 1831 1506 1907 possis,
1536 1839 1664 1889 tum
1690 1827 2294 1904 Pseudo-Appuleius
2323 1825 2731 1886 Salmasianus

477 1947 538 1998 et
585 1939 855 1997 nonnulli
904 1939 1020 1998 loci
1067 1957 1106 1997 a
1153 1956 1249 1997 me
1297 1939 1487 1997 notati
1537 1938 1964 2009 demonstrant,
2013 1937 2077 1995 in
2129 1936 2341 2012 quibus
2381 1935 2732 1994 lacunarum

479 2047 649 2122 signa
694 2046 1150 2123 deprehendisse
1186 2047 1330 2106 mihi
1367 2046 1606 2116 videor3
1656 2046 1775 2104 vid.
1816 2043 1858 2104 2
1872 2087 1889 2119 ‚
1937 2042 2081 2105 147.
2132 2046 2269 2104 coll.
2320 2045 2733 2104 observatione

478 2164 684 2214 nostra
723 2149 829 2214 39.
873 2157 950 2213 ad
989 2155 1238 2214 indicem
1285 2155 1425 2214 libri
1465 2156 1734 2227 secundi,
1786 2162 1913 2213 tum
1960 2160 2163 2213 notam
2207 2150 2310 2213 12.
2357 2154 2436 2213 ad
2479 2153 2758 2227 indicem(

477 2264 612 2322 libri
637 2258 762 2335 16.,
791 2282 971 2341 porro
999 2259 1063 2336 4,
1095 2259 1240 2323 112.
1269 2262 1407 2322 coll.
1428 2264 1507 2322 ad
1527 2258 1631 2336 34,
1660 2258 1825 2336 149„
1855 2263 2109 2337 denique
2127 2260 2192 2336 4,
2214 2258 2319 2322 49.
2345 2258 2449 2323 58.
2493 2257 2560 2335 6,
2584 2256 2732 2323 136.

485 2370 586 2448 11,
618 2368 766 2433 267.

560 2482 677 2542 His
712 2483 893 2559 igitur
933 2482 1010 2540 de
1049 2481 1303 2558 singulis
1342 2482 1636 2541 codicibus
1677 2484 1823 2541 satis
1862 2484 2118 2559 copiose,
2159 2491 2225 2541 at
2260 2501 2401 2554 non,
2451 2489 2522 2540 ut
2563 2491 2730 2559 puto,

477 2591 638 2650 ultra
674 2591 1089 2651 necessitatem
1126 2592 1438 2667 disputatis
1478 2591 1839 2667 loquendum
1881 2598 1972 2649 est
2010 2592 2087 2649 de
2126 2592 2350 2651 ratione
2391 2608 2548 2665 quae
2582 2593 2734 2650 inter

476 2700 613 2758 illos
649 2700 990 2769 intercedit3
1041 2700 1356 2757 revocandi
1397 2708 1538 2759 sunt
1579 2700 1657 2758 ad
1697 2718 1838 2758 suas
1889 2700 2106 2759 classes
2144 2707 2205 2758 et
2242 2699 2532 2772 familias,
2588 2717 2737 2760 suus

480 2808 687 2884 cuique
726 2808 894 2867 locus
932 2807 1341 2882 assignandus,
1382 2814 1633 2867 stemma
1669 2826 1895 2880 eorum,
1947 2809 2143 2882 quoad
2182 2809 2310 2877 eius
2350 2808 2478 2867 fieri
2516 2816 2737 2885 potest,

478 2917 925 2995 proponendum
939 2958 959 2988 ,
1001 2915 1267 2993 corrupti
1309 2935 1347 2975 a
1387 2917 1583 2975 minus
1617 2918 1939 2993 corruptis,
1991 2917 2328 2996 interpolati
2373 2918 2450 2977 ab
2488 2916 2738 2995 integris

480 3026 839 3101 secernendi,
889 3031 959 3086 ut
1004 3025 1208 3104 paucis
1257 3026 1469 3099 dicam,
1522 3026 2068 3100 demonstrandum,
2126 3026 2366 3102 quinam
2413 3028 2740 3086 secundm

479 3139 717 3215 regulas
765 3137 907 3196 artis
955 3143 1016 3196 et
1063 3137 1261 3214 inepta
1308 3136 1546 3196 h'bidine
1593 3142 1793 3215 spreta
1839 3155 1984 3213 prae
2024 3137 2233 3195 ceteris
2271 3136 2392 3195 sint
2430 3135 2739 3210 sequendi,

481 3247 719 3321 quinam
761 3246 1018 3305 secundo
1058 3246 1191 3304 loco
1226 3245 1616 3323 supplementi
1655 3246 1844 3304 instar
1879 3245 2221 3322 usurpandi,
2260 3246 2505 3321 quinam
2548 3262 2740 3322 repu—

482 3354 698 3412 diandi.
741 3353 999 3427 Magnae
1036 3370 1179 3412 vero
1213 3352 1329 3412 hoc
1353 3355 1416 3412 in
1444 3354 1679 3429 negotio
1708 3355 1968 3413 versanti
1994 3360 2313 3414 occurrunt
2336 3353 2740 3426 difficultates,

483 3477 737 3536 quarum
772 3460 962 3535 prima
1003 3468 1111 3534 est,
1153 3461 1314 3536 quod
1349 3462 1636 3520 naturalis
1676 3461 1939 3535 historia,
1980 3481 2132 3540 opus
2174 3463 2417 3523 maximi
2451 3449 2741 3535 ambitus,

482 3569 599 3629 iam
642 3568 1063 3628 vetustissimis
1105 3569 1463 3645 temporibus
1506 3571 1765 3630 lacerum
1793 3574 1969 3631 modo
1996 3579 2057 3630 et
2082 3573 2489 3632 detruncatum
2515 3571 2577 3630 in
2603 3588 2740 3629 ma-

484 3700 596 3741 nus
635 3678 1009 3738 librariorum
1046 3677 1227 3750 venit,
1268 3678 1370 3751 qui
1407 3680 1653 3754 proinde
1691 3681 1769 3739 ad
1806 3683 2215 3758 apographum
2251 3699 2429 3741 suum
2457 3680 2741 3758 supplen-

485 3791 627 3849 dum
654 3805 896 3865 prorsus
925 3787 1223 3845 diversum
1251 3787 1506 3846 codicem
1534 3792 1950 3864 sequebantur,
1980 3791 2135 3850 unde
2161 3791 2322 3850 haud
2348 3807 2486 3849 raro
2511 3789 2741 3850 factum

485 3906 597 3971 est,
636 3906 704 3956 ut
730 3897 906 3955 unius
935 3896 1149 3956 codicis
1176 3904 1373 3974 partes
1404 3896 1673 3956 diversae
1700 3898 1995 3958 diversum
2032 3899 2441 3977 apographum
2467 3899 2739 3959 reddant.

487 4008 620 4066 Hoc
646 4005 731 4065 ita
756 4004 979 4065 factum
1007 4024 1137 4067 esse
1165 4024 1298 4066 cum
1327 4025 1432 4084 per
1459 4025 1523 4065 se
1560 4008 1638 4066 sit
1675 4007 1990 4067 admodum
2031 4009 2359 4086 probabile,
2399 4015 2529 4067 tum
2566 4009 2741 4067 docet

485 4117 653 4175 locus
682 4113 1019 4194 Symmachi
1056 4116 1228 4193 epist.
1262 4110 1321 4187 1,
1354 4111 1457 4175 24.
1496 4125 1633 4193 post
1659 4116 1998 4176 Fabricium
2023 4136 2064 4177 a
2089 4118 2274 4178 Iano
2312 4119 2375 4177 in
2412 4119 2739 4178 observatt.

489 4224 639 4285 critt.
669 4243 731 4300 p.
762 4221 819 4284 7.
850 4232 984 4303 apte
1012 4225 1259 4286 allatus:
1306 4222 1414 4298 „Si
1443 4234 1501 4283 te
1530 4243 1697 4285 amor
1722 4227 1898 4286 habet
1925 4228 2214 4291 naturalis
2242 4226 2527 4288 historiae
2555 4243 2736 4303 quam
