2961 4861
430 370 585 412 LXIV
625 412 636 420 ,
1352 365 1733 408 PRAEFATIO.

429 541 488 598 p.
522 519 691 579 LIII.
721 520 838 578 alia
864 520 936 578 de
975 537 1152 578 causa
1178 518 1425 578 allatum
1452 518 1714 587 afferam,
1758 517 1957 588 verba,
1998 516 2051 573 si
2078 534 2199 589 qua
2225 516 2364 589 alia,
2396 517 2688 578 Pliniana

428 641 481 690 et
509 633 768 705 requlare
797 640 878 688 est
906 639 1206 704 utrumque
1234 630 1475 695 ductile3
1516 629 1875 686 coronarium
1914 618 2019 697 34,
2052 619 2155 683 94.
2186 626 2507 684 etiamnum
2536 646 2685 685 cum

424 740 733 798 Harduino
762 739 890 796 sola
917 756 987 795 ea
1015 738 1086 795 de
1111 754 1290 794 causa
1317 736 1522 794 eiicere
1550 736 1713 806 velit,
1744 735 1884 810 quia
1909 734 1972 791 in
1998 734 2166 791 nullo
2203 752 2447 809 prorsus
2475 737 2682 795 codiee

426 850 719 907 exstantia
745 847 920 905 modo
949 846 1300 904 editionibus
1330 845 1576 903 vetustis
1607 854 1665 902 et
1692 863 1823 902 cum
1851 844 1922 901 iis
1952 843 2188 901 editioni
2220 839 2253 922 β
2296 850 2543 919 accepta
2572 864 2679 902 re—

425 953 729 1015 feruntur?
760 953 906 1026 Quis
933 973 1110 1029 porro
1133 949 1235 1026 35,
1263 949 1405 1012 139.
1429 972 1506 1011 ex
1527 953 1792 1012 omnibus
1821 952 1988 1009 codd.
2011 954 2215 1028 pueris
2235 951 2535 1027 praeferat
2561 973 2677 1029 pro

424 1084 494 1123 eo
533 1065 690 1138 quod
736 1060 769 1143 β
810 1062 991 1120 habet
1020 1061 1316 1139 pulveris?
1355 1062 1515 1121 Hinc
1551 1062 1669 1120 iam
1697 1080 1804 1137 per
1829 1061 2009 1119 libros
2038 1078 2145 1118 sex
2171 1061 2524 1119 novissimos
2550 1082 2674 1122 non

423 1173 626 1250 paucis
660 1174 723 1230 in
758 1172 925 1244 locis,
956 1189 1103 1245 quos
1132 1171 1309 1229 index
1337 1171 1570 1229 criticus
1597 1170 1831 1241 indicat,
1863 1170 2213 1245 scripturam
2242 1169 2512 1227 editionis
2546 1167 2580 1250 β
2612 1181 2673 1229 et

422 1282 629 1339 ceteris
658 1281 925 1339 omnibus
955 1280 1250 1338 codicibus
1289 1286 1348 1337 et
1386 1280 1504 1354 ipsi
1541 1278 1593 1336 B
1634 1277 1905 1354 praetuli,
1944 1278 2006 1336 id
2034 1279 2192 1353 quod
2222 1278 2458 1353 saepius
2489 1279 2667 1337 etiam

422 1390 750 1449 faciendum
777 1390 836 1447 in
864 1389 1027 1447 libris
1056 1388 1297 1461 triginta
1322 1387 1629 1463 prioribus,
1658 1387 1759 1445 ubi
1787 1387 2289 1462 praestantissimo
2315 1387 2421 1445 illo
2437 1389 2666 1459 codice,

422 1499 523 1573 qui
548 1499 710 1557 locos
738 1498 1025 1574 plurimos
1054 1503 1157 1554 aut
1186 1495 1347 1554 solus
1376 1496 1621 1553 sanabat
1647 1502 1751 1553 aut
1779 1496 1942 1553 solus
1964 1496 2370 1553 auctoritatem
2399 1497 2667 1556 editionis

424 1605 459 1688 β
491 1606 890 1677 confirmabat,
922 1606 1238 1663 carendum
1265 1603 1397 1663 fuit.
1441 1601 1719 1662 Ceterum
1750 1622 1881 1661 eam
1907 1604 2108 1662 multis
2135 1604 2438 1678 fdedisque
2476 1605 2666 1663 inter-

420 1716 810 1793 polationibus
838 1716 1062 1774 maiore
1091 1735 1167 1773 ex
1193 1719 1359 1789 parte
1396 1713 1627 1789 ingenio
1664 1713 1925 1771 virorum
1963 1713 2270 1770 doctorum
2306 1713 2513 1771 debitis
2543 1732 2664 1772 non

421 1845 548 1885 esse
589 1845 836 1884 vacuam
865 1823 1106 1899 quaevis
1142 1822 1264 1881 fere
1302 1823 1523 1899 pagina
1560 1822 1749 1879 docet.
1804 1819 1935 1878 Iam
1963 1839 2106 1879 vero
2143 1821 2463 1896 quaeritur,
2505 1823 2665 1880 unde

422 1934 713 2009 scriptura
742 1933 1006 2006 vulgata,
1038 1931 1271 2004 qualem
1300 1949 1428 1988 eam
1454 1930 1877 2006 Dalecampius
1908 1929 2165 2002 exhibet,
2197 1930 2272 1989 sit
2299 1940 2430 1988 orta
2452 1938 2514 1987 et
2535 1932 2662 2006 qui·

419 2043 531 2098 bus
551 2040 886 2098 auctoribus
907 2039 1150 2109 nitatur3
1181 2039 1501 2112 quaeritur,
1525 2046 1724 2096 utrum
1756 2056 1827 2095 ea
1857 2056 1933 2096 ex
1953 2039 2248 2097 codicibus
2269 2040 2524 2112 antiquis
2547 2059 2660 2097 no-

418 2151 508 2207 bis
536 2149 651 2205 iam
678 2148 890 2223 ignotis
919 2165 996 2204 an
1025 2166 1101 2204 ex
1129 2147 1474 2204 coniecturis
1498 2147 1759 2205 virorum
1787 2149 2091 2205 doctorum
2120 2148 2195 2206 sit
2214 2146 2448 2220 hausta,
2480 2167 2659 2223 quam

421 2257 823 2332 quaestionem
845 2250 966 2313 iam
986 2272 1252 2312 summus
1272 2253 1636 2330 Lessingius,
1658 2257 1746 2313 uti
1767 2257 2078 2333 ebueynii
2097 2258 2343 2333 epistola
2363 2257 2570 2330 aliqua
2582 2260 2659 2316 ad

420 2383 557 2424 eum
587 2365 803 2443 scripta
830 2363 1231 2439 cognoscimus
1261 2356 1428 2445 (vide
1454 2362 1745 2441 Lessingii
1774 2382 1971 2441 opera,
2004 2364 2078 2422 T.
2102 2365 2285 2423 XIII.
2307 2385 2368 2442 p.
2396 2362 2541 2425 620.
2563 2367 2654 2439 ed.

422 2470 663 2555 1840.),
712 2476 1071 2534 accuratiore
1105 2473 1474 2550 indagatione
1530 2475 1771 2549 dignam
1822 2474 2066 2533 censuit.
2132 2474 2328 2551 Opere
2376 2473 2656 2534 Pliniano

417 2603 571 2643 anno
597 2580 779 2643 1469.
806 2602 838 2640 e
862 2585 1057 2642 codice
1085 2584 1226 2642 satis
1248 2583 1484 2653 vitioso,
1514 2601 1868 2657 quamquam
1891 2583 1950 2640 in
1974 2583 2273 2641 nonnullis
2295 2584 2438 2641 locis
2461 2586 2656 2643 minus

416 2694 717 2761 lacunoso,
748 2709 924 2763 quam
953 2700 1091 2749 sunt
1118 2692 1344 2750 codices
1372 2700 1630 2751 ceterum
1655 2692 1762 2749 illa
1788 2691 2039 2749 editione
2066 2692 2336 2749 meliores
2360 2686 2530 2771 (coll.
2546 2689 2652 2765 32,

420 2794 577 2879 13.),
616 2799 867 2874 primum
904 2800 1057 2857 edito
1097 2793 1296 2876 (cuius
1328 2800 1467 2860 libri
1502 2801 1786 2858 rarissimi
1820 2801 1883 2859 in
1922 2800 2269 2860 bibliotheca
2327 2803 2655 2861 academiae

414 2909 678 2968 lenensis
707 2909 924 2965 servati
951 2907 1259 2983 diligenter
1291 2909 1659 2967 examinandi
1686 2910 2224 2967 benevolentissime
2251 2910 2395 2967 mihi
2423 2913 2652 2987 copiam

414 3017 551 3078 fecit
577 3015 900 3076 Carolus
931 3011 1462 3094 G'dttlingius),
1492 3015 1835 3104 Alexander
1862 3017 2207 3076 Benedictus
2237 3019 2315 3075 ad
2341 3019 2651 3078 editionem

414 3146 584 3186 suam
611 3146 765 3186 anno
798 3123 982 3186 1507.
1025 3128 1299 3186 emissam
1339 3127 1738 3185 adornandam
1778 3144 1923 3185 usus
1958 3127 2326 3203 potissimum
2368 3136 2460 3186 est
2498 3128 2653 3186 Her·

413 3237 592 3295 melai
631 3236 880 3294 Barbari
924 3237 1394 3311 castigationibus
1430 3236 1663 3294 interim
1713 3228 1900 3313 (anno
1956 3230 2140 3292 1492.
2196 3229 2416 3314 1493.)
2459 3236 2650 3307 editis,

413 3346 614 3417 magni
641 3353 836 3401 tamen
863 3344 1081 3416 aliquid
1108 3362 1227 3401 non
1254 3344 1569 3419 praestitit.
1626 3344 1786 3401 Tum
1824 3343 2095 3401 exstitere
2129 3342 2386 3402 Ioannes
2426 3342 2649 3403 Caesa-

412 3451 535 3507 rius
565 3444 837 3527 (1524.),
868 3451 968 3522 qui
996 3449 1163 3508 nullo
1187 3467 1334 3508 usus
1362 3451 1556 3508 codice
1582 3451 1807 3524 aliquot
1843 3452 1904 3508 in
1940 3451 2108 3521 locis,
2147 3470 2398 3526 quorum
2435 3471 2648 3511 nume-

412 3576 549 3616 rum
576 3558 702 3632 ipse
730 3557 945 3615 mirum
975 3565 1258 3632 quantum
1286 3558 1472 3629 auxit,
1514 3560 1712 3618 omnia
1749 3560 1891 3618 vitia
1927 3561 2345 3637 typographica
2384 3561 2649 3636 priorum

414 3667 733 3726 editionum
763 3684 801 3724 a
828 3683 891 3723 se
918 3673 1179 3724 correcta
1203 3666 1338 3725 loco
1366 3667 1834 3726 emendationum
1861 3670 2105 3741 habens,
2148 3689 2349 3727 veram
2386 3670 2647 3744 scriptu-

410 3794 540 3833 ram
566 3777 839 3847 restituit,
868 3773 1208 3832 Desiderius
1235 3772 1545 3846 Erasmus,
1576 3777 1679 3849 qui
1704 3777 1767 3835 in
1788 3778 2036 3836 editione
2054 3779 2426 3836 Frobeniana
2455 3773 2644 3837 1525.

411 3902 522 3959 ope
548 3884 761 3941 codicis
791 3882 1189 3954 vetustissimi,
1223 3882 1391 3955 „sed,
1435 3891 1505 3941 ut
1530 3882 1656 3942 fere
1692 3892 1851 3957 sunt,
1892 3887 2367 3963 depravatissimo
2395 3881 2643 3962 scripti’'

411 4009 528 4050 non
564 4010 754 4068 pauca
792 3990 1147 4064 emendavit,
1187 4010 1338 4067 quae
1375 4011 1413 4050 a
1459 3992 1688 4051 nemine
1732 3996 2013 4054 hactenus
2048 3996 2460 4055 animadversa
2495 3996 2645 4054 citra

411 4100 730 4159 subsidium
760 4101 1110 4177 exemplaris
1138 4101 1316 4159 nullis
1345 4102 1693 4160 coniecturis
1720 4104 1944 4163 restitui
1971 4105 2235 4180 potuisse
2259 4104 2386 4180 ipse
2407 4105 2641 4181 profite-

409 4216 528 4280 tur,
577 4208 796 4268 Beatus
846 4208 1164 4270 Rhenanus
1218 4205 1425 4280 1526„
1475 4209 1823 4270 Bellocirius
1873 4212 2001 4270 sive
2049 4214 2376 4284 Danesius‚
2427 4214 2529 4289 qui
2577 4214 2641 4271 in
