2961 4861
392 364 598 407 LXXIV
1325 361 1706 404 PRAEFATIO.

392 495 471 594 ἦῖ
512 513 664 589 exit,
712 514 795 575 ibi
842 510 896 571 Β
945 513 1166 591 ubique
1215 512 1284 574 cn
1324 514 1535 585 habet,
1588 514 1739 572 adeo
1776 511 1877 583 ut,
1922 512 2080 588 quod
2124 530 2301 573 nemo
2351 512 2480 573 iere
2536 521 2639 574 tu-

393 624 551 697 lerit,
581 626 851 684 Polluccn
881 623 958 683 sit
983 630 1290 682 exaratum
1316 617 1421 696 35,
1454 618 1590 693 93.;
1619 623 1755 682 hinc
1782 622 1892 681 soli
1916 622 2137 681 h‘brarii
2162 623 2349 683 errori
2374 623 2642 682 tribuen-

393 736 536 793 dum
560 742 655 794 est
680 735 983 811 chrysitem
1010 727 1116 804 36,
1149 726 1323 803 157.;
1351 731 1506 790 idem
1533 733 1696 792 valet
1721 732 1795 790 de
1821 734 2087 808 scytalem
2115 726 2220 804 32,
2247 726 2350 792 54.
2392 732 2515 793 Ubi
2532 733 2641 792 de-

394 844 572 920 nique
596 842 993 902 nominativus
1028 841 1153 900 exit
1176 842 1239 899 in
1254 819 1335 914 Ῑῖ,
1364 840 1442 899 ibi
1471 842 1656 899 codex
1681 838 1735 899 B
1772 840 1989 917 ubique
2028 840 2497 900 terminationem
2537 845 2639 914 im,

394 970 718 1027 numquam
766 954 827 1009 in
863 950 1071 1022 habet,
1116 949 1244 1008 sive
1286 967 1359 1007 ea
1393 958 1535 1008 sunt
1571 948 1877 1008 masculini
1914 948 2037 1008 sive
2091 948 2357 1008 feminini
2391 950 2643 1026 generis.

398 1059 573 1135 Quod
599 1061 676 1118 ad
706 1059 965 1136 singulas
991 1059 1219 1118 litteras
1246 1058 1470 1132 attinet,
1499 1058 1562 1117 in
1587 1059 1662 1117 iis
1689 1058 2042 1131 nominibus,
2072 1076 2222 1134 quae
2258 1056 2557 1118 Graecum
2574 1036 2645 1115 ἷῖ

399 1171 638 1241 habent,
670 1169 853 1227 codex
878 1166 933 1226 B
961 1169 1136 1227 modo
1164 1188 1214 1241 e,
1243 1168 1420 1227 modo
1449 1171 1473 1226 i
1501 1166 1758 1239 exhibet,
1787 1186 1978 1244 neque
2004 1170 2115 1243 ego
2139 1166 2322 1226 invito
2349 1168 2456 1225 illo
2485 1167 2641 1227 libro

398 1278 786 1339 constantiam
823 1278 1084 1354 aliquam
1122 1277 1287 1354 sequi
1325 1294 1460 1335 sum
1500 1295 1710 1350 ausus,
1755 1277 1936 1347 unde,
1975 1284 2153 1352 prout
2182 1275 2370 1335 codex
2396 1277 2646 1352 singulis

397 1388 544 1447 locis
583 1386 854 1460 habebat,
895 1392 956 1444 et
994 1384 1317 1463 Polgjcletus
1365 1391 1426 1443 et
1450 1387 1768 1462 Polyclitus
1814 1384 2047 1461 aliaque
2097 1384 2365 1444 similiter
2411 1386 2642 1462 scripsi,

399 1513 757 1572 quamquam
793 1494 965 1554 facile
1005 1494 1259 1553 concedo
1306 1492 1506 1571 ips'um
1553 1494 1907 1571 'scriptorem
1964 1494 2042 1553 ab
2092 1493 2205 1553 hac
2252 1495 2648 1553 inconstantia

399 1606 651 1665 liberum
681 1623 746 1664 se
774 1603 1049 1675 tenuisse,
1080 1604 1260 1679 quam
1299 1608 1497 1662 tamen
1535 1603 1638 1662 alii
1664 1622 1899 1680 quoque
1928 1603 2045 1666 viri
2071 1603 2228 1663 docti
2253 1602 2314 1661 in
2343 1604 2644 1679 scriptori-

399 1717 514 1776 bus
542 1734 580 1773 a
604 1720 674 1774 'se
702 1714 868 1774 editis
898 1719 1069 1773 caute
1098 1719 1439 1784 servarunt3
1471 1733 1531 1772 v.
1560 1713 1820 1771 Ellendt.
1851 1712 1926 1771 ad
1968 1709 2090 1771 Cic.
2129 1710 2303 1771 Brut.
2335 1715 2366 1782 ὅ
2398 1707 2499 1773 15.
2571 1712 2648 1771 In

398 1825 690 1903 geminata
717 1824 914 1882 littera
933 1801 1342 1902 {auctoritate
1364 1821 1579 1881 codicis
1598 1819 1651 1880 B
1671 1821 2080 1898 aspirationem
2100 1822 2283 1896 vulgo
2305 1829 2648 1897 sequentem

401 1934 589 2005 omisi,
625 1932 709 1991 ita
746 1940 815 1990 ut
846 1932 963 1991 iam
998 1930 1231 2004 legatur
1267 1934 1635 2003 haemorrois,
1679 1932 2002 1991 Parrasius
2014 1971 2034 2003 ,
2083 1932 2315 2008 Pyrrus
2329 1974 2348 2003 ,
2399 1931 2632 1990 similia.

407 2042 621 2101 Restat
646 2040 841 2099 littera
862 2019 926 2112 ἶ,
957 2057 1136 2115 quam
1166 2041 1351 2098 codex
1369 2038 1424 2096 B
1452 2041 1628 2098 modo
1655 2058 1762 2116 per
1784 2061 1843 2112 u,
1864 2040 2041 2099 modo
2068 2058 2175 2116 per
2199 2061 2258 2117 y,
2281 2040 2459 2116 idque
2485 2040 2650 2099 haud

406 2167 545 2210 raro
586 2151 791 2208 eadem
825 2143 891 2206 in
929 2165 1076 2207 voce
1111 2148 1304 2206 reddit
1315 2166 1332 2218 ;
1376 2147 1529 2208 hanc
1565 2150 1756 2227 ipsam
1796 2151 1872 2208 ob
1912 2149 2359 2208 inconstantiam
2396 2156 2458 2207 et
2490 2151 2652 2225 quod

409 2259 706 2320 scribendi
731 2258 883 2317 ratio
910 2276 1018 2334 per
1046 2277 1085 2316 u
1111 2257 1357 2315 firmiter
1386 2267 1627 2317 servata
1650 2277 1768 2318 non
1796 2276 2011 2335 parvas
2039 2258 2410 2317 difficultates
2449 2275 2651 2317 secum

416 2369 572 2429 ferre
608 2367 939 2440 videbatur,
985 2366 1292 2443 vulgatam
1330 2367 1620 2426 scribendi
1659 2367 1943 2427 rationem
1958 2409 1975 2442 ,
2027 2367 2283 2444 exceptis
2320 2368 2653 2428 nominibus

416 2478 788 2557 appellativis
814 2497 1013 2537 murra
1042 2484 1103 2536 et
1128 2480 1484 2550 crustallum,
1501 2477 1729 2554 'ubique
1757 2478 1997 2549 retinui3
2028 2477 2103 2535 de
2129 2478 2421 2554 scriptura
2458 2480 2654 2538 nomi-

413 2607 558 2648 num
584 2585 949 2648 Graecorum
970 2566 1111 2665 a‘cffi
1133 2586 1530 2665 incipientium
1557 2587 1652 2664 egi
1678 2588 1755 2646 ad
1784 2581 1888 2660 32,
1922 2581 2066 2647 151.
2107 2587 2357 2647 Praeter
2381 2607 2471 2660 ea,
2501 2607 2655 2665 quae

411 2698 715 2770 hucusque
756 2696 1229 2768 commemoravi,
1267 2696 1386 2755 alia
1412 2715 1647 2773 quoque
1673 2697 1737 2756 in
1779 2697 1976 2755 codice
2001 2694 2054 2755 B
2083 2699 2319 2756 exstant
2342 2699 2420 2756 ad
2447 2697 2656 2757 ortho-

415 2806 726 2885 graphiam
754 2804 1127 2881 pertinentia,
1157 2823 1308 2880 quae
1334 2807 1613 2879 notanda,
1643 2805 1896 2865 fortasse
1922 2807 2072 2865 adeo
2098 2806 2426 2884 recipienda
2450 2817 2655 2878 erant3

413 2926 482 2977 ut
507 2917 577 2975 iis
602 2914 977 2986 abstinerem,
1007 2913 1142 2973 fecit
1167 2894 1478 2987 dubitatio,
1510 2933 1645 2973 cum
1666 2914 1880 2991 partim
1907 2915 2155 2974 nimium
2181 2918 2258 2975 ab
2282 2934 2398 2975 usu
2417 2916 2660 2992 vulgari

411 3026 750 3086 recederent
763 3065 781 3097 ,
833 3024 1031 3083 omnia
1077 3042 1219 3083 vero
1268 3025 1462 3083 adhuc
1511 3024 1723 3083 altiore
1759 3024 2033 3099 indagine
2081 3043 2249 3101 egere
2299 3025 2658 3084 viderentur.

417 3134 572 3196 Sunt
607 3135 732 3194 fere
766 3136 941 3193 haec:
981 3135 1128 3193 alibe
1166 3133 1264 3193 vel
1299 3135 1472 3193 alibei
1506 3132 1817 3209 aliquoties
1856 3151 1894 3191 a
1931 3150 2109 3191 manu
2145 3133 2363 3210 prima,
2416 3136 2659 3206 ballena,

414 3263 707 3316 caerussa,
734 3245 1001 3315 cocumis,
1029 3245 1291 3315 coiectus,
1322 3261 1515 3315 conca,
1546 3252 1790 3315 conecto,
1819 3244 2126 3314 etiannum,
2144 3245 2335 3321 sulqo,
2365 3243 2657 3320 harispeae,

418 3353 602 3423 holus,
632 3355 877 3422 lucusta,
904 3351 1138 3409 mallius
1165 3369 1276 3425 pro
1305 3353 1523 3421 malleo,
1553 3353 1766 3424 murioe,
1808 3354 2170 3423 marlai-ium,
2213 3353 2454 3427 necleqo,
2475 3354 2663 3428 pedu·

417 3463 603 3532 culus,
635 3461 1145 3537 promunctorium,
1185 3460 1727 3534 quinquaqensimus
1764 3468 1826 3520 et
1859 3459 2088 3533 similia,
2118 3463 2315 3534 rettuli
2340 3469 2402 3519 et
2426 3460 2661 3533 similia,

419 3571 717 3646 sappirus,
747 3567 995 3638 scribsit,
1036 3569 1293 3638 sescenti,
1336 3577 1598 3642 staqnum
1633 3587 1744 3644 pro
1781 3580 2004 3642 stanno,
2045 3569 2408 3642 thensaurus,
2452 3574 2662 3631 tosilla.

421 3678 737 3741 Sciendum
794 3676 970 3736 etiam
1017 3675 1278 3735 codicem
1323 3675 1377 3734 B
1424 3676 1855 3738 nominativum
1909 3678 2158 3755 pluralis
2213 3680 2501 3739 secundae
2558 3680 2665 3737 de-

422 3787 750 3847 clinationis
815 3784 1001 3861 vulgo
1069 3784 1130 3843 in
1201 3786 1249 3844 ii
1311 3792 1622 3845 exeuntem
1683 3787 2030 3864 plerumque
2099 3788 2162 3846 in
2231 3791 2255 3846 i
2322 3788 2664 3858 terminare,

420 3895 744 3955 ablativum
788 3894 853 3953 in
910 3896 962 3954 is
1008 3912 1120 3970 pro
1168 3896 1275 3967 iis,
1336 3895 1495 3970 quod
1543 3896 1761 3974 pariter
1801 3897 1987 3956 *valet
2042 3897 2116 3956 de
2174 3896 2405 3956 casibus
2457 3897 2666 3955 iisdem

423 4004 781 4081 pronominis
850 4003 1293 4064 demonstrativi
1358 4007 1441 4076 is,
1524 4014 1585 4064 et
1652 4005 1754 4065 ubi
1818 4005 2114 4082 genitivus
2181 4005 2498 4081 singularis
2569 4004 2667 4064 vel

423 4113 822 4173 nominativus
859 4119 920 4173 et
957 4113 1325 4173 accusativus
1361 4113 1611 4189 pluralis
1648 4122 1893 4190 quartae
1934 4115 2338 4175 declinationis
2365 4113 2664 4189 leguntur,

423 4240 560 4284 eum
616 4222 832 4298 ubique
881 4244 959 4284 uu
1005 4241 1114 4300 pro
1142 4243 1181 4283 u
1209 4222 1503 4282 exhibere.
1548 4220 1717 4297 Quae
1741 4224 1923 4303 igitur
1942 4225 2135 4285 omnia
2154 4231 2223 4284 ut
2240 4223 2494 4285 fortasse
2512 4224 2669 4283 iusta
