2961 4861
316 318 442 381 204
1011 328 1419 377 nummus
1463 328 1854 375 msromAn

313 483 491 571 gitur
532 500 702 542 xum.
744 500 941 540 Lxxxx
980 481 1175 558 milia,
1234 502 1361 564 quo
1405 480 1618 566 palam
1665 479 1740 541 fit
1782 488 2093 562 quantum
2135 487 2201 541 et
2241 476 2391 542 hinc
2436 499 2552 541 va-

315 605 435 668 por
478 582 813 648 abstulerit
865 592 931 646 et
972 581 1145 649 illinc
1186 582 1380 670 rigor.
1451 580 1683 665 Neque
1727 580 1898 648 enim
1939 579 2166 645 deesse
2210 580 2416 644 terris
2443 602 2551 643 ar-

312 683 516 749 bitror
558 694 670 748 aut
721 705 848 748 non
901 704 1042 748 esse
1095 683 1271 768 globi
1310 682 1612 760 formam,
1673 681 1786 745 sed
1834 679 2272 744 inhabitabilia
2323 679 2552 743 utrim-

312 807 442 869 que
484 786 863 868 inconperta
906 806 1068 850 esse.
1134 783 1318 849 Haec
1345 805 1647 848 mensura
1675 782 1874 848 currit
1901 806 1940 846 a
1968 781 2151 846 litore
2181 779 2555 865 Aethiopici

313 885 572 963 oceani,
637 906 765 968 qua
815 882 1005 948 modo
1060 883 1387 948 habitatur
1404 931 1422 961 ,
1493 883 1578 946 ad
1630 881 1904 947 Meroen
1967 881 2230 947 deciens
2285 890 2558 946 centena

313 986 487 1049 milia
504 1033 522 1062 ,
565 984 716 1048 inde
757 984 1225 1050 Alexandriam
1268 984 1657 1048 duodeciens
1703 993 1972 1047 centena
2013 982 2189 1047 milia
2231 981 2552 1065 quinqua-

314 1087 531 1175 ginta,
597 1084 898 1150 Rhodum
950 1103 1221 1164 DLxm,
1283 1083 1566 1149 Cnidum
1609 1101 1940 1147 Lxxxvn.
1994 1100 2044 1146 D
2063 1132 2081 1162 ,
2145 1079 2354 1147 Coum
2402 1099 2560 1146 xxv

315 1187 521 1265 milia,
583 1183 852 1251 Samum
908 1203 947 1249 0
1004 1185 1212 1264 milia,
1274 1184 1512 1250 Chium
1554 1201 1893 1247 Lxxxx1v
1934 1183 2142 1259 milia,
2195 1181 2560 1265 Mytilenen

316 1305 469 1351 va
510 1287 704 1365 milia,
749 1285 1089 1351 Tenedum
1130 1304 1311 1350 XLIV
1351 1285 1548 1363 milia,
1596 1281 1865 1369 Sigeum
1906 1283 2409 1368 promontorium
2452 1301 2562 1346 ΧΠ

316 1386 493 1451 milia
534 1387 893 1473 quingenti,
938 1409 1010 1452 os
1053 1387 1232 1473 ponti
1273 1402 1518 1450 cccxn
1559 1384 1736 1451 milia
1778 1384 2136 1473 quingenti,
2187 1382 2559 1449 Carambim

321 1488 826 1572 promontorium
882 1504 1062 1552 cch
1080 1536 1099 1565 ,
1155 1510 1225 1552 os
1279 1486 1628 1552 Maeotidis
1685 1491 1929 1550 cccxn
1978 1485 2154 1549 milia
2204 1484 2561 1572 quingenti,

318 1589 558 1654 ostium
598 1588 839 1653 Tanais
884 1605 1178 1653 COLxxv
1232 1587 1429 1666 milia,
1493 1586 1602 1670 qui
1660 1609 1886 1652 cursus
1941 1586 2320 1672 conpendiis
2370 1586 2563 1649 maris

318 1689 575 1756 brevior
629 1688 769 1754 fleri
827 1698 1043 1776 potest
1100 1706 1414 1751 Lxxxlx
1443 1687 1638 1752 milia.
1712 1686 1822 1752 Ab
1885 1686 2046 1752 ostio
2105 1686 2342 1772 Tanais
2401 1685 2563 1750 nihil
2591 1703 2690 1748 246

320 1792 641 1857 modicum
670 1789 1145 1878 diligentissimi
1174 1798 1469 1854 auctores
1501 1789 1748 1854 fecere:
1781 1786 2234 1852 Artemidorus
2261 1787 2563 1853 ulteriora

318 1892 692 1977 inconperta
722 1891 1155 1969 existumavit,
1203 1913 1348 1955 cum
1380 1889 1551 1954 circa
1579 1888 1848 1953 Tanaim
1880 1885 2320 1953 Sarmatarum
2347 1887 2562 1974 gentis

322 1992 563 2077 degere
621 1992 932 2056 fateretur
987 1991 1073 2055 ad
1131 1990 1598 2077 septentriones
1655 2013 1916 2068 versus3
1982 1990 2269 2055 Isidorus
2328 1988 2564 2054 adiecit

321 2091 715 2158 duodeciens
744 2100 1015 2157 centena
1042 2090 1217 2155 milia
1244 2090 1715 2178 quinquaginta
1740 2112 1946 2175 usque
1976 2092 2059 2156 ad
2087 2090 2361 2168 Thulen,
2396 2110 2564 2171 quae

321 2194 692 2259 coniectura
736 2192 1146 2258 divinationis
1191 2203 1321 2270 est3
1377 2214 1498 2278 ego
1550 2215 1680 2258 non
1728 2193 1973 2258 minore
2016 2214 2211 2276 quam
2251 2211 2564 2277 proxume

322 2294 496 2360 dicto
553 2294 758 2380 spatio
817 2291 1255 2358 Sarmatarum
1306 2293 1452 2356 finis
1506 2292 1680 2358 nosci
1733 2293 2058 2381 intellegO.
2142 2291 2233 2356 Et
2286 2290 2565 2375 alioquin

322 2405 635 2481 quantum
665 2417 805 2462 esse
836 2394 1049 2474 debet,
1089 2393 1264 2480 quod
1290 2392 1770 2460 innumerabilis
1798 2393 2013 2481 gentis
2044 2392 2316 2460 subinde
2347 2391 2565 2459 sedem

322 2497 630 2562 mutantis
691 2497 945 2583 capiat?
1017 2495 1213 2561 Unde
1280 2495 1647 2561 ulteriorem
1710 2516 2074 2559 mensuram
2132 2491 2566 2560 inhabitabilis

391 2654 650 2662 ——----.—.

391 2668 646 2720 XLIIII.
682 2667 799 2730 XG',
829 2671 1061 2720 Pellicer.
1087 2672 1222 2734 apud
1243 2670 1402 2720 Hard.
1448 2665 1644 2719 LIIII.
1669 2666 1918 2731 LXXII,
1971 2669 2069 2718 R1.
2137 2666 2327 2720 LIHI.
2376 2664 2567 2727 LXII,

324 2736 652 2786 R’Aabdcr
682 2733 853 2797 (codd.
875 2739 1006 2786 Bud.
1033 2740 1094 2786 de
1119 2752 1230 2787 asse
1253 2752 1302 2800 p.
1328 2733 1473 2798 407.)
1521 2737 1846 2801 quinquaqies
1913 2745 2058 2785 nater
2079 2744 2285 2785 centena
2305 2733 2569 2798 sexaqinta

325 2804 424 2855 duo
449 2803 617 2863 millia,
634 2804 869 2853 Martian.
891 2810 938 2864 6,
960 2809 1072 2852 615.
1090 2798 1148 2864 β.
1176 2805 1340 2867 triyies
1366 2810 1516 2866 atque
1534 2812 1606 2852 ter
1631 2813 1677 2852 et
1690 2802 1799 2854 XL
1813 2803 1865 2853 V
1890 2801 1964 2852 II
1981 2802 2258 2867 simpliciter
2280 2802 2433 2852 millia
2448 2818 2567 2865 pas-

323 2888 481 2932 suum,
504 2872 690 2921 Dicuil.
718 2912 781 2920 -
816 2881 862 2920 et
882 2870 1031 2931 illinc,
1056 2871 1192 2919 Aah
1217 2867 1456 2933 (Dicuil.)
1494 2869 1643 2931 illinc,
1667 2871 1772 2921 ΒΤ
1786 2873 1832 2920 d.
1854 2912 1917 2921 ....
1937 2870 2084 2934 riyor,
2108 2870 2204 2920 Aa
2222 2874 2243 2906 ²
2258 2870 2350 2919 bd.
2388 2868 2568 2931 liquor,

325 2940 500 2989 RTa¹
524 2936 762 3001 (Dicuil.)
785 2981 846 2987 ,-
868 2939 1015 2988 terris
1033 2937 1262 2997 arbitror,
1284 2938 1524 2987 RAabd
1547 2933 1786 3000 (Dicuil.)
1805 2939 2017 2987 arbitror
2037 2936 2202 2997 terris,
2220 2933 2262 2998 β
2271 2951 2322 3001 γ.
2352 2976 2410 2985 .-
2432 2936 2568 2986 motis

327 3023 435 3069 non,
460 3008 559 3057 R2.
582 3049 645 3056 -
666 3016 713 3056 et
730 3006 873 3071 9lobi,
896 3008 996 3057 Bt.
1018 3046 1081 3054 .-
1100 3022 1204 3067 sex,
1228 3007 1326 3056 R1.
1349 3046 1412 3055 .-
1433 3006 1683 3068 utrimque,
1708 3006 1818 3056 RA
1830 3006 1902 3054 ab
1913 3005 1960 3054 d.
1997 3012 2271 3067 utrumque,
2295 3004 2483 3054 Dicuil.
2506 3043 2568 3051 ..-

327 3074 619 3140 inconperta,
632 3075 700 3124 A.
720 3075 1025 3140 incomperta,
1044 3075 1094 3124 R
1107 3077 1129 3110 ²
1145 3090 1177 3122 a
1190 3077 1212 3109 ²
1227 3075 1275 3123 b.
1303 3072 1605 3136 incorrupta,
1623 3074 1673 3122 R
1687 3075 1722 3122 ¹.
1744 3072 2032 3136 incorrepta,
2054 3088 2086 3120 a
2102 3074 2116 3107 ¹
2135 3074 2183 3121 d.
2201 3111 2253 3120 ...
2272 3089 2306 3120 a
2326 3070 2569 3130 litore,R²

327 3139 616 3204 (Martian.)
642 3142 837 3203 altiore,
855 3145 908 3192 A
921 3143 1049 3192 abd.
1075 3138 1275 3202 altiora,
1293 3142 1390 3192 R1.
1413 3181 1476 3189 -
1498 3138 1661 3189 decies
1685 3148 1885 3189 centena
1907 3136 2078 3200 millia,
2097 3139 2253 3189 Hard.
2272 3134 2502 3187 DCCGG
2512 3136 2570 3197 V,

327 3210 391 3257 R.
416 3205 671 3268 DGCGV,
692 3201 733 3254 θ
742 3210 830 3257 Ta
847 3211 965 3258 ¹bd.
990 3207 1243 3266 DXXII,
1261 3210 1329 3258 A.
1364 3206 1434 3267 D,
1454 3211 1533 3256 αἳ.
1568 3206 1821 3257 duodecim
1844 3204 2012 3266 millia,
2031 3221 2078 3254 0¹.
2107 3202 2380 3255 GCCGC'L.
2405 3202 2482 3265 M,
2505 3199 2570 3265 β.

335 3314 396 3322 ..
435 3274 501 3332 in,
524 3276 589 3322 R.
616 3314 679 3322 .-
716 3272 994 3336 DLXIII,
1016 3277 1175 3326 Hard.
1209 3273 1646 3332 DLXXXIIII,
1670 3275 1719 3324 R
1735 3266 1874 3323 oab.
1898 3270 2289 3333 DLXXXIII,
2314 3267 2478 3333 Adss.
2506 3312 2570 3321 -.

330 3338 694 3390 LXXXVII.
739 3338 819 3400 D,
870 3342 1027 3391 Hard.
1094 3341 1426 3392 LXXXVI.
1463 3341 1544 3402 D,
1622 3343 1774 3392 RAa
1791 3344 1805 3377 ¹
1823 3343 1872 3391 b.
1952 3338 2292 3391 LXXXIII.
2326 3338 2407 3401 D,
2463 3339 2569 3388 Td.

332 3404 709 3455 LXXXIIII.
734 3404 803 3467 D,
829 3403 966 3468 a2ss.
993 3411 1222 3471 octoqinta
1248 3410 1459 3473 quinque
1484 3408 1640 3459 millia
1665 3410 1928 3475 quinyenti,
1954 3401 2010 3457 θ.
2039 3449 2101 3457 .-.
2131 3403 2289 3467 Coum,
2315 3407 2570 3456 RAabd.

331 3490 450 3534 cum,
470 3487 516 3522 σ.
547 3470 659 3532 Con,
680 3473 865 3523 Sabell.
883 3471 985 3538 βγ.
1007 3515 1070 3523 -
1087 3472 1415 3534 LXXXXI
1423 3476 1482 3537 V,
1500 3477 1750 3526 RATab
1764 3479 1810 3525 d.
1837 3474 1987 3524 XLI
1996 3476 2054 3536 V,
2078 3469 2134 3524 θ.
2159 3472 2493 3533 LXXXIV,
2511 3468 2570 3534 β.

333 3583 394 3591 .-
442 3538 703 3600 Tenedum,
721 3541 888 3589 RAT
901 3543 972 3590 ab
985 3543 1031 3589 d.
1077 3539 1310 3603 Tenedon,
1334 3537 1436 3607 βγ.
1473 3582 1538 3591 ..-
1576 3542 1790 3604 XLIV,
1814 3545 1970 3593 Hard.
2026 3539 2235 3603 XCIX,
2259 3541 2426 3591 RAT
2440 3540 2570 3590 abd.

336 3605 542 3669 CXIX,
575 3600 631 3657 θ.
667 3605 894 3670 XXIX,
918 3622 967 3657 σ.
1002 3607 1293 3670 XXVIII,
1314 3604 1372 3670 ,8.
1399 3650 1462 3658 ..-
1504 3605 1793 3671 Carambim,
1818 3612 1908 3660 ab.
1949 3608 2192 3671 Carabim,
2216 3612 2322 3659 Rd.
2366 3605 2572 3656 Caram-

340 3678 439 3738 bin,
482 3671 645 3741 Αβγ.
685 3717 748 3725 -
801 3675 1084 3738 Maeotidis,
1127 3693 1171 3726 a.
1228 3675 1493 3737 Μεοιίᾱοε,
1532 3680 1628 3727 3².
1684 3675 1920 3738 Maeotis,
1960 3677 2113 3727 Abd.
2168 3677 2348 3737 meniis,
2372 3676 2421 3725 R
2436 3678 2469 3723 ¹.
2508 3716 2570 3723 .-

337 3741 602 3805 CC'C'XII,
627 3759 728 3794 om.
753 3743 820 3794 A.
848 3785 910 3792 -.
947 3742 1193 3804 natanais,
1217 3744 1324 3793 Rd.
1351 3785 1414 3793 -
1456 3741 1710 3794 CCLXX
1722 3744 1778 3804 V,
1801 3745 1959 3795 Hard.
1983 3746 2047 3794 R.
2088 3741 2283 3793 GGLX
2291 3743 2348 3804 V,
2366 3737 2571 3802 Aabss.

337 3808 612 3871 CCLXII,
645 3805 800 3862 OTd.
858 3852 920 3860 .-
975 3810 1226 3872 brevior-ic,
1251 3812 1348 3861 ΒΞ.
1405 3852 1468 3860 -
1522 3810 1861 3873 LXXXIX,
1885 3829 1933 3862 a.
1989 3810 2264 3871 LXXIX,
2298 3810 2571 3861 RAde.

335 3876 517 3939 LXX,
541 3880 699 3929 Hard.
737 3877 894 3929 millia
917 3887 1149 3929 sexcenta
1170 3880 1488 3944 septuaqinta
1511 3888 1625 3940 octo,
1648 3881 1884 3929 Martian.

402 3943 432 4004 ἓ
460 3951 574 3996 246.
611 3946 861 3997 modicum.
898 3948 1088 3997 Mirum
1111 3948 1211 3995 hac
1233 3947 1288 3995 in
1309 3961 1436 3995 voce
1458 3947 1659 3995 nullum
1683 3947 2005 4010 interpretem
2040 3946 2325 4008 offendisse,
2361 3960 2476 3994 cum
2510 3947 2571 3993 do

334 4019 472 4060 certa
493 4028 729 4063 mensura
758 4015 1038 4064 latitudinis
1061 4015 1143 4063 vel
1165 4014 1496 4077 longitudinis
1519 4015 1732 4064 alicuius
1755 4015 1827 4064 rei
1848 4030 2128 4078 numquam
2151 4015 2280 4064 haec
2302 4028 2405 4062 vox
2428 4027 2572 4061 usur-

331 4084 494 4153 petur.
528 4080 664 4129 Hinc
686 4082 1001 4145 corruptelae
1026 4082 1244 4144 suspicio
1266 4089 1388 4133 nata
1409 4089 1460 4132 et
1482 4082 1708 4131 Plinium
1732 4083 1967 4131 existimo
1992 4082 2251 4145 scripsisse
2275 4080 2405 4130 modi
2428 4094 2573 4144 quam

335 4141 703 4206 dilzyentissimi.
759 4188 818 4197 ..
860 4149 1070 4211 facere,
1113 4150 1180 4198 A.
1235 4189 1298 4197 -
1351 4146 1688 4199 Artemidorus
1727 4164 1806 4212 ap.
1849 4149 2185 4212 Agathcmer.
2215 4155 2261 4209 l,
2297 4155 2345 4198 4.
2381 4160 2431 4210 p.
2457 4152 2573 4196 312.

333 4210 629 4287 Hoffmann.
671 4254 732 4262 -.
771 4213 1126 4279 incompertam,
1150 4229 1197 4263 σ.
1237 4255 1296 4264 .-.
1347 4215 1596 4277 existimat,
1618 4216 1682 4265 R.
1722 4255 1784 4264 -.
1830 4214 2054 4276 Tanaim,
2080 4233 2124 4266 a.
2180 4213 2392 4274 Tanain,
2416 4214 2573 4265 Abd.

344 4276 547 4341 Tanau,
570 4279 619 4328 R
655 4277 725 4340 (is
751 4281 804 4329 in
829 4280 982 4343 corr.)
1023 4318 1084 4330 ..-
1122 4296 1307 4345 versus,
1330 4283 1636 4333 RATabd.
1673 4299 1855 4343 versae,
1882 4277 1925 4344 β
1934 4297 1983 4347 γ.
2013 4324 2074 4333 .-
2105 4281 2362 4334 duodecies
2384 4289 2575 4332 centena
