2961 4861
1250 337 1631 383 Pmuno.
1755 392 1766 407 ς
2394 341 2560 382 xxm

311 490 452 550 Car.
480 490 647 549 Frid.
675 486 1086 561 Neumannus‚
1123 490 1564 565 numophylacii
1604 490 2074 549 vindobonensis
2127 494 2420 566 quondam
2462 512 2563 551 cu-

308 609 458 673 stos,
496 618 677 675 quam
705 598 1077 657 collationem
1115 599 1261 661 satis,
1291 607 1567 657 accurate
1594 599 1810 657 factam
1842 597 2325 659 Christianus
2355 603 2560 660 Wal—

307 730 341 767 z
355 711 432 768 iu
448 728 478 768 s
515 728 683 768 meus
720 728 830 767 sua
865 726 1068 779 manu,
1111 709 1252 766 dum
1280 707 1670 767 vindobonae
1695 709 1774 766 ad
1803 707 2300 769 luculentissimas
2326 709 2563 770 Pausa-

305 820 442 878 niae
481 826 542 877 et
583 817 888 877 rhetorum
918 815 1285 876 Gmcorum
1311 819 1596 877 editiones
1624 819 1996 878 insu-uendas
2027 820 2372 879 versabatur
2385 862 2405 892 ‚
2456 820 2562 879 de-

305 930 590 1004 scriptam
638 929 793 987 dono
841 927 982 986 mihi
1034 929 1214 987 misit.
1301 927 1690 988 Paucissimis
1747 930 1810 986 in
1865 929 2011 988 locis
2069 932 2254 989 bonas
2310 929 2564 989 aliorum

306 1038 571 1097 codicum
606 1045 713 1095 aut
750 1037 1019 1095 lectionis
1061 1037 1340 1113 vulgatae
1382 1034 1415 1117 β
1457 1039 1778 1113 scripturas
1820 1038 2031 1112 refert,
2076 1041 2264 1099 multo
2304 1039 2563 1098 maxima

305 1166 420 1206 sua
460 1153 627 1222 parte
663 1147 824 1225 vitiis
860 1147 1238 1205 librariorum
1277 1155 1338 1205 et
1370 1147 1914 1224 interpolationibus
1953 1148 2244 1220 foedatus,
2284 1170 2324 1208 a
2364 1151 2561 1209 codice

301 1258 360 1315 P
401 1275 523 1314 non
557 1256 811 1314 multum
852 1257 1095 1314 distans.
1162 1256 1250 1316 Ut
1288 1262 1487 1316 tamen
1536 1257 1711 1315 huius
1762 1275 1997 1333 quoque
2047 1259 2261 1318 codicis
2308 1260 2559 1335 pretium

302 1374 776 1441 cognosceretur,
804 1365 931 1424 eius
957 1366 1235 1425 lectiones
1263 1366 1530 1426 omittere
1556 1367 1741 1426 nolui.

392 1476 524 1534 Iam
550 1476 970 1534 transeundum
996 1476 1074 1534 ad
1100 1494 1202 1534 eos
1232 1477 1483 1547 codices,
1526 1477 1625 1550 qui
1663 1485 1802 1535 ante
1828 1477 1981 1535 hanc
2007 1477 2323 1536 editionem
2354 1495 2557 1536 susce-

299 1592 470 1662 ptam
495 1585 740 1660 inspecti
764 1592 826 1643 et
851 1585 1054 1643 collati
1082 1595 1241 1644 sunt.
1285 1584 1521 1644 Horum
1563 1585 1667 1644 alii
1701 1587 1780 1643 ab
1817 1585 1947 1644 aliis
1985 1587 2123 1645 viris
2161 1588 2348 1645 doctis
2387 1605 2557 1645 accu-

299 1694 510 1765 ratius,
538 1694 638 1753 alii
663 1694 1050 1770 negligentius
1079 1700 1221 1752 sunt
1247 1694 1503 1765 tractati,
1525 1696 1699 1769 pauci
1726 1713 1833 1770 per
1859 1712 2061 1753 omnes
2090 1694 2293 1764 libros,
2322 1696 2560 1769 paucio-

299 1821 403 1863 res
445 1805 548 1875 ita,
591 1811 662 1860 ut
688 1810 909 1862 certam
935 1804 1197 1878 aliquam
1224 1822 1429 1862 eorum
1455 1803 1769 1878 imaginem
1798 1803 1970 1861 nobis
1997 1803 2219 1878 fingere
2245 1803 2559 1879 possimus.

296 1913 401 1972 De
438 1912 744 1987 permultis
787 1931 864 1970 ne
890 1914 953 1971 id
980 1908 1218 1988 quidem
1246 1918 1452 1971 notum
1482 1920 1592 1985 est,
1638 1912 1739 1971 ubi
1779 1921 1927 1983 tum,
1971 1930 2104 1970 cum
2132 1911 2556 1984 metabantur,

298 2024 429 2082 sint
456 2021 686 2094 servati,
725 2023 943 2081 nedum
969 2023 1072 2081 ubi
1109 2040 1265 2081 nunc
1293 2027 1626 2093 serventur,
1667 2028 1747 2093 et,
1789 2020 1949 2096 quod
1976 1994 2320 2080 maxime'in
2348 2023 2555 2082 codici-

299 2134 422 2190 bus
450 2151 489 2190 a
513 2131 801 2203 Barbaro,
837 2130 1100 2204 Budaeo,
1143 2129 1414 2205 Gelenio‚
1455 2133 1630 2192 etiam
1660 2130 1954 2192 Salmasio
1981 2132 2259 2209 inspectis
2287 2132 2557 2191 evenisse

296 2249 525 2319 potest,
582 2260 701 2300 non
736 2242 1121 2318 improbabile
1164 2250 1256 2300 est
1302 2243 1543 2301 eosdem
1593 2243 1818 2301 codices
1873 2243 1949 2300 ab
1989 2242 2126 2300 aliis
2179 2242 2323 2300 viris
2368 2242 2553 2301 doctis

296 2352 432 2410 aliis
459 2352 790 2411 nominibus
829 2369 959 2411 esse
999 2360 1255 2422 notatos,
1293 2352 1376 2410 ita
1411 2358 1480 2410 ut
1520 2353 1781 2410 eiusdem
1817 2352 2032 2410 codicis
2069 2352 2399 2410 testimonio
2435 2352 2553 2410 for-

293 2472 459 2520 tasse
485 2463 577 2521 bis
605 2470 775 2522 terve
801 2469 1059 2521 utamur.
1115 2461 1280 2521 Leve
1310 2470 1509 2521 tamen
1537 2463 1871 2533 videbatur,
1913 2464 1987 2520 ob
2027 2461 2138 2519 has
2167 2479 2380 2520 causas
2410 2480 2553 2521 con-

291 2574 525 2631 iunctas
563 2571 660 2630 vel
696 2573 876 2630 etiam
914 2592 1094 2630 unam
1134 2590 1339 2630 earum
1375 2572 1510 2631 illos
1552 2572 1720 2630 codd.
1749 2587 1993 2647 prorsus
2029 2572 2331 2641 omittere;
2375 2572 2552 2630 simul

290 2681 676 2752 tutissimum,
720 2682 771 2740 si
809 2680 869 2739 in
908 2682 1279 2740 recensendis
1318 2681 1447 2742 istis
1476 2680 1645 2738 libris
1689 2687 1911 2739 aetates
1955 2679 2216 2739 virorum
2246 2680 2551 2741 doctorum

292 2792 402 2865 qui
436 2792 509 2849 iis
550 2791 642 2849 usi
685 2797 825 2848 sunt
857 2808 1150 2864 sequerer.
1188 2790 1285 2848 Et
1322 2791 1554 2867 primus
1596 2791 1833 2864 quidem
1864 2790 1942 2847 ad
1972 2794 2162 2878 totum
2191 2790 2369 2856 Plinii
2396 2808 2548 2868 opus

290 2900 523 2959 codices
551 2901 984 2976 manuscriptos
1013 2900 1281 2958 adhibuit
1306 2902 1650 2960 Hermolaus
1677 2902 2002 2972 Barbarus,
2034 2902 2112 2958 ad
2141 2899 2549 2975 castigandam

291 3010 606 3069 editionem
632 3011 961 3069 Romanam
989 3017 1050 3068 et
1074 3010 1365 3070 Venetam
1392 3012 1476 3069 H.
1506 3011 1778 3088 pluribus
1814 3011 2109 3069 codicibus
2138 3026 2282 3067 usus
2295 3050 2314 3079 ,
2344 3011 2405 3068 in
2433 3009 2547 3080 his,

291 3120 384 3177 uti
424 3121 674 3193 videtur,
712 3119 1070 3178 Florentinis
1084 3162 1102 3191 ,
1134 3138 1272 3178 cum
1323 3127 1479 3178 certe
1524 3121 1602 3177 ad
1645 3115 1756 3190 29’,
1800 3115 1860 3177 6.
1912 3126 2146 3176 vetusta
2195 3117 2551 3192 exemplaria

293 3239 738 3301 commemoret,
791 3246 1045 3306 quorum
1087 3228 1283 3303 ipsum
1321 3228 1648 3287 Politianus
1687 3226 2024 3285 Florentiae
2061 3226 2288 3303 primus
2337 3228 2548 3286 admo-

290 3339 505 3410 nuerit,
543 3348 603 3397 et
637 3338 960 3398 Barberino
991 3336 1027 3397 7
1032 3333 1156 3411 59„
1203 3355 1454 3412 quocum
1497 3337 1699 3395 eadem
1743 3356 1776 3394 e
1817 3336 1937 3395 suis
1978 3335 2144 3395 libris
2183 3336 2355 3395 affert
2390 3334 2547 3398 Bar·

290 3450 480 3506 barus
510 3443 673 3507 ad·3.
706 3446 869 3518 547.
924 3447 1144 3508 Plures
1184 3447 1354 3507 codd.
1384 3448 1600 3506 diserte
1639 3448 1845 3505 laudat
1871 3448 1948 3505 ad
1976 3443 2038 3517 8,
2062 3442 2166 3507 48.
2200 3441 2301 3507 58.
2349 3443 2409 3520 9,
2441 3443 2545 3506 51.

297 3552 406 3628 10,
440 3552 546 3614 22.
601 3550 704 3626 16,
734 3553 838 3617 45.
889 3554 992 3632 33,
1024 3554 1086 3617 3.
1121 3554 1221 3617 10.
1258 3553 1357 3617 13.
1411 3553 1517 3630 35,
1551 3553 1653 3617 17.
1693 3563 1753 3614 et
1787 3556 1849 3613 in
1890 3556 1983 3616 his
2025 3558 2326 3634 exemplar
2363 3576 2546 3615 unum

288 3667 555 3730 lacerum
583 3673 762 3739 atque
788 3667 1194 3744 depravatum.
1237 3666 1467 3726 Multae
1511 3684 1730 3741 eaeque
1770 3666 2025 3741 optimae
2052 3666 2334 3724 lectiones
2364 3683 2441 3723 ex
2468 3666 2545 3723 iis

287 3776 350 3834 in
377 3776 700 3835 orationem
728 3775 924 3849 Plinii,
951 3778 1042 3836 uti
1076 3796 1234 3837 nunc
1260 3779 1469 3849 fertur,
1498 3783 1834 3847 manarunt,
1873 3784 1931 3833 et
1966 3775 2265 3833 nonnullis
2301 3776 2362 3835 in
2400 3773 2546 3834 locis

291 3886 405 3945 soli
442 3905 644 3945 veram
682 3887 1031 3964 scripturam
1070 3895 1399 3960 servarunt,
1448 3893 1519 3944 ut
1545 3881 1650 3958 35,
1679 3880 1808 3958 45„
1849 3885 1954 3945 ubi
1991 3886 2228 3963 hysqt‘no
2267 3894 2427 3946 recte
2467 3904 2544 3945 ex

288 3996 362 4054 iis
401 4003 494 4054 est
531 3997 888 4069 restitutum,
943 4015 1078 4055 cum
1118 3997 1299 4055 ceteri
1339 3996 1509 4055 codd.
1550 3996 1740 4070 magis
1789 3996 2057 4054 minusve
2095 3996 2211 4055 sint
2252 3998 2539 4073 corrupti3

288 4106 429 4164 item
467 4101 573 4179 35,
606 4102 750 4166 142.
790 4107 905 4166 soli
942 4107 1032 4164 illi
1078 4124 1213 4165 cum
1252 4105 1551 4165 codicibus
1591 4103 1822 4165 Gelenii
1868 4108 2012 4166 dant
2058 4111 2258 4168 sollers
2295 4110 2356 4166 in
2395 4118 2538 4179 arte,

293 4217 452 4289 quod
490 4218 550 4275 in
591 4217 800 4277 ceteris
845 4217 1115 4278 omuibus
1163 4217 1332 4276 codd.
1371 4217 1589 4293 partim
1627 4216 1871 4279 ridicule
1918 4225 2008 4277 est
2054 4218 2440 4296 depravatum
2483 4223 2543 4271 et
