2961 4861
895 374 1036 420 mn.
1071 375 1145 419 11.
1208 373 1363 420 oAP.
1397 373 1523 418 vn.
1586 371 1782 419 snc'r.
1815 376 1852 417 5.
1885 355 1888 362 '
2379 356 2500 419 109

246 526 326 589 in
376 524 660 612 auguriis
705 532 1137 589 sternumenta
1179 535 1245 589 et
1287 525 1671 618 offensiones
1715 524 1975 608 pedum.
2032 523 2238 590 Divos
2265 522 2503 610 Augu-

251 637 406 690 stus
446 624 734 710 prodidit
772 626 1023 690 laevom
1066 625 1188 690 sibi
1219 626 1505 690 calceum
1532 635 1946 709 praepostere
1977 624 2332 701 inductum,
2377 644 2505 708 quo

249 725 370 790 die
418 725 731 791 seditione
773 726 1031 792 militari
1074 721 1277 811 prope
1321 724 1618 789 adflictus
1664 735 1781 790 est.
1880 722 2067 805 Quae
2113 725 2364 813 singula
2406 727 2504 789 in·
2535 748 2601 791 25

246 826 605 912 providam
645 826 1094 893 mortalitatem
1136 824 1499 903 involvont‚
1547 826 1751 891 solum
1780 836 1854 890 ut
1880 826 2048 891 inter
2075 827 2200 890 ista
2229 826 2334 890 vel
2366 848 2507 890 cer-

251 938 406 992 tum
451 928 534 992 sit
555 976 572 1004 ‚
616 926 776 993 nihil
821 949 960 992 esse
1007 926 1162 992 certi
1205 947 1329 991 nec
1372 927 1718 1010 quicquam
1758 927 2054 991 miserius
2097 925 2351 990 homine
2396 938 2511 990 aut

250 1027 626 1115 superbius.
704 1025 957 1092 Ceteris
1015 1028 1254 1113 quippe
1298 1026 1720 1092 animantium
1764 1027 1897 1092 sola
1938 1027 2147 1092 victus
2191 1049 2346 1091 cura
2388 1039 2508 1106 est,

246 1128 325 1193 in
377 1150 507 1212 quo
563 1138 793 1213 sponte
845 1138 1116 1193 naturae
1169 1126 1538 1216 benignitas
1589 1127 1870 1206 sufficit,
1930 1150 2056 1191 uno
2102 1127 2362 1211 quidem
2406 1128 2510 1195 vel

249 1229 697 1315 praeferenda
726 1229 974 1294 cunctis
1001 1228 1206 1306 bonis,
1253 1228 1429 1313 quod
1458 1228 1539 1292 de
1568 1229 1795 1316 gloria,
1842 1228 1923 1292 de
1968 1230 2258 1314 pecunia,
2304 1230 2509 1295 ambi-

251 1330 442 1394 tione
501 1350 821 1414 superque
866 1330 946 1395 de
997 1339 1200 1394 morte
1252 1352 1383 1393 non
1428 1330 1731 1417 cogitant.
1812 1329 2060 1395 Verum
2103 1330 2170 1395 in
2211 1330 2311 1394 his
2356 1330 2509 1396 deos
2537 1353 2604 1396 26

248 1453 462 1518 agere
492 1453 710 1495 curam
738 1452 953 1495 rerum
994 1430 1416 1495 humanarum
1461 1430 1638 1494 credi
1682 1452 1765 1495 ex
1806 1452 1931 1494 usu
1974 1430 2143 1495 vitae
2189 1441 2307 1508 est,
2351 1454 2508 1517 poe-

248 1552 512 1614 nasque
539 1531 868 1597 maleficiis
898 1531 1239 1616 aliquando
1271 1552 1447 1595 seras
1477 1541 1792 1616 occupato
1823 1530 1945 1595 deo
1987 1531 2056 1594 in
2100 1541 2278 1596 tanta
2319 1533 2509 1609 mole,

251 1653 617 1716 numquam
660 1641 878 1696 autem
919 1632 1143 1696 inritas
1190 1654 1330 1697 esse
1349 1680 1367 1709 ‚
1411 1653 1535 1695 nec
1577 1631 1722 1696 ideo
1765 1654 2148 1717 proxumum
2189 1632 2281 1697 ini
2324 1634 2505 1720 geni-

253 1742 406 1797 tum
445 1729 770 1797 hominem
812 1742 887 1795 ut
928 1731 1176 1797 vilitate
1204 1732 1387 1796 iuxta
1415 1730 1640 1795 beluas
1670 1741 1862 1796 esset.
1920 1730 2327 1816 Inperfectae
2357 1754 2512 1797 vero

249 1833 327 1896 in
372 1831 631 1898 homine
672 1842 939 1897 naturae
982 1832 1331 1918 praecipua
1375 1831 1619 1909 solatia,
1666 1853 1748 1896 ne
1779 1831 1972 1896 deum
2017 1832 2278 1917 quidem
2317 1855 2510 1919 posse

254 1932 503 1997 omnia.
568 1931 864 2017 Namque
892 1955 1011 1998 nec
1048 1932 1170 1998 sibi
1213 1943 1429 2017 potest
1470 1943 1742 1997 mortem
1786 1932 2202 2012 consciscere,
2250 1933 2304 1998 si
2327 1934 2519 2012 velit,
2539 1953 2604 2000 2⁷

257 2032 446 2117 quod
474 2032 713 2097 homini
743 2032 923 2098 dedit
959 2044 1293 2118 optumum
1335 2033 1402 2097 in
1449 2034 1641 2098 tantis
1684 2034 1852 2099 vitae
1896 2034 2143 2119 poenis,
2186 2058 2310 2101 nec
2337 2057 2508 2100 mor-

258 2135 416 2200 talis
470 2135 846 2200 aeternitate
904 2133 1140 2200 donare
1191 2145 1302 2199 aut
1343 2156 1646 2214 revocare
1690 2134 2032 2222 defunctos
2055 2184 2073 2214 ‚
2131 2158 2252 2202 nec
2295 2136 2511 2202 facere

258 2246 338 2300 ut
400 2234 513 2318 qui
572 2234 735 2299 vixit
786 2256 913 2299 non
957 2235 1231 2314 vixerit,
1289 2236 1401 2319 qui
1453 2234 1729 2301 honores
1782 2236 1986 2324 gessit
2036 2258 2163 2301 non
2216 2238 2512 2324 gesserit,

260 2335 642 2418 nullumque
694 2334 932 2401 habere
985 2336 1053 2400 in
1110 2338 1458 2421 praeterita
1510 2338 1611 2400 ius
1667 2347 2117 2421 praeterquam
2178 2337 2516 2403 oblivionis

256 2518 471 2573 ruptam
502 2507 687 2571 habeo,
723 2526 840 2560 cum
863 2529 970 2560 sors
992 2525 1272 2574 numquam
1302 2523 1396 2574 pro
1422 2512 1519 2560 deo
1555 2510 1832 2570 existimari
1856 2511 2044 2572 possit,
2088 2513 2227 2574 quod
2258 2512 2361 2561 iam
2386 2511 2514 2562 Ges·

258 2591 367 2626 ner.
395 2576 613 2627 sensisse
635 2578 844 2627 videtur.
881 2577 1215 2629 scribendum
1249 2585 1326 2627 est
1346 2578 1493 2638 Fors,
1527 2579 1662 2627 unde
1683 2591 1794 2626 sors
1819 2584 1870 2625 et
1891 2578 2024 2628 Fors
2056 2579 2257 2641 egregie
2291 2579 2387 2629 sibi
2410 2580 2514 2628 iam

260 2651 612 2708 opponuntur,
636 2645 753 2694 coll.
778 2643 807 2704 §
833 2643 1157 2699 2101nvenit
1188 2684 1238 2692 ..
1272 2652 1419 2694 esset.
1465 2645 1585 2694 Vid.
1609 2644 1841 2695 Lambin.
1867 2646 1933 2694 ad
1954 2645 2079 2694 Hor.
2105 2645 2212 2696 Sat.
2240 2646 2280 2696 Ι.
2304 2653 2348 2708 1,
2374 2652 2420 2696 2.
2449 2687 2512 2696 -

261 2710 559 2777 assiynant,
592 2711 652 2761 P.
690 2752 753 2760 ...
790 2721 837 2761 et
869 2709 1130 2772 nascendi,
1166 2726 1201 2774 p
1234 2707 1498 2773 (Robert.)
1548 2752 1589 2760 -
1638 2728 1877 2774 umquam,
1914 2728 2013 2762 om.
2037 2730 2077 2763 r.
2117 2754 2180 2762 -
2218 2712 2308 2764 deo
2348 2711 2514 2764 decre·

261 2786 380 2839 tum,
418 2778 535 2828 aba
545 2793 594 2841 g.
643 2775 727 2827 dei
752 2777 955 2841 decreto,
999 2779 1172 2843 PSpr
1203 2775 1463 2841 (Robert.)
1518 2821 1564 2828 ..
1621 2779 1773 2828 otium
1806 2777 1967 2843 datur,
2001 2781 2106 2831 Τσ.
2153 2782 2294 2831 otium
2326 2781 2513 2842 datum,
2590 2788 2598 2792 '

259 2862 401 2912 Pab
412 2877 489 2926 gp
524 2859 786 2925 (Robert.)
818 2858 920 2927 βγ.
964 2865 1110 2914 otium
1143 2855 1250 2923 dai,
1285 2865 1331 2912 d.
1380 2863 1477 2912 otio
1515 2859 1649 2924 dato,
1683 2878 1722 2912 r.
1762 2859 1933 2913 datum
1959 2872 2123 2928 putat,
2150 2865 2375 2925 Gesner„
2410 2880 2515 2928 quo

266 2930 476 2992 quidem
495 2931 839 2980 additamento
864 2944 994 2994 opus
1017 2939 1125 2980 erat
1146 2931 1199 2979 in
1223 2931 1468 2995 scriptura
1490 2931 1714 2992 vulgata,
1738 2945 1875 2978 nunc
1897 2946 2002 2979 non
2027 2932 2246 2993 amplius
2270 2946 2399 2993 opus
2424 2940 2516 2980 est.

294 3002 304 3012 “
336 2994 368 3056 ξ
396 3002 478 3045 24.
504 2996 737 3046 eruditum
761 2996 935 3064 vulqus
957 3007 1004 3048 et
1021 2995 1160 3060 rade,
1176 2997 1438 3060 Pabdgp
1461 2993 1725 3057 (Robert.)
1749 2993 1929 3046 eruditi
1948 3006 1993 3046 et
2015 2997 2133 3046 rude
2158 2997 2349 3062 vulqus,
2372 2991 2429 3046 θ.
2452 3037 2515 3046 ...

265 3066 343 3123 ea,
379 3063 439 3113 P.
478 3104 540 3112 -
578 3060 681 3113 Sed
710 3079 831 3126 ecce,
864 3081 902 3114 r.
943 3105 1005 3114 -.
1043 3066 1187 3115 etiam
1215 3081 1409 3129 parva.
1443 3063 1562 3112 abd
1574 3077 1670 3125 gp.
1723 3064 1887 3125 impia,
1919 3065 1978 3112 P.
2026 3103 2071 3110 ..
2117 3064 2181 3120 in.
2218 3078 2319 3111 om.
2353 3065 2412 3113 P.
2453 3104 2514 3113 -.

265 3140 606 3192 sternumenta,
633 3132 913 3195 Tabdgp.
950 3139 1338 3190 sternutamenta,
1363 3131 1408 3178 P
1432 3125 1696 3189 (Robert.)
1717 3123 1777 3195 fi.
1819 3167 1878 3177 ...
1911 3127 2132 3194 prodidit
2154 3129 2357 3190 laevum,
2383 3132 2516 3180 abd.

264 3197 457 3248 laevum
475 3199 706 3263 prodidit,
724 3200 858 3262 ng
882 3197 1143 3262 (Robert.)
1166 3194 1268 3261 βγ.
1310 3237 1371 3244 .-
1409 3196 1658 3255 inductum,
1681 3186 1890 3244 Barbar.
1916 3196 2123 3259 abdgp
2147 3195 2408 3260 (Robert.)
2444 3200 2514 3248 in·

265 3265 457 3326 dutum,
480 3266 699 3316 TPKo.
738 3305 801 3314 ...
839 3276 909 3315 est
929 3263 1156 3326 afflictus,
1180 3266 1229 3313 d.

274 3352 279 3355 ·
336 3330 368 3390 δ
395 3338 476 3380 25.
513 3331 930 3392 immortalitatem,
952 3334 1012 3381 P.
1042 3372 1103 3379 -..
1130 3331 1218 3390 vel,
1241 3331 1457 3392 Pabgp
1482 3325 1668 3390 (Rob.)
1706 3328 1881 3379 omitt.
1908 3331 1940 3379 d
1949 3327 1994 3392 β
2003 3344 2054 3395 r.
2106 3330 2195 3381 Vel
2216 3348 2331 3382 cum
2354 3335 2515 3395 gradu

268 3398 494 3460 positivo
520 3400 661 3447 haud
683 3413 797 3447 raro
823 3399 1194 3460 iungitPlinius
1218 3401 1281 3448 ad
1305 3398 1664 3446 intendendam
1690 3397 1995 3458 orationem3
2019 3399 2119 3448 vid.
2147 3402 2226 3461 17,
2256 3406 2368 3450 121.
2399 3403 2513 3450 137.

271 3469 354 3525 19,
385 3470 428 3513 1.
455 3471 536 3525 24,
565 3470 676 3513 131.
703 3470 784 3524 28,
810 3470 890 3515 49.
931 3505 993 3513 -.
1029 3465 1110 3526 nil,
1134 3466 1194 3515 P.
1232 3506 1295 3514 -
1331 3482 1430 3525 nec,
1456 3479 1558 3513 om.
1582 3464 1639 3514 P.
1680 3504 1743 3513 -
1780 3465 2035 3529 quicquam
2069 3466 2307 3528 miserias,
2332 3468 2511 3530 abdg.

266 3529 498 3580 miserius
523 3528 801 3594 quicquam,
824 3532 913 3595 Pp
945 3528 1207 3594 (Robert.)
1229 3528 1332 3596 βγ.
1367 3528 1609 3590 miserius,
1633 3531 1842 3581 Robert.
1882 3573 1944 3581 -.
1982 3542 2089 3593 aut,
2124 3531 2225 3583 oni.
2250 3535 2322 3583 a¹.
2370 3543 2416 3583 et
2437 3543 2513 3583 ta-

268 3612 394 3657 men,
419 3597 710 3648 Heumann.
737 3612 819 3661 ap.
846 3598 1052 3663 Gesner.
1084 3639 1137 3648 -
1187 3596 1384 3660 Ceteris,
1410 3614 1512 3648 om.
1538 3614 1570 3648 a
1586 3600 1619 3646 ¹.
1660 3639 1721 3647 ..
1751 3598 2109 3663 praeferenda,
2136 3595 2357 3664 OPdgr
2380 3598 2512 3661 (30-

266 3660 423 3725 bert.)
455 3664 803 3729 praeferendo,
849 3665 1070 3716 Pintian.
1115 3662 1344 3732 abpssr.
1389 3706 1439 3714 -
1476 3666 1719 3730 pecunia,
1754 3666 1932 3730 abdg.
1963 3667 2221 3731 pecuniae,
2253 3669 2342 3733 Pp
2379 3666 2512 3728 (3ο-

270 3730 428 3794 bert.)
467 3772 531 3781 -.
567 3748 627 3782 su
665 3748 824 3797 erqae,
850 3734 1013 3796 abdg
1036 3730 1295 3794 (Robert.)
1330 3748 1622 3799 semperque,
1646 3748 1696 3797 p.
1732 3749 1930 3799 semper,
1954 3735 2012 3784 P.
2447 3760 2448 3763 =

339 3797 370 3859 ἓ
397 3806 478 3850 26.
513 3814 594 3849 cre
633 3799 655 3849 i
663 3818 682 3861 ‚-
724 3801 788 3850 ab
820 3801 920 3850 hac
960 3815 1088 3850 voce
1119 3801 1296 3864 incipit
1327 3802 1390 3851 R.
1431 3841 1486 3849 ...
1529 3809 1711 3850 tantam
1743 3801 1929 3860 molem,
1973 3803 2037 3851 3.
2080 3842 2135 3850 -
2176 3817 2513 3867 nonnunquam

272 3875 376 3927 aut,
411 3868 469 3917 P.
508 3906 571 3916 -.
608 3867 760 3928 iusta,
793 3869 852 3918 P.
891 3908 953 3916 -
991 3867 1169 3929 beluas,
1204 3869 1267 3918 3.
1312 3908 1367 3916 -.
1405 3867 1614 3929 homine,
1649 3868 1857 3917 Barbar.
1891 3868 2118 3919 RPabd
2129 3885 2207 3933 gp
2246 3865 2513 3932 (Robert.)

272 3933 524 3995 hominem,
549 3947 596 3982 σ.
636 3974 698 3983 -
735 3934 930 3985 solatia.
984 3933 1048 3984 In
1070 3936 1169 3985 hac
1191 3950 1317 3984 voce
1340 3935 1630 3998 corruptela
1650 3935 1847 3984 videtur
1867 3936 2050 3998 latei-03
2082 3940 2216 3987 unde
2240 3938 2374 3986 enim
2397 3939 2512 4001 plu·

273 4001 392 4050 ralis
423 4015 678 4063 numerus,
712 4003 755 4051 si
786 4005 850 4052 de
881 4018 986 4052 una
1014 4004 1173 4052 modo
1206 4017 1259 4051 re
1293 4017 1423 4065 quae
1456 4002 1697 4051 solatium
1730 4001 1878 4051 affert
1909 4011 1986 4052 est
2009 4006 2207 4054 senno?
2244 4005 2514 4068 Scripsisse

273 4066 501 4119 Plinium
521 4076 650 4132 puto
677 4068 850 4119 solatio
873 4070 905 4118 i.
931 4083 973 4118 6.
1000 4071 1301 4130 consolatiO‚
1329 4064 1479 4125 ἅπαξ
1501 4064 1810 4134 εἰρημένον.

343 4133 373 4194 ξ
407 4140 488 4186 27.
534 4135 758 4186 mortales
791 4137 1094 4198 aeternitate,
1128 4136 1348 4199 Pabgp
1382 4133 1644 4198 (Robert.)
1698 4137 1900 4187 mortali
1927 4140 2275 4201 aeternitatem,
2309 4140 2513 4190 R²Td.

277 4203 470 4253 mortali
499 4203 801 4264 aeternitate,
827 4204 877 4254 3
899 4206 927 4253 ¹.
967 4243 1029 4253 ...
1069 4202 1278 4264 donare,
1301 4204 1465 4253 Pa²b
1477 4218 1555 4268 gp
1580 4199 1843 4267 (Robert.)
1880 4202 2132 4269 damnare,
2156 4206 2206 4256 3
2224 4209 2283 4256 ‘a
2303 4210 2335 4255 ¹.
2374 4205 2515 4267 dare,

277 4266 477 4319 R2'1'd.
521 4309 575 4318 ..
620 4288 681 4320 ac
714 4288 841 4335 rev„
864 4271 931 4322 R.
969 4309 1033 4319 -.
1068 4272 1257 4332 habere,
1293 4285 1393 4321 om.
1427 4272 1487 4320 P.
