2961 4861
842 356 983 401 mn.
1016 356 1091 401 11.
1152 355 1306 402 CAP.
1340 356 1437 401 1x.
1474 357 1544 401 x,
1605 355 1802 405 secr.
1832 358 1936 400 31.
2393 344 2513 406 115

244 518 464 572 mata
503 507 585 573 ab
631 530 706 572 eo
748 508 890 572 luce
935 507 1206 594 fulgere,
1264 508 1517 590 qualem
1568 506 1634 569 in
1676 529 2061 592 repercussu
2103 530 2309 593 aquae
2352 510 2514 576 voli-

244 620 418 673 tare
482 607 940 692 conspicimus3
1016 608 1164 673 ideo
1228 608 1514 672 molliore
1585 621 1652 671 et
1705 607 2065 693 inperfecta
2134 610 2199 674 vi
2273 612 2515 677 solvere

243 719 528 775 cantum
581 731 867 774 umorem
923 719 1120 793 atque
1176 709 1369 774 etiam
1424 705 1663 797 augere
1677 757 1694 786 ,
1751 731 1943 792 quem
1999 710 2150 776 solis
2191 709 2356 777 radii
2400 736 2516 798 ap-

245 821 564 889 sumant3
634 810 782 875 ideo
821 810 1160 894 inaequali
1226 810 1465 876 lumine
1537 809 1815 895 adspici,
1885 810 2036 892 quia
2101 833 2184 875 ex
2247 813 2519 878 adverso

245 912 538 977 demum
591 912 781 997 plena
831 912 1093 995 reliquis
1148 912 1376 977 diebus
1436 922 1685 976 tantum
1741 934 1827 985 ex
1882 933 1951 977 se
1996 912 2182 976 terris
2226 914 2520 979 ostendat

247 1023 592 1097 quantum
633 1036 673 1076 a
717 1012 849 1077 sole
891 1012 1036 1097 ipsa
1077 1013 1396 1098 concipiat
1408 1038 1426 1090 3
1483 1012 1552 1077 in
1605 1012 1777 1077 coitu
1830 1011 2092 1097 quidem
2143 1036 2273 1079 non
2323 1015 2516 1093 cerni,
2545 1033 2609 1077 46

247 1114 603 1199 quoniam*
642 1113 945 1178 haustum
1009 1131 1262 1177 omnem
1320 1112 1485 1179 lucis
1537 1113 1811 1177 adversa
1859 1113 1968 1178 illo
2030 1126 2287 1203 regerat
2347 1117 2520 1182 unde

247 1214 635 1299 acceperit3
683 1215 894 1280 sidera
935 1237 1089 1281 vero
1131 1214 1288 1280 haut
1331 1214 1526 1281 dubie
1567 1236 1792 1279 umore
1839 1224 2091 1280 terreno
2121 1218 2322 1301 pasci,
2370 1217 2523 1302 quia

248 1316 546 1381 dimidio
590 1315 746 1382 orbe
787 1338 1265 1401 nonnumquam
1305 1318 1634 1408 maculosa
1687 1327 2002 1396 cernatur,
2061 1318 2307 1383 scilicet
2357 1341 2518 1383 non-

250 1417 434 1482 dum
479 1427 857 1503 suppetente
901 1418 986 1481 ad
1027 1417 1452 1483 hauriendum
1494 1419 1664 1483 ultra
1691 1418 1861 1483 iusta
1890 1418 1991 1497 vi3
2037 1421 2319 1485 maculas
2350 1420 2519 1484 enim

248 1540 405 1583 non
448 1518 624 1582 aliud
667 1541 806 1584 esse
849 1540 1042 1603 quam
1072 1529 1275 1584 terrae
1303 1529 1523 1605 raptas
1565 1543 1710 1584 cum
1739 1543 1961 1586 umore
1992 1520 2231 1600 sordis3
2277 1519 2370 1586 X.
2402 1522 2516 1587 de-

254 1620 490 1686 fectus
533 1631 750 1686 autem
792 1642 943 1685 suos
987 1629 1054 1685 et
1096 1619 1269 1697 solis,
1330 1609 1468 1684 rem
1524 1621 1591 1684 in
1646 1611 1784 1685 tota‘
1824 1621 2358 1708 contemplatione
2401 1646 2517 1686 na-

256 1733 459 1786 turae
524 1743 822 1785 maxume
884 1719 1111 1784 miram
1175 1730 1242 1784 et
1302 1731 1555 1785 ostento
1623 1721 1923 1800 similem,
2004 1723 2520 1808 magnitudinum
2622 1709 2626 1716 ’

254 1822 673 1905 umbraeque
714 1821 960 1885 indices
1006 1821 1332 1886 exsistere.

363 1924 425 1986 7.
487 1919 751 2007 Quippe
793 1921 1208 1986 manifestum
1255 1933 1354 1987 est
1397 1923 1593 1988 solem
1635 1924 2001 1990 interventu
2056 1927 2244 1989 lunae
2301 1926 2518 1991 occul·
2545 1936 2609 1984 4⁷

260 2022 400 2088 tari
453 2024 802 2105 lunamque
858 2032 1066 2088 terrae
1118 2023 1377 2089 obiectu
1426 2046 1506 2089 ac
1557 2023 1717 2090 vicis
1769 2026 1983 2105 reddi,
2054 2027 2314 2091 eosdem
2368 2026 2519 2093 solis

258 2126 494 2191 radios
535 2126 689 2190 luna
727 2123 1110 2210 interpositu
1163 2147 1281 2190 suo
1324 2125 1657 2191 auferente
1704 2137 1910 2193 terrae
1956 2138 2250 2212 terraque
2291 2128 2517 2204 lunae;

259 2226 395 2291 hac
450 2226 767 2292 subeunte
821 2225 1191 2312 repentinas
1245 2227 1478 2293 obduci
1549 2228 1845 2295 tenebras
1895 2252 2277 2312 rursumque
2341 2229 2517 2296 illius

261 2328 506 2393 umbra
547 2327 725 2392 sidus
767 2328 1079 2406 hebetari,
1124 2348 1334 2411 neque
1377 2328 1554 2394 aliud
1596 2351 1737 2394 esse
1779 2340 2034 2395 noctem
2073 2353 2266 2415 quam
2307 2340 2514 2395 terrae

263 2428 589 2509 umbram,
642 2428 920 2518 figuram
970 2438 1185 2495 autem
1241 2429 1508 2496 umbrae
1564 2430 1835 2496 similem
1885 2442 2093 2496 metae
2148 2453 2223 2495 ac
2278 2430 2515 2496 turbini

264 2532 553 2608 invers0,
601 2531 858 2614 quando
886 2553 1192 2595 mucrone
1225 2540 1472 2596 tantum
1501 2532 1763 2619 ingruat
1788 2552 1998 2614 neque
2025 2533 2217 2596 lunae
2246 2533 2517 2611 excedat

270 2631 704 2710 altitudinem,
751 2633 1051 2715 quoniam
1093 2633 1340 2698 nullum
1381 2631 1556 2697 aliud
1600 2632 1777 2697 sidus
1809 2631 2033 2697 eodem
2061 2632 2252 2697 modo
2280 2633 2514 2698 obscu-

270 2829 430 2893 bert.)
466 2839 569 2891 toto,
591 2826 696 2894 βγ.
741 2831 817 2881 At
839 2830 1029 2880 locutio
1066 2830 1116 2879 in
1148 2839 1286 2879 totum
1316 2830 1486 2880 Plinio
1511 2830 1711 2890 usitata,
1750 2830 1834 2892 qui
1859 2845 2138 2893 numquam
2161 2833 2262 2880 hoc
2285 2847 2436 2881 sensu
2460 2831 2514 2880 in

270 2908 369 2948 toto
393 2899 537 2959 dicit3
561 2899 661 2947 vid.
688 2904 769 2959 24,
795 2903 877 2947 31.
904 2903 986 2957 31,
1014 2903 1093 2946 51.
1121 2903 1201 2947 30.
1227 2903 1307 2946 90.
1337 2902 1448 2948 107.
1476 2904 1558 2958 35,
1585 2904 1631 2947 2.
1662 2902 1774 2948 137.
1801 2904 1882 2958 36,
1908 2905 1988 2947 44.
2028 2938 2091 2946 .-
2127 2909 2323 2960 mutata,
2349 2901 2421 2948 d¹.
2450 2939 2514 2947 ..

275 2981 568 3030 repercussu
593 2979 773 3030 aquae,
795 2966 940 3014 Rad.
965 2980 1254 3028 repercussa
1278 2982 1425 3029 aqua,
1443 2966 1610 3028 Pbgr
1632 2961 1895 3026 (Robert.)
1920 3004 1983 3013 ...
2009 2964 2211 3025 mollire,
2236 2965 2423 3015 Sabell.
2452 3005 2515 3013 -

272 3040 547 3091 assumant,
569 3033 697 3081 Pau
735 3033 1015 3091 adsumant,
1037 3034 1100 3084 R.
1140 3073 1202 3080 -.
1241 3031 1365 3093 ideo,
1391 3032 1660 3082 R¹TPab
1673 3035 1764 3093 dg.
1802 3039 1979 3090 autem,
2003 3045 2044 3079 r.
2082 3027 2194 3079 ideo
2218 3039 2280 3091 et,
2311 3027 2413 3096 βγ.
2452 3072 2515 3079 -.

274 3099 488 3163 adspici,
511 3100 708 3149 Pa²u².
746 3099 963 3160 adsumi,
987 3100 1251 3149 RTa¹bd
1270 3102 1342 3161 ¹g.
1377 3097 1586 3159 absumi,
1610 3114 1650 3146 r.
1690 3138 1754 3145 -
1789 3107 1903 3156 tum,
1924 3098 1985 3145 P.
2014 3137 2077 3144 ..
2102 3097 2330 3159 ostendit,
2354 3100 2415 3148 P.
2455 3138 2516 3146 .-

275 3185 328 3228 α,
354 3168 530 3217 Rabd
540 3182 588 3230 g.
632 3184 706 3228 ex,
730 3163 885 3231 Ρβγ.
924 3207 987 3216 ..-
1024 3165 1310 3230 conspiciat,
1337 3159 1394 3213 Θ.
1431 3164 1661 3228 aspiciat,
1682 3164 1742 3212 P.

347 3237 377 3297 ξ
403 3241 484 3284 46.
521 3234 690 3296 cernit,
713 3236 776 3284 R.
815 3275 877 3282 ...
915 3233 1056 3293 omni,
1080 3234 1139 3282 P.
1178 3272 1241 3280 -..
1279 3229 1511 3291 adversa,
1535 3232 1687 3293 Rgo.
1715 3229 1974 3291 adversae,
1996 3232 2057 3280 P.
2086 3248 2286 3293 aversa,
2309 3233 2517 3283 Barbar.

275 3302 409 3351 abd.
450 3342 511 3349 -
546 3310 694 3365 teqat,
728 3303 787 3351 P.
827 3340 890 3348 -
928 3317 1054 3361 vero,
1087 3314 1187 3349 om.
1218 3300 1278 3347 P.
1316 3299 1505 3348 humore
1540 3312 1656 3346 vero
1688 3306 1880 3347 terreno
1912 3305 1967 3346 ut
2000 3298 2172 3348 sidera
2206 3297 2348 3348 haud
2371 3297 2520 3352 dubie

270 3366 446 3432 pasci,
478 3370 656 3418 Dalec.
697 3407 759 3415 -.
798 3366 902 3431 qui,
935 3368 983 3416 b.
1024 3407 1086 3414 .-
1123 3363 1328 3415 dimidio
1361 3367 1488 3425 orbe,
1520 3365 1712 3427 Radg.
1763 3383 1797 3415 a
1828 3364 2030 3416 dimidio
2062 3369 2190 3428 orbe,
2213 3368 2263 3416 b.
2302 3370 2415 3418 orbe
2439 3366 2517 3418 di-

278 3432 447 3494 midio,
468 3431 622 3499 Per.
662 3474 725 3482 -.
761 3451 1036 3498 numquam,
1059 3435 1164 3483 Rd.
1203 3447 1295 3482 non
1325 3447 1556 3494 unquam,
1587 3432 1838 3483 Richelet.
1881 3450 2126 3498 nunquam
2160 3448 2270 3496 non,
2304 3436 2441 3486 Pint.
2468 3444 2520 3485 et

277 3502 458 3552 Dalec.
500 3540 553 3549 ..
593 3501 853 3562 maculosa,
878 3503 982 3552 Rd.
1016 3498 1278 3560 maculoso,
1301 3500 1429 3550 Pab
1438 3514 1489 3562 g.
1534 3540 1597 3549 -.
1644 3508 1892 3562 cernatur,
1925 3502 2133 3552 Barbar.
2168 3503 2366 3552 R¹a¹d.
2414 3519 2518 3553 cer-

280 3576 478 3627 nantur,
510 3568 858 3630 R²Pa²bgo.
896 3609 958 3618 .-
997 3566 1113 3630 sele,
1136 3569 1195 3618 P.
1231 3608 1296 3617 ..-
1332 3566 1480 3627 ultra,
1507 3583 1607 3617 om.
1631 3568 1689 3616 P.
1717 3608 1780 3617 -.
1804 3567 1949 3630 iusta,
1975 3571 2074 3620 a²d
2085 3584 2134 3632 g.
2170 3567 2333 3630 iuxta,
2357 3572 2516 3621 RPb.

281 3633 421 3696 lucis,
447 3629 505 3684 Θ.
544 3675 607 3684 -
643 3633 784 3695 enim,
809 3651 910 3685 om.
933 3635 993 3685 Ρ.
1032 3675 1095 3684 -.
1131 3650 1226 3685 non
1249 3635 1444 3696 adesse,
1467 3635 1513 3684 P
1531 3637 1562 3684 ¹.
1616 3675 1679 3684 .-
1732 3634 1856 3697 eius,
1878 3653 1918 3686 r.
1956 3637 2052 3697 sui,
2073 3637 2251 3686 Dalec.
2301 3678 2363 3686 ...
2419 3646 2519 3687 tota

176 3762 183 3766 ,
278 3701 701 3767 contemplatione,
735 3703 851 3753 BP.
897 3711 1051 3751 totam
1082 3699 1542 3766 contemplationem,
1583 3704 1757 3766 abdg.
1806 3719 1936 3768 quae
1966 3720 2047 3754 res
2079 3704 2142 3753 in
2179 3744 2236 3752 -
2287 3703 2420 3754 mira
2459 3744 2512 3752 -

279 3768 488 3831 similis,
528 3770 708 3821 Dalec.
755 3810 817 3818 .-
870 3770 1270 3833 maynitudinum,
1310 3771 1428 3819 b2d.
1492 3768 1900 3836 maqnitudinem,
1933 3772 2148 3834 Rab¹g.
2202 3786 2367 3820 eorum
2417 3788 2520 3821 ma-

278 3837 594 3956 ynitudinussz,
616 3838 661 3888 P
669 3833 714 3900 β
722 3851 772 3901 r.
798 3878 861 3887 -
882 3838 1078 3898 iudices,
1101 3839 1161 3887 P.
1186 3834 1446 3900 (Robert.)
1471 3879 1535 3887 .-
1558 3837 1807 3899 exsistere,
1828 3840 2036 3888 Barbar.
2060 3839 2237 3901 Rabg
2260 3835 2521 3902 (Robert.)

283 3903 500 3966 extitere,
576 3907 624 3955 d.
2367 3930 2371 3937 ·

348 3974 379 4036 5
403 3976 484 4023 47.
522 3980 688 4022 terrae
721 3981 970 4035 terraque,
1005 3974 1053 4023 (1.
1098 3981 1375 4035 terraeque,
1406 3973 1511 4022 Ra.
1559 3980 1800 4036 terraque,
1831 3973 1932 4023 ΤΡ
1964 3968 2221 4035 (Robert.)
2260 4014 2322 4023 .,
2359 3973 2520 4034 lunae,

283 4053 385 4088 om.
409 4042 480 4089 a¹.
519 4081 582 4089 -.
620 4037 728 4101 hac,
752 4041 858 4090 Ra.
896 4037 990 4089 hac
1014 4054 1150 4101 vero,
1180 4040 1263 4090 Pr
1296 4036 1558 4101 (Robert.)
1585 4039 1760 4089 Omitt.
1785 4040 1889 4089 Td.
1927 4080 1990 4088 -.
2025 4040 2189 4101 obiici,
2211 4042 2271 4091 P.
2312 4081 2374 4089 ....
2410 4059 2521 4091 rur-

284 4122 484 4168 sumque
518 4104 678 4167 illius,
711 4108 861 4157 Rad.
907 4111 1185 4171 rursusque
1219 4100 1372 4168 illius,
1403 4106 1462 4156 Ρ.
1509 4122 1691 4165 rursus
1721 4105 1873 4167 illius,
1897 4108 1972 4156 Τ.
1999 4148 2061 4156 -.
2082 4109 2305 4174 fiyurae,
2328 4109 2418 4158 Ru
2457 4149 2521 4158 ..-

286 4172 411 4236 orbi,
449 4169 506 4223 8.
544 4215 608 4224 ...
647 4175 844 4238 quando
875 4190 1101 4225 mucrone
1131 4190 1278 4224 verso
1314 4190 1375 4224 ex
1406 4173 1642 4238 supremi,
1685 4189 1861 4238 margo
1893 4177 1956 4225 Β.
2006 4216 2069 4224 -
2116 4176 2273 4236 lunae,
2307 4192 2352 4225 a.
2387 4176 2522 4226 Voci

286 4241 514 4303 quoniam
560 4242 839 4306 praemittit
887 4244 936 4291 d.
990 4242 1179 4294 omitt.
1218 4235 1377 4293 RGP
1388 4257 1427 4290 r.
1485 4283 1547 4290 .-.
1603 4240 1927 4304 altitudinem,
1961 4242 2150 4295 Sabell.
2206 4241 2523 4302 latitudinem,

284 4307 612 4360 RTPadro.
2122 4375 2156 4410 a}
