2961 4861
408 335 492 397 90
1100 348 1509 395 NATnnAms
1552 347 1948 395 ms'romAE

406 511 587 576 rata,-
610 522 777 575 ossa,
822 500 1238 586 paronychia,
1283 499 1501 587 ignem
1544 522 1815 575 sacrum,
1855 499 2349 578 haemorroidas,
2377 500 2674 570 fistulas,

407 603 660 680 callum,
704 604 992 688 pusulae,
1040 602 1340 677 scabiem,
1385 601 1735 678 cicatrices,
1778 602 2062 679 infantis,
2104 601 2441 667 muliebria
2469 602 2676 676 vitia,

405 706 762 792 psilotrum,
809 703 1129 768 Venerem
1170 702 1607 778 inhibendam,
1665 702 1750 766 ad
1792 726 2036 779 vocem,
2089 713 2310 767 contra
2350 703 2670 788 lympha-

297 799 304 806 ’
408 808 631 872 tiones.
690 803 991 869 Summa:
1037 824 1142 866 res
1159 806 1211 844 ⁸⁹
1241 814 1308 866 et
1334 802 1638 866 historiae
1667 816 1733 867 et
1759 804 2237 870 observationes
2263 825 2561 867 nccccxv
2577 809 2666 868 ⁰⁰.

494 907 605 970 Ex
651 906 1159 969 AUCTORIBUS:
1220 903 1302 967 L.
1360 902 1618 980 Pisone,
1672 903 1964 981 Antiate,
2024 905 2277 983 Verrio,
2335 904 2432 969 M.
2478 905 2667 970 Var-

407 1029 593 1083 rone,
662 1004 961 1071 Cornelio
1023 1003 1274 1090 Nepote
1292 1009 1360 1081 ⁶¹,
1426 1004 1745 1082 Messala,
1810 1005 1986 1071 Rufo
2003 1010 2075 1084 ⁶⁹,
2151 1005 2377 1072 Marso
2440 1021 2667 1093 poeta,

405 1110 664 1176 Boccho
682 1112 752 1185 ⁶3,
798 1107 963 1172 Iulio
990 1105 1197 1172 Basso
1241 1108 1353 1191 qui
1397 1107 1477 1171 de
1521 1106 1838 1171 medicina
1870 1105 2125 1174 Graece
2154 1108 2434 1193 scripsit,
2480 1107 2667 1172 Sex-

409 1211 497 1277 tio
539 1209 743 1296 Nigro
787 1210 898 1294 qui
916 1213 965 1249 ⁰⁴
1009 1207 1182 1285 item,
1227 1206 1434 1272 Fabio
1454 1211 1505 1247 66
1545 1207 1833 1273 Vestale.

492 1311 898 1375 EXTERMS:
963 1309 1364 1386 Democrito,
1426 1306 1801 1374 Metrodoro
1859 1306 2127 1395 Scepsio
2143 1358 2160 1385 ,
2228 1308 2666 1374 Menaechmo

409 1414 520 1497 qui
563 1413 644 1478 de
690 1412 998 1478 toreutice
1043 1411 1321 1495 scripsit,
1364 1408 1737 1475 Xenocrate
1780 1412 1894 1494 qui
1934 1411 2112 1486 item,
2165 1409 2497 1498 Antigono
2542 1411 2662 1495 qui

408 1517 582 1591 item,
639 1513 892 1578 Duride
936 1513 1045 1596 qui
1088 1513 1264 1587 item,
1324 1509 1677 1577 Heliodoro
1735 1511 1847 1595 qui
1888 1510 2382 1577 Atheniensium
2400 1516 2452 1553 66
2502 1535 2662 1575 ana-

410 1615 691 1680 themata
707 1618 754 1656 ⁶⁷
815 1614 1099 1699 scripsit,
1167 1611 1450 1676 Pasitele
1509 1612 1620 1695 qui
1639 1614 1689 1651 66
1742 1611 2056 1675 mirabilia
2112 1634 2307 1697 opera
2375 1612 2658 1696 scripsit,

409 1716 674 1781 Timaeo
739 1717 849 1800 qui
915 1716 997 1780 de
1061 1714 1377 1779 medicina
1440 1713 1754 1777 metallica
1821 1713 2105 1798 scripsit,
2171 1712 2657 1799 Nymphodoro,

412 1819 567 1884 Iolla
583 1867 600 1895 ‚
659 1817 1084 1903 Apollodoro,
1145 1815 1415 1880 Andrea
1430 1818 1479 1854 69
1495 1862 1514 1890 ,
1572 1801 1919 1879 Heraclide
1935 1862 1952 1890 ‚
2006 1813 2329 1900 Diagora,
2384 1814 2654 1899 Botrye,

410 1918 801 1983 Archidemo
820 1921 896 1996 ⁷⁰,
951 1918 1269 2001 Dionysio
1287 1966 1305 1994 ‚
1365 1918 1789 2004 Aristogene‚
1857 1915 2200 1992 Democle,
2260 1916 2563 1982 Mneside
2583 1921 2654 1992 ⁷¹,

411 2019 782 2084 Xenocrate
826 2019 1122 2097 Zenonis,
1167 2018 1616 2083 Theomnesto.

818 2190 1119 2269 LIBRO
1172 2190 1484 2267 XXXV.
1543 2190 2256 2268 CONTINENTUR

414 2325 642 2392 Honos
670 2324 982 2411 picturae,
1013 2322 1213 2389 honos
1240 2322 1615 2408 imaginum.
1663 2321 1943 2405 Quando
1970 2323 2248 2409 primum
2278 2323 2465 2408 clipei
2491 2323 2652 2385 ima-

414 2429 598 2517 gines
622 2434 636 2470 ¹
667 2426 973 2505 instituti,
1019 2426 1275 2512 quando
1294 2428 1318 2468 ²
1343 2425 1622 2512 primum
1651 2426 1720 2490 in
1747 2426 2003 2512 publico
2031 2425 2259 2512 positi,
2305 2424 2558 2510 quando
2587 2424 2654 2487 in

416 2531 730 2597 domibus.
775 2531 881 2596 De
909 2531 1198 2617 picturae
1224 2528 1424 2593 initiis
1439 2532 1483 2592 3.
1530 2527 1635 2592 De
1664 2529 2195 2594 monochromatis
2218 2526 2505 2614 picturis,
2548 2526 2654 2591 De

417 2632 641 2717 primis
668 2631 1039 2717 pictoribus.
1103 2630 1484 2714 Antiquitas
1516 2630 1910 2716 picturarum
1938 2631 2005 2693 in
2033 2630 2237 2694 Italia.
2300 2628 2407 2694 De
2449 2628 2652 2714 picto-

490 2776 570 2819 59.
609 2787 709 2831 ree,
741 2771 845 2819 Ba.
900 2769 1187 2826 medicinae,
1221 2770 1446 2819 RTVd.
1528 2776 1608 2819 60.
1652 2765 2027 2829 DGGCGXV,
2061 2772 2164 2819 Ba.
2222 2764 2652 2826 DCGCGXXV‚

417 2838 643 2888 RTVd.
717 2843 797 2887 61.
842 2836 1064 2886 Cornelio
1087 2835 1285 2899 Nepote,
1309 2839 1369 2886 Β.
1398 2836 1574 2887 omitt.
1600 2839 1866 2888 RTVad.
1939 2843 2018 2887 62.
2055 2835 2206 2899 Rufi),
2229 2837 2450 2887 BRVa.
2477 2835 2652 2886 omitt.

419 2907 522 2956 Td.
596 2911 674 2955 63.
714 2902 892 2965 Bocco,
916 2906 976 2954 B.
1050 2910 1128 2953 64.
1167 2904 1263 2967 qui,
1288 2907 1348 2953 dc
1372 2918 1488 2953 meo
1514 2904 1713 2953 inserui.
1786 2911 1865 2954 65.
1901 2906 2075 2965 Faria,
2101 2907 2160 2954 B.
2195 2904 2368 2964 Furio,
2391 2904 2651 2953 RTVad.

420 2980 500 3023 66.
536 2972 911 3034 Atheniensium,
938 2974 999 3021 T.
1038 2969 1099 3019 de
1123 2969 1447 3031 mentensium,
1470 2972 1532 3022 B.
1572 2971 1633 3018 de
1655 2970 2026 3031 Atheniensium,
2059 2973 2268 3022 RVad.
2342 2975 2420 3021 67.
2459 2971 2652 3020 anathe-

418 3051 566 3102 mata,
590 3043 750 3092 BTd.
789 3039 1124 3100 anathematis,
1158 3041 1283 3090 RV.
1321 3040 1641 3100 anathemate,
1675 3057 1719 3089 a.
1793 3046 1872 3090 68.
1911 3041 2000 3103 qui
2030 3039 2104 3100 de,
2135 3041 2238 3089 Ba.
2320 3045 2399 3088 69.
2445 3038 2653 3096 Andria,

417 3111 477 3159 B.
569 3115 646 3160 70.
700 3107 1015 3170 Archidemo,
1058 3111 1104 3157 d.
1165 3106 1489 3169 Archedemo,
1530 3108 1713 3158 BRV.
1776 3105 2099 3167 Erchemedo‚
2142 3123 2186 3156 a.
2239 3104 2552 3166 Archimede,
2593 3106 2651 3153 T.

422 3182 499 3229 71.
536 3175 780 3238 Mneside,
803 3179 1064 3227 BRVad.
1098 3176 1349 3237 Mneside,
1375 3177 1421 3225 T
1447 3172 1540 3237 (ἲ).

482 3245 573 3295 Ad
596 3246 812 3295 indicem
834 3245 949 3293 libri
972 3244 1198 3293 XXXV.
1225 3244 1434 3293 adhibui
1456 3243 1784 3293 BRTVad.

490 3319 533 3360 l.
571 3312 819 3376 imaqines,
858 3312 905 3359 B
946 3309 1003 3370 (i.
1047 3325 1089 3359 e.
1131 3319 1202 3369 ut,
1243 3320 1505 3374 tamquam
1545 3307 1830 3372 imagines).
1868 3310 2151 3375 imayinnm‚
2176 3311 2441 3360 RTVad.
2475 3310 2655 3359 Delere

417 3378 581 3426 voluit
606 3378 713 3426 Ian.
786 3383 831 3426 2.
869 3386 911 3425 et
936 3376 1140 3440 quando,
1164 3377 1270 3425 Td.
1342 3385 1388 3427 3.
1421 3378 1630 3446 picturis
1662 3377 1824 3438 initiis,
1857 3381 1936 3427 αἳ.
1978 3378 2184 3442 picturis
2229 3377 2443 3435 institue,
2477 3378 2539 3425 R.
2583 3376 2655 3437 pi-

419 3445 563 3494 cturis
587 3445 821 3503 institutis,
845 3446 911 3493 V.
984 3449 1030 3491 4.
1068 3458 1128 3492 ex
1152 3444 1329 3502 cau-eia,
1352 3446 1510 3493 BV2.
1548 3446 1756 3506 escensis,
1778 3447 1887 3496 RV
1910 3447 1938 3493 ¹.
1976 3442 2205 3505 exclusis,
2230 3446 2436 3494 RTad.
2509 3450 2554 3492 5.
2583 3445 2655 3507 pi-

418 3519 538 3572 etas,
572 3512 799 3560 RTVd.
843 3510 976 3573 pict„
1007 3511 1068 3559 B.
1113 3510 1347 3572 picturae,
1381 3525 1426 3558 a.
1509 3516 1553 3558 6.
1600 3513 1943 3576 proposuerint,
1979 3514 2051 3562 ita
2080 3528 2178 3562 nos
2203 3512 2510 3574 scripsimus.
2544 3527 2654 3575 pro-

416 3578 612 3644 posuer,
636 3579 697 3629 B.
728 3585 1096 3643 proposuerunt,
1122 3577 1388 3627 RTVad.
1465 3580 1508 3627 7.
1547 3577 1761 3642 internis,
1784 3581 1846 3631 B.
1895 3581 2087 3630 Totum
2121 3582 2224 3629 hoc
2255 3581 2445 3628 lemma
2478 3594 2579 3627 om.
2611 3581 2653 3627 d.

421 3655 465 3697 8.
504 3647 584 3698 De
602 3648 855 3711 piymentis
884 3645 1176 3707 ...ficticii-s,
1208 3645 1269 3694 B.
1297 3644 1568 3695 Consentit
1610 3662 1666 3707 a,
1698 3649 1795 3697 nisi
1830 3650 1967 3710 quod
1986 3648 2228 3711 factiticis
2262 3649 2431 3696 habet.
2477 3648 2556 3696 De
2584 3648 2656 3710 pi-

416 3716 617 3781 9mentis
644 3722 846 3781 praeter
870 3713 929 3763 de
951 3712 1202 3777 piymentis
1220 3721 1426 3776 praeter
1447 3712 1711 3775 metallica,
1749 3713 1809 3763 de
1843 3713 2080 3765 coloribus
2114 3716 2304 3773 nativis,
2342 3712 2401 3764 de
2423 3711 2655 3763 coloribus

408 3783 623 3846 facticie,
647 3784 711 3833 R.
750 3783 829 3832 De
849 3779 1095 3846 piymentis
1115 3789 1312 3843 praeter
1336 3778 1396 3828 de
1414 3781 1681 3845 piymentis,
1705 3785 1771 3832 V.
1808 3781 1890 3832 De
1912 3781 2150 3833 coloribus
2173 3781 2365 3832 nativis
2390 3791 2435 3832 et
2457 3782 2516 3832 de
2539 3778 2656 3830 colo-

422 3851 557 3900 ribus
576 3848 813 3912 factitiis
839 3857 884 3896 et
907 3847 965 3897 de
984 3844 1253 3911 piymentis.
1287 3845 1559 3898 Praeterea
1584 3844 1815 3914 (praeter,
1840 3849 1897 3913 d)
1924 3850 1983 3900 de
2005 3851 2257 3917 pigmentis
2282 3858 2327 3898 et
2345 3859 2548 3912 praeter
2570 3866 2655 3897 me·

421 3915 611 3977 tallica,
659 3918 764 3967 Td.
847 3913 929 3962 De
987 3913 1247 3964 coloribus.
1318 3915 1398 3964 De
1442 3917 1700 3981 piqmentis
1755 3918 1939 3968 nativis
1985 3928 2030 3967 et
2060 3917 2274 3980 ficticiis
2318 3926 2515 3982 praeter
2571 3933 2655 3964 me-

422 3984 613 4045 tallica,
641 3986 748 4035 Ian.
811 3989 856 4031 9.
895 3981 1140 4033 medicina
1166 4025 1226 4032 -.
1253 3983 1301 4044 Ι,
1326 4001 1371 4033 a.
1436 3992 1512 4033 10.
1550 3985 1631 4035 De
1657 3984 1860 4036 rubrica
1882 4027 1942 4034 .-
1961 3984 2171 4037 Eretria
2195 3995 2344 4045 terra,
2369 3981 2490 4034 med.
2519 3999 2578 4033 ex
2601 4000 2657 4032 ea

2569 4078 2660 4115 ‘slyr'

437 4116 517 4167 VI
554 4133 654 4167 om.
680 4135 725 4167 a.
800 4125 875 4167 ll.
911 4116 1058 4180 IIII,
1082 4121 1143 4169 B.
1178 4119 1282 4179 IX,
1307 4122 1466 4172 RTd.
1507 4120 1614 4182 XI,
1639 4120 1704 4171 V.
1781 4128 1857 4170 12.
1902 4121 1982 4170 De
2017 4120 2292 4187 Aeyyptia,
2334 4122 2394 4171 T.
2448 4122 2529 4171 De
2567 4120 2658 4177 cia,

425 4190 470 4236 d.
508 4185 682 4245 Decia,
718 4186 841 4235 RV.
880 4186 959 4237 De
991 4184 1123 4246 chia,
1156 4188 1217 4238 B.
1293 4194 1369 4237 13.
1415 4187 1688 4238 medicinae
1716 4231 1774 4237 -
1803 4187 1921 4249 ΙΙΙ,
1959 4189 2017 4237 Β.
2055 4188 2323 4238 medicinae
2358 4204 2419 4237 esc
2455 4186 2660 4238 rubricis

427 4252 542 4313 ΙΙΙ,
569 4253 730 4302 R'rd.
769 4251 1056 4315 medicinae,
1081 4256 1146 4304 V.
1224 4261 1300 4304 14.
1338 4256 1616 4305 Numerum
1644 4272 1744 4305 om.
1771 4258 1830 4307 B.
1906 4262 1982 4305 15.
2020 4255 2256 4320 Erepria,
2281 4257 2341 4306 B.
2420 4263 2495 4306 16.
2533 4252 2658 4304 Seri-

430 4338 547 4381 rum,
574 4322 631 4369 B.
709 4326 784 4371 17.
824 4321 1076 4380 medicina,
1102 4338 1145 4371 a.
1223 4328 1298 4372 ls.
1337 4320 1452 4382 ΙΙΙ,
1480 4325 1599 4374 RV.
1639 4323 1742 4383 IV,
1769 4325 1870 4373 Td.
1909 4322 1957 4383 1,
1993 4341 2036 4373 a.
2075 4325 2186 4374 Om.
2213 4326 2274 4374 B.
2351 4330 2426 4373 19.
2489 4322 2656 4372 Viride
