2961 4861
1194 362 1625 409 PRAEFATIO.
2495 350 2536 413 3

300 534 518 578 omnes
572 534 765 595 quam
818 535 902 578 ex
955 534 1160 596 aequo
1217 523 1432 578 tecum
1476 515 1652 578 vivat
1692 514 2031 600 inperium.
2105 514 2535 602 Triumphalis
2563 536 2593 578 3

300 632 364 687 et
418 622 744 687 censorius
801 631 872 686 tu
925 622 1306 706 sexiensque
1362 624 1586 689 consul
1640 646 1716 689 ac
1772 624 2147 690 tribuniciae
2199 626 2535 709 potestatis

296 732 621 819 particeps
667 742 752 809 et,
800 731 973 814 quod
1014 730 1114 795 his
1156 731 1433 797 nobilius
1477 733 1690 797 fecisti
1719 733 1875 798 dum
1913 733 2072 798 illud
2102 734 2271 819 patri
2298 735 2538 819 pariter

301 852 368 907 et
411 841 693 924 equestri
736 839 943 904 ordini
984 849 1295 926 praestas,
1352 840 1720 926 praefectus
1762 830 2042 926 praetori
2087 843 2245 921 eius,
2291 842 2536 908 omnia-

298 972 425 1034 que
477 950 637 1015 haec
679 949 775 1014 rei
815 948 1142 1035 publicae,
1200 959 1266 1014 et
1306 949 1491 1015 nobis
1536 950 1797 1033 quidem
1850 952 2054 1035 qualis
2107 952 2176 1015 in
2229 954 2538 1018 castrensi

298 1100 563 1152 tamquam
584 1090 795 1139 vindicis
819 1089 897 1138 sui
920 1090 1367 1138 commemorandi.
1405 1087 1542 1148 Quia
1562 1104 1681 1138 vero
1706 1091 1881 1140 Titum
1901 1088 2002 1153 (tu)
2026 1090 2232 1141 Catullo
2258 1101 2537 1155 comparat,

297 1174 367 1208 ex
402 1159 544 1207 cuius
579 1156 883 1206 carminibus
917 1156 1008 1205 illa
1037 1157 1191 1205 verba
1223 1163 1341 1205 sunt
1373 1165 1593 1219 sumpta,
1628 1158 1803 1206 Titum
1826 1159 1980 1207 etiam
2007 1160 2184 1208 eadem
2214 1161 2412 1209 ratione
2436 1175 2539 1223 qua

298 1225 563 1276 Catullum
596 1239 748 1287 agere
782 1231 927 1286 optat
950 1230 1014 1283 et,
1051 1225 1171 1272 dum
1205 1223 1326 1285 quid
1348 1222 1583 1273 Catullus
1619 1225 1893 1286 aliquando
1916 1225 2090 1274 fecerit
2112 1234 2326 1288 enarrat,
2361 1226 2538 1277 Titum

297 1293 397 1344 sibi
429 1294 566 1342 idem
597 1291 850 1341 facturum
885 1304 992 1340 esse
1025 1298 1325 1352 auguratur3
1370 1291 1492 1340 Tito
1526 1292 1681 1353 igitur
1712 1300 1879 1354 partes
1914 1292 2106 1343 Catulli
2138 1295 2357 1357 imponit
2388 1302 2536 1355 tecte,

296 1375 409 1410 non
443 1360 640 1409 disertis
673 1359 851 1419 verbis,
887 1365 937 1406 et
970 1360 1090 1406 dum
1114 1356 1305 1407 Catulli
1338 1358 1639 1407 auctoritate
1674 1374 1726 1408 se
1759 1361 1912 1408 tutari
1946 1375 2068 1424 prae
2100 1375 2154 1410 se
2186 1359 2299 1423 fert,
2334 1363 2537 1426 proprie

297 1429 480 1478 Titum
502 1427 765 1489 significat.
809 1425 1012 1475 Alludit
1032 1439 1151 1472 vero
1175 1425 1374 1474 Plinius
1398 1426 1463 1474 ad
1488 1425 1678 1475 Catulli
1702 1441 1904 1476 carmen
1926 1428 2067 1488 XII„
2104 1443 2206 1491 quo
2241 1438 2395 1492 poeta
2415 1431 2535 1479 Asi-

297 1496 445 1545 ffium
468 1502 527 1544 ut
553 1502 887 1556 surreptorem
904 1492 1047 1541 lintei
1068 1492 1269 1542 Saetabi
1295 1493 1597 1541 aVerannio
1619 1501 1669 1542 et
1685 1495 1905 1544 Fabullo
1930 1496 2025 1544 sibi
2041 1496 2183 1545 missi
2205 1498 2536 1559 persequitur,

298 1563 443 1626 quod
464 1561 657 1610 furtum
678 1576 743 1609 ne
766 1576 882 1609 cum
905 1560 1057 1608 simili
1079 1559 1219 1608 furto
1244 1560 1464 1609 carmine
1474 1561 1648 1609 XXV.
1675 1563 1933 1623 exagitato
1960 1562 2315 1624 confundatur,
2338 1565 2536 1613 Plinius

288 1628 563 1693 prioribus
586 1629 751 1689 addit3
795 1628 967 1690 priora
999 1634 1170 1675 autem
1203 1626 1422 1676 Saetaba
1452 1641 1619 1689 neque
1652 1629 1812 1676 altera
1844 1632 2277 1691 commemoravit,
2312 1639 2363 1680 et
2396 1634 2539 1694 quod

294 1699 349 1746 in
370 1697 432 1745 iis
456 1698 612 1745 modo
636 1695 882 1744 Verannii
914 1702 966 1743 et
986 1694 1192 1743 Fabulli
1214 1695 1647 1742 commemorandi
1671 1696 1993 1744 occasionem
2016 1697 2194 1746 habuit
2229 1706 2279 1745 et
2305 1701 2444 1759 quod
2465 1700 2538 1747 ita

294 1766 453 1813 modo
480 1763 601 1812 Tito
629 1770 863 1824 optatum
886 1775 1035 1809 suum
1059 1762 1413 1808 commendare
1435 1760 1621 1822 potuit.
1670 1760 1880 1823 Optavit
1902 1763 2108 1822 scilicet,
2135 1770 2192 1811 ut
2215 1764 2361 1813 Titus
2384 1766 2535 1814 bene-

292 1830 575 1880 volentiam
598 1831 703 1877 iam
724 1836 876 1877 antea
898 1827 993 1876 sibi
1016 1827 1310 1888 praestitam
1333 1827 1625 1875 etiamnunc
1646 1835 1923 1890 praestaret
1955 1836 2005 1877 et
2028 1830 2340 1880 adversarios
2363 1832 2534 1893 Plinii,

294 1913 426 1962 quos
462 1898 550 1946 hic
580 1898 686 1944 iam
719 1898 780 1945 de
806 1895 918 1943 aliis
943 1895 1046 1943 suis
1070 1893 1267 1955 scriptis
1289 1901 1468 1942 nactus
1492 1902 1599 1943 erat
1623 1892 1694 1955 (v.
1721 1893 1749 1953 ξ
1777 1893 2037 1957 28-32.),
2074 1899 2249 1946 eadem
2273 1899 2535 1948 severitate

292 1982 325 2019 a
357 1980 413 2015 se
449 1971 642 2013 arceret
676 1976 954 2022 eorumque
978 1961 1258 2020 calumniis,
1294 1976 1419 2022 quas
1442 1975 1532 2010 eos
1556 1975 1728 2010 coram
1752 1963 1871 2010 Tito
1895 1963 2183 2024 prolaturos
2218 1978 2326 2013 esse
2355 1966 2533 2028 opina»

291 2034 457 2092 batur,
495 2032 708 2079 eandem
742 2029 976 2077 duritiem
1012 2035 1308 2090 opponeret,
1345 2042 1500 2090 quam
1524 2027 1757 2077 Catullus
1791 2030 2041 2091 prioribus
2075 2031 2304 2081 Saetabis
2339 2034 2433 2082 sibi
2467 2034 2532 2082 ab

289 2100 480 2149 Asinio
505 2097 715 2146 sublatis
737 2095 839 2144 furi
861 2102 1183 2158 opposuerat.
1231 2096 1378 2144 Titus
1401 2096 1557 2156 igit-ur
1578 2096 1694 2144 cum
1718 2106 2056 2159 componatur
2078 2098 2300 2159 Catu110‚
2334 2101 2531 2151 Plinius

290 2165 555 2215 Verannio
590 2170 642 2212 et
672 2163 910 2222 Fabullo,
942 2162 1187 2210 naturalis
1221 2162 1435 2211 historia
1466 2171 1789 2225 comparatur
1809 2164 1967 2213 linteo
1992 2165 2230 2225 SaetabO,
2265 2181 2395 2229 quae
2418 2183 2530 2216 mo-

291 2235 454 2283 destia
477 2233 617 2281 haud
638 2231 743 2280 scio
768 2245 836 2279 an
856 2229 1015 2278 nimia
1037 2236 1307 2278 excusatur
1329 2237 1516 2291 tamen,
1549 2231 1592 2280 si
1612 2233 1937 2280 recordamur
1957 2234 2242 2294 verborum,
2278 2249 2408 2296 quae
2432 2235 2529 2285 Ca·

289 2302 452 2350 tullus
478 2299 514 2348 l.
532 2299 568 2347 1.
593 2300 658 2347 ad
680 2298 995 2361 probandam
1017 2312 1164 2345 suam
1184 2297 1495 2346 iracundiam
1521 2313 1628 2346 non
1656 2299 1824 2347 minus
1841 2300 2051 2348 nimiam
2074 2302 2313 2363 apposuit
2330 2300 2530 2365 („quod

288 2383 371 2417 me
405 2381 518 2416 non
549 2373 721 2414 movet
754 2365 1129 2424 aestimatione,
1162 2372 1339 2412 verum
1372 2372 1448 2414 est
1480 2380 1854 2429 mnemosynon
1887 2367 1986 2415 mei
2019 2365 2285 2430 sodalis.'’)
2332 2369 2530 2429 Quodsi

290 2435 544 2495 Catullus,
577 2436 707 2483 haec
728 2434 832 2482 iam
856 2440 932 2481 est
953 2432 1225 2481 iustissima
1246 2433 1402 2482 Plinii
1425 2434 1815 2495 argumentatiO,
1859 2435 2018 2483 linteo
2045 2435 2264 2485 Saetabo
2289 2452 2320 2484 a
2342 2439 2528 2487 sodali-

289 2504 382 2553 bus
405 2502 566 2553 misso
590 2508 789 2550 tantum
811 2501 1027 2563 pretium
1050 2500 1239 2560 tribuit,
1273 2500 1420 2552 Titus
1443 2508 1577 2549 certe
1598 2515 1705 2548 non
1727 2501 1895 2551 minus
1918 2502 2104 2551 tribuet
2125 2504 2343 2553 naturali
2365 2505 2528 2554 histo-

288 2572 391 2620 riae
415 2586 450 2619 a
474 2569 644 2618 Plinio
670 2568 834 2618 sodali
865 2568 960 2617 sibi
983 2567 1181 2615 missae.
1229 2566 1462 2616 Catullus
1484 2582 1606 2616 vero
1632 2582 1692 2616 ea
1714 2570 1776 2617 de
1800 2583 1952 2617 causa
1974 2577 2081 2618 tam
2104 2572 2450 2621 duriusculum
2473 2588 2528 2623 se

288 2639 342 2686 in
362 2639 461 2687 illo
488 2637 708 2685 carmine
728 2635 865 2694 fecit,
901 2649 1055 2696 quam
1079 2634 1423 2683 duriusculum
1447 2650 1501 2684 se
1524 2649 1634 2684 esse
1657 2635 1721 2683 ab
1744 2635 1919 2684 amicis
1944 2637 2219 2691 existimari
2244 2635 2301 2700 (i.
2327 2653 2370 2687 e.
2395 2640 2525 2689 iudi-

290 2707 408 2766 cari,
445 2703 566 2752 coll.
591 2704 753 2766 intpp.
791 2704 855 2751 ad
886 2702 998 2751 Liv.
1034 2707 1115 2762 34,
1141 2698 1216 2762 2.)
1249 2702 1437 2762 voluit,
1472 2702 1507 2751 i.
1533 2716 1576 2751 e.
1602 2701 1834 2752 Catullus
1856 2703 1994 2753 furto
2018 2704 2110 2752 illo
2135 2706 2292 2767 priori
2325 2708 2523 2757 detecto

288 2780 492 2822 tantum
524 2772 628 2820 irae
661 2777 814 2832 atque
845 2769 1209 2831 indignationis
1241 2770 1489 2832 prodidit,
1526 2778 1770 2832 quantum
1804 2772 1900 2820 sibi
1933 2774 1998 2822 ab
2029 2773 2204 2822 amicis
2228 2774 2332 2823 suis
2355 2776 2523 2836 tribui,

290 2847 540 2902 quantum
561 2839 665 2887 irae
685 2838 739 2886 in
763 2851 816 2886 se
839 2851 947 2886 esse
970 2837 1161 2886 amicos
1186 2852 1306 2886 suos
1328 2838 1550 2886 iudicare
1571 2838 1760 2900 voluit;
1804 2840 1970 2888 voluit
1991 2848 2177 2899 autem,
2217 2841 2294 2889 uti
2316 2856 2408 2903 par
2431 2850 2523 2903 est,

289 2908 484 2956 amicos
514 2920 637 2955 suos
670 2920 922 2954 summam
953 2905 1080 2953 iram
1112 2904 1208 2953 sibi
1239 2905 1471 2965 tribuere,
1507 2911 1565 2953 ut
1598 2907 1686 2967 qui
1702 2906 1790 2954 *ita
1811 2908 1949 2955 dono
1975 2922 2069 2956 suo
2094 2923 2126 2956 a
2149 2907 2356 2958 Catullo
2386 2924 2521 2958 sum-

289 2990 432 3023 mum
466 2973 683 3035 pretium
713 2972 866 3021 tribui
896 2972 1136 3020 viderent.
1181 2973 1325 3021 Idem
1345 2974 1501 3035 igitur
1523 2973 1587 3021 ab
1610 2974 1832 3021 amicitia
1854 2972 1960 3022 Titi
1991 2974 2086 3022 sibi
2108 2976 2364 3037 praestari'
2385 2977 2524 3039 cupit

288 3041 505 3090 Plinius.
558 3039 794 3090 Ceterum
826 3055 958 3088 unus
992 3040 1079 3101 qui
1112 3040 1265 3088 huius
1295 3040 1400 3087 loci
1421 3040 1525 3087 vim
1561 3046 1611 3087 et
1634 3040 1934 3088 sententiam
1956 3040 2138 3088 melius
2163 3042 2339 3090 ceteris
2369 3043 2522 3092 inter-

290 3108 515 3171 pretibus
537 3107 777 3156 divinavit
796 3108 1085 3166 Dux-andum
1109 3108 1282 3169 paucis
1306 3108 1434 3154 veris
1455 3106 1620 3153 multa
1641 3105 1773 3153 falsa
1795 3107 2076 3154 admiscuit.

357 3174 386 3235 ἓ
414 3181 461 3224 2.
498 3172 650 3223 simul
672 3174 727 3222 in
751 3172 864 3235 hac,
898 3190 949 3240 η.
977 3213 1036 3222 ..
1068 3170 1306 3234 quadam,
1337 3174 1397 3222 P.
1420 3173 1566 3221 Haec
1586 3178 1722 3219 recte
1744 3172 1848 3219 inte
1908 3180 2099 3221 retatus
2132 3181 2208 3223 est
2227 3175 2522 3225 Pellicerius

288 3258 370 3305 ap.
393 3243 732 3292 Harduinum.
750 3281 805 3289 -.
824 3250 991 3300 astra,
1015 3234 1062 3287 λ.
1088 3237 1258 3298 hasta,
1282 3240 1342 3288 P.
1362 3277 1416 3285 -
1432 3245 1631 3298 exeant,
1658 3239 1842 3288 '1'de
1903 3234 2013 3305 ηλι·
2031 3238 2310 3303 (Murbac.)
2334 3257 2521 3304 esi-eam,

194 3315 203 3318 ”
286 3311 526 3360 Perottus
546 3312 614 3360 Κ.
641 3317 805 3369 exeat,
837 3303 894 3368 β,
925 3308 1063 3368 quod
1085 3307 1233 3354 unice
1256 3307 1438 3365 probat
1461 3305 1871 3356 Schneidewinus
1894 3307 1949 3356 in
1980 3309 2169 3357 nuntiis
2202 3310 2353 3359 litter.
2392 3310 2521 3360 Got-

287 3378 415 3438 ting.
443 3371 592 3427 1‘849.
615 3392 666 3439 p.
696 3378 843 3425 1817.
884 3374 1017 3423 Vide
1033 3374 1260 3422 Iuvenal.
1287 3379 1333 3434 2,
1364 3378 1474 3422 136.
1501 3380 1557 3422 ut
1581 3380 1738 3423 tecum
1763 3372 1816 3421 in
1840 3382 1963 3423 aeta
1988 3384 2149 3438 exeat,
2175 3376 2383 3427 Crusius
2400 3393 2519 3441 pro-

286 3444 442 3493 babil.
467 3444 574 3491 crit.
602 3448 649 3491 6.
678 3481 732 3489 .-
761 3440 947 3501 sciant,
972 3441 1034 3490 T.

358 3507 389 3567 ἓ
410 3516 462 3557 θ.
495 3506 844 3570 Triumphalis
870 3510 1059 3557 omisso
1079 3515 1142 3568 et,
1161 3502 1295 3558 abd.
1329 3505 1679 3572 Triumphalis
1697 3524 1766 3571 ee,
1784 3511 1959 3559 Escor.
1983 3511 2053 3561 12.
2071 3512 2142 3562 H.
2174 3510 2517 3576 Triumphale,

288 3571 386 3626 ΡΔ
399 3590 433 3640 η
446 3570 475 3623 λ
490 3572 691 3637 (Escor.
714 3571 884 3636 1¹.)...
900 3573 1160 3623 censorius
1181 3582 1233 3623 tu
1252 3576 1533 3639 sexiesque,
1555 3578 1833 3628 Rhenanus
1856 3580 1947 3627 ad.
1973 3594 2151 3626 censor
2169 3579 2336 3628 iustus
2356 3580 2519 3628 est-ies-

290 3656 413 3705 que‚
447 3643 677 3692 Murbac.
715 3657 894 3689 censor
918 3641 1083 3690 iustus
1108 3658 1170 3690 ex
1194 3643 1392 3705 eisque,
1426 3645 1476 3693 b.
1503 3644 1784 3693 censorium
1820 3644 1902 3693 ius
1928 3660 1989 3692 ex
2025 3647 2100 3694 eis
2127 3662 2282 3708 quae,
2315 3648 2376 3697 P.
2403 3663 2516 3695 cen-

288 3709 480 3758 sorium
516 3709 599 3759 ius
635 3708 886 3771 cereisque,
921 3704 1068 3775 Δηλ.
1111 3709 1339 3758 censorio
1366 3750 1425 3759 ....
1455 3702 1658 3761 consule
1686 3752 1743 3760 -
1768 3712 2056 3775 participe,
2098 3713 2314 3763 Salmas.
2350 3729 2515 3764 exerc.

280 3791 338 3839 p.
367 3783 482 3827 843.
509 3793 555 3826 a.
580 3778 642 3826 Ε.
689 3777 751 3826 Id
774 3778 958 3839 partim
982 3780 1281 3840 comprobat
1301 3779 1476 3827 Escor.
1501 3780 1570 3830 1¹.
1607 3788 1912 3842 sextumque,
1937 3782 2003 3830 K.
2044 3796 2311 3843 est-easque,
2335 3783 2515 3832 Perot-

286 3852 385 3893 tus.
423 3844 798 3907 septimumque‚
833 3852 978 3893 vetus
1013 3845 1269 3895 Chalderii
1302 3861 1383 3908 ap.
1407 3848 1886 3910 Dalecampium.-
1912 3847 2237 3910 tribuniciae,
2262 3851 2392 3899 abd.
2421 3849 2515 3897 tri-

290 3910 504 3973 bunicie,
563 3906 609 3961 λ.
637 3910 958 3973 tribunitiae,
979 3914 1039 3962 P.
1066 3909 1416 3973 tribunitie,A.
1436 3954 1489 3962 -
1509 3922 1558 3963 et
1584 3912 1720 3978 quod
1743 3912 1814 3975 id,
1838 3910 1941 3964 Ρλ.
1959 3954 2014 3962 -.
2032 3913 2102 3975 id,
2115 3917 2175 3965 P.
2192 3957 2246 3964 -
2258 3912 2512 3980 ρατεν,λ’.

281 3978 473 4040 patrie,
507 3928 582 4027 2².
598 4018 656 4027 -
674 3977 869 4040 ordine,
893 3980 1025 4028 P.-
1037 3980 1306 4043 praetorii,
1332 3977 1616 4031 adePA
1631 3975 1753 4045 ηλῐ.
1785 3982 2065 4044 praetorio,
2090 3977 2204 4044 λῖβ.
2233 4022 2293 4031 ..-
2322 3985 2513 4038 omnia-

291 4060 435 4106 quae,
447 4062 492 4095 a.
514 4086 569 4094 .-
585 4045 917 4109 reipublicae,
941 4048 1074 4096 de
1087 4042 1128 4094 Δ
1141 4041 1233 4111 ηλ.
1260 4047 1338 4096 rei
1349 4056 1576 4110 praeest,
1596 4045 1917 4110 a(Murbac.)
1938 4050 2017 4098 rei
2029 4048 2285 4113 publicae,
2295 4052 2513 4113 praebes

290 4118 336 4158 te
361 4113 504 4161 nobis
531 4111 730 4175 quidem
756 4111 970 4182 quakem,
1003 4115 1284 4164 Rhenanus
1307 4128 1552 4178 perquam
1575 4116 1928 4179 probabiliter,
1964 4131 2079 4165 cum
2103 4132 2193 4180 per
2216 4119 2513 4181 scripturam

288 4179 547 4242 vulgatam
571 4187 712 4230 totus
731 4182 816 4230 hic
838 4183 984 4231 locus
1007 4181 1113 4231 fere
1138 4183 1281 4231 omni
1306 4184 1681 4233 constructione
1705 4190 1886 4232 careat.
1922 4184 2092 4233 Aliter
2114 4186 2243 4234 haec
2266 4187 2511 4249 interpre-

290 4252 422 4295 tatur
444 4256 495 4297 et
516 4249 832 4311 interpungit
853 4250 1008 4298 Ianus
1029 4250 1083 4297 in
1107 4250 1269 4299 diurn.
1295 4251 1451 4313 antiq.
1483 4256 1629 4301 1849.
1654 4268 1729 4301 nr.
1758 4254 1836 4301 57.
1862 4267 1912 4315 p.
1949 4258 2065 4303 453.
2084 4293 2137 4301 .-
2160 4248 2509 4319 qualis,P⁷71L

294 4312 445 4375 qual„
466 4311 526 4363 Δ.
553 4313 714 4378 quali,
738 4318 787 4365 b.
814 4313 1094 4379 (Murbac.)
1121 4313 1289 4380 quale,
1313 4318 1419 4372 Td.

2102 4391 2130 4419 ,ιι

2311 4459 2428 4532 f
2475 4457 2482 4460 Α
