2961 4861
382 374 388 386 ,
439 347 644 389 vam
937 395 943 403 ,
1369 343 1748 386 rums-Ano.

440 500 731 575 prioribus
781 496 1152 574 potissimum
1201 498 1444 575 triginta
1495 515 1629 556 cum
1677 496 1866 574 primo
1906 495 2075 554 libris
2115 513 2293 572 saepe
2333 496 2480 554 nihil
2521 497 2697 557 aliud

439 609 576 667 mihi
613 607 945 668 faciendum
981 607 1204 686 putavi,
1241 608 1357 666 nisi
1392 616 1462 665 ut
1499 606 1937 665 difficultatibus
1975 605 2090 663 loci
2130 604 2382 681 pessime
2425 610 2700 683 corrupti

437 719 706 777 indicatis
736 719 956 777 vulnus
987 717 1336 793 detegerem,
1366 717 1440 774 de
1468 734 1539 774 eo
1566 734 1676 792 per
1705 733 1801 773 me
1829 716 2091 774 sanando
2119 715 2461 790 desperans.
2514 715 2700 775 Hanc

437 830 514 888 ad
553 828 898 887 modestiam
933 826 996 884 in
1035 825 1234 885 Plinio
1290 843 1523 900 quoque
1561 824 1760 901 magni
1794 824 2031 883 Ioannis
2073 824 2359 883 Friderici
2398 823 2700 885 Gronovii

439 938 709 1013 exemplo
738 935 1203 994 commendatam
1243 935 1394 994 tales
1436 935 1688 1006 codices,
1718 933 1923 1011 quales
1955 939 2094 993 sunt
2127 933 2591 1009 Bambergensis
2629 936 2698 993 in

436 1045 619 1104 Plinii
648 1046 815 1104 libris
843 1045 1119 1103 extremis
1153 1053 1213 1103 et
1236 1042 1693 1119 Bambergensis
1721 1044 1786 1102 in
1808 1042 1964 1103 Livii
1994 1043 2142 1103 libro
2173 1043 2471 1120 trigesimo
2497 1043 2695 1116 tertio,

440 1155 536 1215 vel
559 1153 977 1213 audacissimos
1000 1153 1226 1213 criticos
1260 1154 1506 1213 invitent
1539 1170 1775 1211 necesse
1804 1161 1913 1224 est,
1940 1170 2117 1228 quam
2149 1169 2261 1228 ego
2285 1153 2350 1210 in
2379 1153 2696 1229 permultis

438 1266 586 1324 locis
608 1265 862 1324 maxime
886 1263 1126 1341 triginta
1145 1264 1411 1339 priorum
1439 1262 1723 1321 librorum
1743 1270 1988 1321 eatenus
2011 1279 2145 1319 sum
2166 1267 2423 1334 secutus,
2447 1269 2516 1321 ut
2534 1280 2698 1321 nunc

440 1393 627 1451 paene
666 1373 987 1451 poeniteat,
1044 1391 1176 1430 cum
1216 1372 1340 1429 sine
1380 1371 1558 1429 dubio
1598 1371 1772 1430 etiam
1810 1372 1885 1430 de
1923 1371 2122 1429 multis
2164 1373 2378 1430 horum
2406 1370 2698 1431 librorum

441 1484 585 1544 locis
615 1481 982 1543 coniecturae
1016 1482 1136 1540 sint
1176 1482 1463 1558 prolatae,
1504 1498 1652 1555 quas
1681 1483 1858 1539 modo
1886 1499 1957 1539 ea
1983 1481 2056 1539 de
2085 1498 2263 1539 causa
2288 1481 2550 1556 recipere
2580 1482 2696 1539 du-

439 1594 647 1665 bitavi,
687 1592 825 1668 quia
852 1592 1040 1650 codex
1070 1591 1258 1667 qualis
1294 1599 1387 1649 est
1407 1576 1862 1665 Bambergensis
1890 1608 2008 1649 non
2036 1591 2260 1661 aderat,
2301 1590 2403 1665 qui
2427 1590 2499 1648 iis
2525 1598 2698 1667 post-

439 1703 644 1762 liminii
669 1703 797 1761 iure
825 1701 1373 1773 succenturiaretur,
1399 1700 1579 1775 quod,
1602 1707 1671 1758 ut
1690 1717 1875 1757 unum
1897 1707 2051 1758 certe
2072 1698 2408 1775 exemplum
2431 1698 2699 1772 afferam,

441 1814 502 1871 in
545 1813 743 1873 verbis
779 1813 983 1889 thynni
1016 1813 1174 1870 iecur
1209 1804 1316 1880 32,
1358 1804 1461 1869 76.
1508 1808 1761 1869 Reinesii
1789 1809 2156 1867 coniecturae
2199 1808 2430 1868 accidit.
2473 1806 2698 1868 Paucis

442 1924 505 1980 in
533 1921 703 1991 locis,
734 1937 881 1994 quos
911 1937 1112 1977 omnes
1138 1919 1202 1977 in
1228 1918 1417 1977 indice
1445 1919 1669 1989 critico,
1698 1918 1772 1975 de
1794 1936 1913 1992 quo
1934 1916 2091 1975 infra
2110 1917 2320 1990 dicam,
2346 1918 2700 1993 significavi,

446 2049 582 2089 cum
610 2030 673 2086 in
701 2028 971 2086 omnibus
1002 2027 1297 2086 codicibus
1321 2027 1583 2102 corrupti
1608 2034 1836 2099 essent,
1880 2028 2242 2086 coniecturas
2281 2026 2545 2086 virorum
2587 2028 2703 2085 do-

450 2148 675 2198 ctorum
696 2137 910 2213 recepi,
926 2156 1045 2196 non
1060 2137 1217 2210 quod
1240 2155 1346 2212 per
1372 2154 1473 2194 eas
1487 2137 1683 2195 locum
1704 2146 1979 2195 sanatum
2005 2146 2298 2215 putarem,
2321 2137 2427 2196 sed
2446 2143 2517 2195 ut
2537 2144 2701 2196 certe

452 2249 610 2325 quod
638 2247 760 2323 legi
786 2253 989 2324 posset
1016 2254 1275 2305 exstaret
1285 2263 1303 2316 3
1335 2246 1469 2306 vide
1498 2256 1762 2322 suqentes
1790 2242 1895 2320 32,
1929 2243 2073 2306 124.
2120 2247 2384 2306 Maxime
2411 2264 2590 2318 vero,
2633 2253 2705 2306 ut

449 2359 528 2418 ad
554 2375 680 2416 rem
707 2358 965 2428 redeam,
995 2355 1306 2415 discrimen
1332 2356 1482 2414 illud
1510 2356 1661 2415 inter
1696 2357 2054 2425 necessarias
2082 2366 2141 2415 et
2178 2357 2517 2415 temerarias
2554 2374 2705 2414 con·

451 2471 706 2527 iecturas
756 2477 883 2527 tum
932 2468 1355 2526 advertendum
1385 2476 1530 2539 erat,
1575 2467 1677 2525 ubi
1714 2485 1833 2526 non
1868 2468 1943 2525 de
1970 2485 2257 2541 sermone,
2291 2469 2394 2526 sed
2421 2468 2494 2526 de
2521 2469 2704 2526 rebus

454 2577 594 2656 ipsis
621 2597 659 2636 a
685 2574 881 2635 Plinio
909 2577 1160 2635 narratis
1188 2575 1403 2652 agitur.
1446 2576 1753 2634 Facillime
1779 2577 1876 2635 hic
1903 2577 2165 2636 accidere
2193 2577 2385 2654 potuit
2410 2583 2472 2634 et
2488 2594 2708 2635 revera

456 2686 682 2756 accidit,
711 2693 781 2743 ut
818 2686 1029 2758 aliquis
1059 2703 1287 2744 errores
1324 2686 1700 2744 librariorum
1741 2687 2158 2745 emendaturus
2208 2687 2402 2762 ipsum
2439 2685 2707 2745 Plinium

457 2794 811 2853 emendaret.
867 2792 1055 2851 Velut
1093 2794 1143 2851 si
1185 2794 1318 2867 quis
1361 2811 1562 2852 omnes
1599 2812 1877 2853 numeros
1916 2795 2150 2873 exigere
2178 2796 2353 2869 velit,
2382 2795 2554 2854 facile
2579 2796 2709 2872 ipse

456 2905 691 2963 Plinius
733 2903 787 2961 ei
815 2903 1181 2974 adversetur,
1213 2902 1317 2977 qui
1360 2897 1418 2974 6,
1452 2898 1554 2961 62.
1588 2898 1689 2962 63.
1718 2903 2118 2963 diversitatem
2149 2923 2534 2963 numerorum
2560 2924 2708 2982 geo-

457 3012 871 3091 graphicorum
898 3012 1194 3087 agnoscit3
1224 3029 1431 3070 rursus
1461 3012 1564 3087 qui
1591 3030 1775 3071 unum
1804 3013 2131 3073 alterumve
2156 3015 2220 3073 in
2247 3015 2581 3074 nominibus
2609 3034 2708 3073 er-

456 3142 654 3183 rorem
685 3123 938 3199 corrigat
966 3140 1085 3181 non
1111 3122 1438 3193 librarium,
1469 3122 1575 3180 sed
1602 3119 1863 3180 Plinium
1900 3122 1962 3180 in
2005 3141 2206 3181 veram
2243 3124 2402 3183 viam
2442 3125 2708 3196 reducat,

460 3234 563 3309 qui
592 3232 1037 3290 festinabundus
1065 3230 1409 3309 Dionysiam
1441 3238 1502 3289 et
1528 3229 1838 3289 Donusam
1863 3232 2141 3304 insulam,
2170 3232 2311 3291 item
2341 3231 2618 3292 Cinaram
2651 3242 2714 3291 et

438 3340 741 3414 ⁴Pinaram
776 3339 1121 3410 nominavit,
1167 3358 1302 3398 cum
1342 3349 1729 3416 utrorumque
1765 3340 2064 3400 nominum
2106 3344 2357 3401 alterum
2395 3344 2591 3415 mode,
2619 3342 2713 3402 uti

461 3468 539 3507 ex
564 3447 727 3506 Mela
748 3448 986 3518 scimus,
1018 3465 1226 3506 verum
1256 3449 1352 3506 sit.
1381 3447 1563 3508 Hunc
1589 3449 1650 3507 in
1669 3468 1929 3509 errorem
1947 3451 2132 3528 ipsius
2153 3450 2334 3510 Plinii
2361 3452 2713 3511 emendandi

462 3557 836 3635 potissimum
861 3555 1174 3614 Pintianus
1200 3556 1261 3615 in
1289 3555 1450 3614 libris
1479 3558 1888 3635 geographicis
1915 3561 2139 3632 incidit,
2180 3562 2284 3636 qui
2321 3562 2538 3635 ubique
2579 3559 2710 3619 Pli-

461 3669 629 3727 nium
684 3665 959 3727 Straboni
1009 3665 1424 3724 conciliaturus
1475 3666 1680 3725 multis
1719 3667 1780 3726 in
1827 3669 1973 3728 locis
2000 3668 2266 3729 Plinium
2307 3677 2376 3729 ut
2409 3671 2472 3728 in
2511 3668 2713 3728 Plinio

463 3795 882 3853 quaereremus
911 3774 1222 3833 effecturus
1250 3783 1394 3847 erat,
1410 3776 1738 3836 inciderunt
1759 3749 2421 3853 SalmasiusJBodaeus,
2440 3778 2562 3852 alii,
2579 3780 2711 3854 qui,

464 3896 534 3947 ut
560 3886 817 3944 Plinium
847 3905 978 3945 cum
1006 3883 1347 3957 Aristotele,
1378 3885 1814 3962 Theophrasto,
1843 3887 2189 3948 Dioscoride
2217 3907 2540 3966 congruum
2567 3890 2711 3947 red-

464 3998 687 4070 derent,
717 4014 854 4055 vere
881 4001 1249 4072 portentosas
1279 3995 1640 4055 coniecturas
1667 3997 1728 4054 in
1758 3998 2016 4056 medium
2042 3998 2309 4074 proferre
2333 4017 2452 4057 non
2479 3998 2712 4056 dubita-

465 4115 633 4177 runt,
691 4125 809 4165 non
853 4107 1178 4183 cogitantes
1217 4106 1473 4183 primum
1509 4106 1597 4166 illi
1640 4105 1901 4166 Plinium
1950 4115 2182 4185 praeter
2219 4109 2355 4168 illos
2394 4107 2712 4186 scriptores
