2961 4861
399 375 613 417 XXVIII
1336 372 1716 423 PRAEFATIO·

398 545 520 599 ras,
550 528 666 585 iam
694 526 753 585 in
780 525 1141 602 praefatione
1168 527 1484 586 voluminis
1506 527 1588 585 V.
1611 547 1672 602 p.
1695 525 1876 583 XIX.
1909 523 2176 582 editionis
2205 542 2374 582 meae
2400 527 2653 585 minoris

399 636 666 710 quemvis
703 636 1136 694 intellecturum
1174 654 1305 694 esse
1346 635 1499 706 dixi,
1541 653 1718 710 quam
1756 634 1879 693 alto
1919 634 2229 710 supercilio
2266 643 2327 692 et
2369 637 2548 708 quasi
2576 637 2657 694 de

397 746 631 822 tripode
667 746 782 804 hoc
821 747 897 803 ab
936 745 1248 802 Harduino
1289 744 1368 802 sit
1406 743 1865 819 pronuntiatum,
1908 742 2003 801 cui
2027 752 2337 818 praeterea
2360 763 2658 819 perquam

397 855 631 913 difficile
658 855 924 912 futurum
952 852 1166 911 fuisset
1192 860 1329 928 apte
1357 854 1524 910 nobis
1551 854 1910 930 respondere
1937 853 2375 927 quaerentibus,
2407 854 2659 927 quinam

397 964 632 1023 tandem
674 962 893 1020 fuerint
931 961 1027 1019 isti
1067 963 1280 1020 eruditi
1308 963 1542 1020 nomine
1567 962 1774 1038 ignoti,
1816 962 1919 1037 qui
1953 969 2076 1019 tam
2113 962 2413 1036 ingentem
2450 963 2659 1020 conie-

401 1078 706 1130 cturarum
734 1089 1049 1129 numerum
1098 1090 1233 1129 cum
1261 1070 1642 1147 Dalecampio
1693 1071 2191 1130 communicarent
2204 1112 2221 1142 ‚
2273 1089 2348 1128 ne
2398 1072 2658 1130 verbum

401 1181 634 1257 quidem
662 1181 735 1238 de
761 1179 1093 1239 hominibus
1122 1181 1324 1252 doctis,
1355 1200 1505 1255 quos
1532 1180 1879 1238 Harduinus
1924 1180 2039 1238 sibi
2071 1180 2314 1237 finxerit
2326 1222 2347 1252 ,
2374 1180 2660 1240 addente.

404 1287 579 1362 Quod
599 1307 797 1348 meum
819 1289 1092 1347 iudicium
1116 1299 1321 1365 postea
1342 1290 1465 1361 Ian
1480 1308 1522 1347 u
1535 1309 1564 1348 s
1584 1291 1647 1346 in
1669 1290 1888 1348 nuntiis
1909 1289 2156 1347 litterar.
2198 1288 2662 1349 Monacensibus

403 1393 589 1458 1836.
635 1418 723 1456 nr.
768 1394 910 1457 164.
950 1418 1012 1475 p.
1055 1394 1179 1457 267
1185 1440 1200 1456 .
1241 1417 1360 1456 non
1393 1398 1587 1457 solum
1616 1399 2042 1474 comprobavit,
2074 1396 2181 1456 sed
2209 1399 2385 1456 etiam
2424 1399 2665 1473 aliquot

402 1524 691 1580 errorum,
737 1526 886 1582 quos
928 1508 990 1566 in
1027 1498 1546 1566 commemorandis
1588 1508 1708 1566 illis
1746 1508 2095 1566 lectionibus
2134 1508 2197 1564 in
2236 1506 2483 1565 editione
2519 1527 2663 1566 mea

405 1615 630 1693 minore
658 1618 1081 1689 commiseram,
1111 1636 1207 1675 me
1233 1618 1554 1676 admonuit.
1598 1616 1731 1676 Hac
1768 1617 1951 1691 igitur
1991 1616 2239 1674 editione
2276 1615 2493 1675 maiore
2523 1635 2666 1676 sus-

408 1733 576 1802 cepta
614 1735 798 1787 totam
835 1746 963 1786 rem
1006 1727 1442 1786 accuratissime
1479 1727 1953 1802 investigandam
1982 1726 2206 1797 censui,
2235 1741 2425 1800 neque
2452 1726 2667 1785 dubito

400 1836 541 1912 quin
569 1838 837 1897 omnibus
866 1839 1254 1914 argumentis,
1294 1856 1447 1914 quae
1489 1836 1756 1912 proferre
1793 1820 1960 1912 potui
1974 1877 1994 1906 ,
2036 1844 2098 1893 et
2135 1834 2376 1910 cognitis
2420 1845 2481 1892 et
2506 1854 2663 1911 pon-

401 1945 618 2004 deratis
645 1948 897 2005 lectores
924 1955 1154 2004 tantum
1182 1948 1387 2005 abesse
1414 1948 1535 2004 sint
1564 1946 1912 2017 confessuri,
1955 1952 2025 2002 ut
2048 1944 2362 2015 Harduini‚
2405 1943 2666 2004 hominis

407 2054 588 2111 astuti
638 2053 884 2129 aliisque
935 2073 1045 2113 sua
1094 2055 1486 2131 surripientis,
1534 2055 1741 2113 iudicio
1791 2053 2085 2113 malevolo
2135 2054 2209 2111 de
2254 2051 2662 2130 Dalecampio‚

406 2164 641 2222 homine
667 2166 855 2240 probo
883 2165 1229 2239 minimeque
1256 2165 1514 2236 indocto,
1560 2165 1637 2223 sit
1676 2164 2135 2236 assentiendum,
2166 2172 2235 2221 ut
2269 2181 2379 2239 per
2412 2163 2546 2221 illas
2574 2164 2665 2222 le-

407 2273 627 2332 ctiones
654 2273 863 2333 litteris
892 2274 955 2333 V
969 2274 1107 2333 etM
1134 2281 1365 2333 notatas
1396 2281 1553 2333 certe
1581 2274 1770 2334 multo
1798 2274 2059 2332 maxima
2085 2291 2162 2331 ex
2189 2280 2360 2349 parte
2391 2275 2663 2332 codicum

406 2383 824 2462 discrepantias
855 2391 1116 2447 servatas
1144 2386 1221 2445 sit
1250 2385 1623 2445 credendum.
1666 2384 1763 2445 Ac
1788 2385 2046 2461 primum
2076 2383 2315 2459 quidem
2342 2381 2663 2443 Dalecam-

404 2494 533 2571 pius
561 2495 757 2555 littera
782 2494 869 2555 M-
890 2502 1092 2569 utens,
1135 2513 1245 2572 pro
1273 2515 1392 2571 qua
1420 2513 1532 2571 ego
1561 2496 1781 2572 ubique
1806 2514 1840 2552 r
1866 2493 2035 2570 posui
2051 2535 2067 2566 ,
2124 2511 2357 2569 semper
2383 2493 2661 2584 lectiones

410 2622 487 2663 ex
512 2603 673 2665 libris
700 2606 1113 2682 manuscriptis
1141 2605 1387 2665 haustas
1416 2604 1787 2681 significavit,
1833 2603 1989 2679 quod
2028 2602 2279 2679 primum
2318 2603 2452 2662 inde
2480 2604 2660 2663 disci-

409 2732 563 2788 mus,
582 2716 756 2789 quod‚
773 2717 861 2774 uti
875 2715 1146 2790 singulae
1165 2714 1287 2773 fere
1308 2714 1667 2792 paragraphi
1689 2713 1955 2772 editionis
1976 2721 2213 2771 nostrae
2236 2713 2463 2785 docent,
2484 2713 2661 2789 longe

414 2824 699 2902 plurimae
736 2823 970 2883 illarum
1010 2824 1325 2883 lectionum
1363 2844 1469 2900 per
1511 2824 1741 2883 codices
1782 2829 1994 2900 postea
2034 2822 2281 2881 collatos
2312 2824 2662 2882 confirman-

408 2944 531 3006 tur,
583 2943 730 3006 tum,
783 2934 844 2993 id
893 2934 1054 3010 quod
1102 2934 1292 2992 multo
1338 2943 1428 2992 est
1467 2934 1732 3010 gravius,
1773 2952 1948 3010 saepe
1989 2932 2141 2991 tales
2182 2932 2462 2990 lectiones
2490 2951 2566 2990 ex
2593 2931 2663 2989 M

408 3042 558 3123 (sive
584 3040 647 3125 r)
676 3053 814 3104 sunt
841 3050 1131 3116 enotatae,
1161 3062 1430 3120 quarum,
1462 3062 1597 3101 cum
1624 3044 1787 3120 ipsae
1814 3062 1851 3101 a
1881 3043 2175 3102 codicibus
2203 3041 2331 3099 aliis
2375 3060 2494 3099 non
2524 3059 2662 3100 con-

408 3155 734 3228 firmentur,
776 3155 1100 3214 certissima
1140 3163 1336 3213 tamen
1366 3153 1622 3229 vestigia
1659 3153 1787 3211 aliis
1826 3153 1886 3210 in
1929 3153 2227 3211 codicibus
2269 3152 2662 3209 inveniuntur.

418 3263 512 3324 Ita
532 3261 595 3336 2,
619 3260 764 3324 230.
788 3282 940 3324 unus
959 3283 993 3321 r
1013 3266 1190 3324 habet
1204 3269 1348 3342 fons
1371 3267 1737 3339 incorruptas
1766 3282 1985 3339 semper
2018 3266 2285 3339 praestat
2320 3280 2526 3337 aquas,
2564 3259 2665 3319 ubi

420 3390 555 3431 cum
582 3374 831 3432 aliorum
874 3372 1134 3430 codicum
1160 3373 1385 3430 librarii
1413 3391 1523 3448 pro
1549 3371 1653 3430 illo
1681 3391 1899 3449 semper
1927 3391 2003 3430 ex
2028 3373 2227 3447 inepto
2255 3388 2475 3443 errore,
2498 3371 2664 3430 cuius

414 3480 549 3539 fons
587 3482 879 3540 neminem
908 3482 1114 3558 fugiet,
1153 3487 1496 3538 exarassent
1536 3484 1599 3539 in
1627 3485 1794 3558 spira
1822 3481 1919 3540 vel
1948 3484 2131 3558 spira,
2163 3483 2239 3538 ab
2271 3480 2400 3538 aliis
2429 3481 2663 3552 scribis,

412 3587 550 3661 Ad,
583 3597 644 3648 et
670 3589 991 3649 editoribus
1021 3590 1290 3648 omnibus
1317 3588 1469 3648 illud
1510 3590 1853 3649 adverbium
1883 3599 1975 3649 est
2002 3590 2304 3662 omissum,
2348 3590 2490 3665 quia
2526 3590 2667 3649 illae

412 3699 605 3758 malae
631 3700 913 3759 lectiones
941 3700 1163 3758 iustum
1192 3716 1434 3758 sensum
1462 3717 1580 3758 non
1608 3700 1939 3759 funderent.
1984 3699 2073 3757 At
2111 3717 2350 3775 quaeso,
2379 3700 2537 3757 unde
2566 3718 2665 3764 eas

419 3816 580 3867 ortas
616 3810 774 3868 dicas
788 3852 807 3881 ,
850 3809 966 3868 nisi
1004 3828 1080 3867 ex
1118 3809 1317 3884 aliqua
1359 3808 1609 3868 lectione
1644 3809 1799 3867 male
1826 3807 2160 3867 intellecta?
2203 3809 2461 3867 Facilior
2490 3808 2665 3867 etiam

415 3935 513 3977 res
557 3928 647 3977 est
676 3919 992 3980 intellectu
1032 3915 1108 3990 4,
1155 3913 1280 3992 26„
1322 3919 1423 3978 ubi
1451 3938 1530 3977 ex
1554 3938 1588 3976 r
1629 3918 2029 3994 recipiendum
2069 3918 2181 3977 fuit
2222 3919 2432 3978 obiecta
2475 3921 2668 3978 insula

422 4028 681 4100 Euboea,
709 4027 887 4103 idque
914 4047 984 4087 eo
1033 4030 1243 4105 magis,
1283 4047 1418 4088 cum
1455 4027 1521 4086 A
1561 4028 1778 4087 habeat
1814 4030 2022 4087 obiecta
2052 4030 2271 4088 insulae
2313 4029 2521 4100 uboea,
2565 4029 2668 4103 qui

424 4136 575 4196 levis
634 4156 799 4197 error
856 4146 1065 4216 postea
1112 4139 1474 4198 occasionem
1538 4137 1857 4196 lectionum
1907 4139 2121 4198 obiectu
2182 4140 2541 4198 insuleuboea
2609 4144 2670 4194 et

417 4247 627 4308 obiectu
666 4251 884 4311 insulae
925 4250 1189 4311 Euboeae
1234 4248 1422 4322 dedit,
1475 4265 1727 4324 quarum
1768 4250 1914 4308 haec
1953 4248 2015 4307 in
2055 4248 2333 4308 editiones
2394 4247 2668 4326 vulgatas
