2961 4861
410 299 492 362 42
1103 313 1511 360 NATUnAms
1555 312 1944 360 ms'romAE

408 466 530 531 bus
587 464 751 529 vinis
807 464 907 529 usi
965 463 1228 547 antiqui.
1300 462 1622 530 Notabilia
1677 462 1846 529 circa
1905 461 2270 549 apothecas.
2344 461 2449 529 De
2492 463 2652 531 vino

411 564 755 652 Opimiano
772 568 841 629 ¹¹.
915 563 1192 647 Quando
1234 565 1513 650 primum
1555 564 1686 630 vini
1729 582 1843 627 1111
1884 586 2125 650 genera
2167 563 2376 650 posita
2393 567 2464 629 ¹².
2539 563 2651 630 Ex

408 667 705 733 labrusca
761 689 917 732 usus
973 677 1037 732 et
1089 666 1233 749 quis
1258 668 1302 706 ¹³
1357 664 1813 753 frigidissimus
1855 674 2087 729 natura
2105 667 2156 706 ¹⁴
2207 686 2420 730 sucus.
2487 664 2646 730 Vini

407 767 623 836 ficticii
665 790 906 855 genera
950 785 1146 831 LXVI.
1192 765 1573 851 Hydromeli
1593 769 1643 808 ¹⁶
1685 766 1821 832 sive
1863 766 2259 832 melicraton.
2315 764 2646 851 Oxymeli.

406 869 562 935 Vini
616 868 967 956 prodigiosi
1016 890 1254 954 genera
1307 885 1435 931 ΧΗ.
1505 864 1761 947 Quibus
1803 866 1970 932 vinis
2014 867 2099 931 ad
2142 889 2326 932 sacra
2377 867 2475 930 uti
2516 890 2649 932 non

409 969 494 1034 sit
548 969 669 1033 fas.
728 967 982 1051 Quibus
1039 968 1385 1057 generibus
1441 978 1657 1032 musta
1714 967 2033 1032 condiant.
2091 967 2200 1033 De
2254 968 2422 1055 pice,
2481 969 2649 1033 resi-

407 1070 508 1134 nis
526 1073 594 1133 ¹⁶.
662 1068 769 1135 De
812 1079 1014 1135 aceto.
1085 1069 1192 1135 De
1236 1070 1419 1135 faece
1439 1072 1505 1131 ¹⁷.
1577 1068 1685 1133 De
1727 1068 1900 1133 vasis
1943 1067 2227 1133 vinariis.
2299 1068 2407 1135 De
2449 1068 2649 1134 cellis.

406 1170 513 1237 De
557 1170 887 1238 ebrietate.
946 1170 1053 1235 Ex
1094 1192 1265 1253 aqua
1309 1181 1374 1235 et
1415 1169 1718 1255 frugibus
1761 1168 1896 1235 vini
1939 1169 2074 1234 vim
2112 1168 2276 1235 fieri.
2340 1166 2647 1235 Summa:

406 1294 512 1338 res
556 1283 623 1338 et
662 1271 964 1338 historiae
1011 1283 1076 1335 et
1118 1269 1594 1336 observationes
1636 1287 1761 1335 DX.

491 1372 604 1436 Ex
646 1371 1154 1437 Auc'romnus:
1217 1368 1411 1436 Corn.
1453 1369 1817 1449 Valeriano,
1862 1369 2174 1459 Vergilio,
2237 1369 2450 1449 Celso,
2514 1367 2650 1436 Ca-

412 1484 560 1539 tone
614 1472 923 1549 censorio,
978 1468 1276 1536 Sasernis
1325 1482 1512 1557 patre
1557 1482 1622 1537 et
1669 1471 1823 1550 filio,
1877 1467 2130 1550 Scrofa,
2187 1469 2288 1536 M.
2329 1470 2649 1549 Varrone,

408 1572 495 1639 D.
540 1569 761 1638 Silano
772 1621 790 1651 ,
848 1571 1055 1638 Fabio
1096 1571 1356 1639 Pictore
1373 1620 1392 1650 ,
1449 1571 1697 1659 Trogo,
1758 1570 2054 1660 Hygino,
2108 1570 2350 1639 Flacco
2391 1572 2651 1650 VerriO,

410 1671 753 1753 Graecino,
809 1672 974 1740 Iulio
1018 1673 1263 1753 Attico,
1319 1671 1691 1752 Columella,
1734 1672 2061 1739 Massurio
2105 1670 2369 1751 Sabino,
2429 1672 2650 1740 Fene-

410 1776 595 1841 stella
614 1779 683 1855 18,
728 1774 1035 1862 Ter-gilla,
1076 1773 1332 1841 Maecio
1350 1778 1399 1816 ¹⁹
1439 1774 1693 1854 Plauto,
1724 1773 1976 1852 Flavio,
2007 1773 2304 1840 Dosseno
2322 1777 2392 1852 ²⁰,
2443 1770 2650 1840 Scae·

409 1877 576 1953 vola,
636 1875 826 1941 Aelio
843 1881 914 1955 2¹,
968 1874 1166 1941 Ateio
1210 1873 1546 1961 Capitone,
1593 1872 1787 1940 Cotta
1828 1873 2201 1953 Messalino,
2260 1873 2340 1938 L.
2384 1873 2649 1954 Pisone,

408 1973 716 2061 Pompeio
757 1973 1043 2053 Lenae0,
1087 1973 1401 2053 Fabiano,
1449 1972 1678 2041 Sextio
1718 1974 1944 2064 Nigro,
1987 1974 2185 2042 Vibio
2202 1978 2254 2017 ²²
2294 1974 2472 2042 Rufo
2491 1979 2563 2040 ²⁸.

492 2074 895 2148 EXTERNIS:
964 2074 1277 2152 Hesiod0,
1326 2074 1792 2163 Theophrasto,
1835 2075 2208 2155 Aristotele,
2249 2074 2647 2155 Democrito,

409 2175 697 2242 Hierone
738 2197 924 2262 rege,
983 2173 1208 2240 Attalo
1228 2178 1277 2217 ²4
1317 2175 1753 2244 Philometore
1793 2200 1948 2265 rege
1964 2225 1984 2256 ,
2029 2176 2358 2261 Archyta,
2413 2175 2649 2242 Xeno-

410 2277 669 2365 phonte,
718 2276 1145 2364 Amphilocho
1174 2274 1538 2357 Athenaeo,
1571 2277 1920 2366 Anaxipoli
1948 2277 2209 2356 Thasio,
2252 2276 2652 2364 Apollodoro

298 2421 303 2427 -
409 2377 703 2459 Lemnio,
749 2377 1186 2467 Aristophane
1225 2376 1507 2459 Milesio,
1553 2378 1886 2466 Antigono
1931 2376 2238 2464 Cymaeo,
2282 2376 2653 2466 Agathocle

415 2478 580 2547 Chio
597 2530 616 2560 ,
670 2481 1014 2568 Apollonio
1068 2480 1503 2568 PergamenO,
1548 2478 1934 2546 Aristandro
1976 2479 2318 2547 Athenaeo
2331 2528 2351 2559 ,
2405 2480 2653 2566 Botrye

413 2581 569 2646 item
584 2629 601 2659 ,
646 2580 925 2646 Bacchio
969 2580 1249 2660 Milesio,
1292 2581 1497 2647 Bione
1542 2578 1832 2660 Solense,
1894 2578 2187 2648 Chaerea
2227 2580 2650 2659 Atheniense,

415 2679 755 2745 Chaeristo
773 2684 823 2722 ²⁵
851 2681 1025 2760 item,
1068 2680 1359 2747 Diodoro
1399 2682 1735 2761 Prienaeo,
1778 2682 1995 2747 Dione
2026 2680 2444 2770 Colophonio,
2488 2682 2650 2770 Epi-

413 2803 581 2870 gene
622 2779 901 2858 Rhodie,
966 2779 1279 2869 Euagone
1321 2781 1593 2862 Thasio,
1658 2783 2035 2870 Euphronio
2075 2782 2415 2851 Athenaeo
2429 2834 2449 2864 ,
2508 2783 2651 2848 An-

415 2882 707 2947 drotione
760 2881 872 2967 qui
924 2881 1005 2947 de
1060 2880 1453 2969 agricultura
1506 2883 1794 2970 scripsit,
1856 2884 2255 2952 Aeschrione
2309 2884 2421 2970 qui
2475 2885 2649 2963 item,

414 2982 805 3069 Lysimacho
848 2982 960 3068 qui
1001 2984 1176 3064 item,
1219 2983 1538 3070 Dionysio
1569 2986 1679 3069 qui
1705 2984 2058 3073 Magonem
2101 2986 2447 3066 transtulit,
2486 2985 2652 3053 Dio-

415 3086 625 3174 phane
654 3086 767 3170 qui
797 3109 879 3152 ex
906 3085 1225 3172 Dionysio
1255 3086 1577 3174 epitomen
1593 3089 1645 3128 ²⁶
1673 3086 1849 3165 fecit,
1891 3086 2283 3174 Asclepiade
2312 3087 2561 3154 medico
2579 3090 2651 3165 ²⁷,

419 3185 805 3266 Onesicrito,
850 3187 1018 3254 Iuba
1060 3210 1234 3275 rege.

492 3334 568 3379 11.
605 3327 932 3379 Notabilia-
957 3327 1227 3393 Opimiano,
1252 3329 1356 3380 Td.
1383 3328 1560 3381 Omitt.
1588 3331 1702 3391 Ra·
1727 3338 1780 3379 at
1802 3330 1900 3379 vid.
1919 3337 2028 3379 not.
2053 3333 2097 3380 7.
2163 3336 2241 3381 12.
2260 3330 2439 3394 posita,
2463 3329 2654 3378 omittit

419 3413 465 3447 a.
527 3401 605 3445 18.
630 3394 821 3459 etquis,
845 3396 893 3444 d.
912 3395 987 3445 vel
1020 3396 1144 3458 quis,
1168 3396 1230 3444 T.
1269 3396 1506 3459 quisquis,
1545 3398 1652 3447 Ra.
1709 3402 1787 3446 14.
1822 3404 2044 3459 naturae,
2075 3398 2180 3475 ΒΘ..
2230 3402 2308 3448 15.
2345 3394 2655 3457 Edi-omen,-

418 3464 540 3514 huic
563 3463 679 3511 voci
702 3463 973 3513 subiiciunt
994 3462 1094 3511 sive
1111 3461 1369 3527 pomelicen
1389 3463 1454 3512 Β.
1476 3463 1578 3512 sive
1601 3463 1902 3528 apomelicen‚
1927 3465 2013 3514 ad.
2038 3464 2140 3514 sive
2163 3464 2381 3530 apomeli,
2456 3468 2586 3513 ..16
2612 3472 2658 3513 ct

419 3530 606 3591 resinis,
642 3531 703 3579 Τ.
778 3533 857 3580 17.
891 3529 974 3580 De
1004 3538 1148 3579 aceto.
1193 3528 1275 3579 De
1293 3529 1459 3591 saoce,
1505 3544 1643 3593 pone
1674 3531 1879 3582 vinariz's
1910 3532 2170 3582 collocant
2201 3534 2305 3583 Ra.
2380 3536 2459 3581 18.
2504 3532 2655 3582 Fenc-

418 3598 586 3659 stella‚
630 3598 820 3648 omittit
850 3614 894 3646 a.
978 3602 1055 3647 19.
1091 3596 1308 3658 Maecio,
1349 3613 1394 3647 a.
1448 3597 1525 3648 M.
1558 3598 1732 3659 Accio,
1771 3599 1937 3650 R'l'd.
1991 3599 2112 3649 vid.
2163 3599 2410 3651 Bitschel.
2459 3612 2654 3662 pai-erg.

420 3636 717 3716 Plautin.1.
754 3681 803 3729 p.
840 3671 885 3713 9.
919 3680 1057 3727 sqq„
1102 3665 1369 3728 praecipue
1392 3679 1441 3728 p.
1477 3672 1560 3716 89.
1648 3673 1730 3717 20.
1763 3667 2008 3727 Dosscno‚
2053 3668 2219 3718 RTd.
2286 3667 2558 3727 Dor-rinno,
2606 3681 2654 3715 a.

422 3740 504 3784 21.
529 3734 685 3795 Aelio,
709 3735 771 3783 T.
809 3731 1003 3793 Haelio,
1028 3733 1077 3782 Β
1098 3736 1165 3781 ¹a.
1200 3731 1387 3793 Laelio,
1412 3734 1512 3782 R2.
1547 3733 1701 3795 Lelio,
1726 3736 1774 3783 d.
1838 3740 1918 3784 22.
1953 3734 2118 3796 Bibio,
2143 3737 2282 3785 R'a.
2345 3740 2427 3784 23.
2461 3734 2657 3797 Rufino,

422 3802 487 3852 Β.
518 3801 600 3851 Ita
622 3801 722 3849 iam
745 3801 953 3851 Barbar.
1036 3807 1116 3849 24.
1152 3800 1340 3861 Attalo,
1364 3800 1521 3851 Hard.
1567 3801 1733 3851 Attalo
1765 3819 1900 3867 aye,
1931 3802 2036 3852 ΒΤ
2048 3805 2135 3851 ad.
2216 3807 2297 3851 25.
2341 3800 2577 3861 Cher-ism,
2609 3816 2656 3850 a.

432 3867 665 3928 Cher-esto,
688 3868 752 3917 Β.
823 3873 903 3917 26.
940 3867 1177 3932 epitomen,
1203 3869 1322 3919 ΒΤ.
1359 3869 1576 3933 epitoma,
1600 3871 1647 3919 d.
1685 3869 1966 3933 acphitoma‚
1991 3885 2036 3918 a.
2116 3874 2198 3920 27.
2236 3869 2441 3929 medico,
2476 3884 2521 3918 a.
2566 3884 2658 3916 me-

424 3936 546 3997 dico,
586 3934 891 3987 Erastletrato
933 3936 1021 3999 qui
1057 3938 1178 3998 item,
1239 3935 1464 3987 Connade
1524 3933 1839 3998 (Commiade,
1881 3935 1997 3998 Td)
2052 3937 2136 4000 qui
2173 3936 2233 3987 de
2270 3936 2527 3987 conditura
2565 3936 2665 3985 vini

426 4003 634 4067 scripsit,
667 4003 996 4053 Arsstomaclzo
1031 4004 1119 4068 qui
1148 4004 1268 4066 item,
1299 4004 1478 4055 Icossio
1512 4002 1747 4065 (Hicesio,
1783 4001 1840 4067 d)
1876 4004 1964 4067 qui
1992 4004 2113 4063 item,
2157 4004 2435 4054 Themisone
2467 4003 2660 4063 modim,

425 4070 589 4122 R'rd.
626 4071 727 4121 Sed
750 4071 986 4120 ultimum
1008 4086 1196 4122 nomen
1220 4073 1382 4122 omitt.
1408 4073 1517 4133 To,
1553 4073 1890 4136 penultimum
1920 4087 2021 4121 om.
2048 4071 2110 4121 T.
2161 4071 2401 4122 Ceterum
2442 4071 2573 4121 haec
2595 4084 2660 4119 ex

426 4138 592 4189 indice
614 4138 728 4188 libri
752 4140 1004 4201 sequentis
1028 4154 1118 4203 per
1139 4154 1357 4189 errorem
1378 4140 1700 4190 librariorum
1722 4140 1826 4189 huc
1848 4140 2140 4203 migrarunt.

495 4208 582 4258 Ad
604 4206 820 4255 indicem
843 4207 954 4257 libri
979 4208 1097 4258 XV.
1122 4208 1315 4257 contuli
1338 4207 1545 4257 R'rad.

503 4282 544 4324 1.
590 4282 809 4334 naturae,
851 4276 954 4325 Td.
1008 4284 1202 4336 natura,
1243 4274 1345 4326 Ra.
1434 4281 1479 4323 2.
1527 4275 1760 4339 coeperint
1800 4292 1926 4335 esse,
1968 4276 2069 4325 Ra.
2123 4292 2223 4324 esse
2262 4275 2513 4339 coeperint,
2554 4274 2661 4324 Td.

924 4466 963 4485 'fik
