<?xml version="1.0" encoding="UTF-8"?>
<!DOCTYPE html PUBLIC "-//W3C//DTD XHTML 1.0 Transitional//EN"
    "http://www.w3.org/TR/xhtml1/DTD/xhtml1-transitional.dtd">
<html xmlns="http://www.w3.org/1999/xhtml" xml:lang="en" lang="en">
 <head>
  <title>
</title>
<meta http-equiv="Content-Type" content="text/html;charset=utf-8" />
  <meta name='ocr-system' content='tesseract 3.04.00' />
  <meta name='ocr-capabilities' content='ocr_page ocr_carea ocr_par ocr_line ocrx_word'/>
</head>
<body>
  <div class='ocr_page' id='page_1' title='image "./cplinisecundina00sillgoog_0185.png"; bbox 0 0 2961 4861; ppageno 0'>
   <div class='ocr_carea' id='block_1_1' title="bbox 1211 357 2484 418">
    <p class='ocr_par' dir='ltr' id='par_1_1' title="bbox 1211 357 2484 418">
     <span class='ocr_line' id='line_1_1' title="bbox 1211 357 2484 418; baseline -0.001 0"><span class='ocrx_word' id='word_1_1' title='bbox 1211 373 1430 418; x_wconf 80' lang='lat' dir='ltr'><strong>LIBER</strong></span> <span class='ocrx_word' id='word_1_2' title='bbox 1473 375 1518 418; x_wconf 86' lang='lat'>1.</span> <span class='ocrx_word' id='word_1_3' title='bbox 1565 391 1570 396; x_wconf 94' lang='lat'><strong>·</strong></span> <span class='ocrx_word' id='word_1_4' title='bbox 2407 357 2484 417; x_wconf 88' lang='lat'>19</span> 
     </span>
    </p>
   </div>
   <div class='ocr_carea' id='block_1_2' title="bbox 242 523 2488 1319">
    <p class='ocr_par' dir='ltr' id='par_1_2' title="bbox 242 523 2488 1319">
     <span class='ocr_line' id='line_1_2' title="bbox 247 523 2482 611; baseline 0 -22"><span class='ocrx_word' id='word_1_5' title='bbox 247 524 354 591; x_wconf 93' lang='lat' dir='ltr'>De</span> <span class='ocrx_word' id='word_1_6' title='bbox 406 525 726 610; x_wconf 82' lang='lat' dir='ltr'><strong>lapidibus</strong></span> <span class='ocrx_word' id='word_1_7' title='bbox 782 524 959 590; x_wconf 91' lang='lat' dir='ltr'>caelo</span> <span class='ocrx_word' id='word_1_8' title='bbox 1004 523 1399 588; x_wconf 90' lang='lat' dir='ltr'>cadentibus.</span> <span class='ocrx_word' id='word_1_9' title='bbox 1474 524 1907 611; x_wconf 86' lang='lat' dir='ltr'>Anaxagorea</span> <span class='ocrx_word' id='word_1_10' title='bbox 1949 524 2031 587; x_wconf 92' lang='lat' dir='ltr'>de</span> <span class='ocrx_word' id='word_1_11' title='bbox 2073 524 2191 588; x_wconf 91' lang='lat' dir='ltr'>his.</span> <span class='ocrx_word' id='word_1_12' title='bbox 2266 526 2482 589; x_wconf 89' lang='lat' dir='ltr'>Arcus</span> 
     </span>
     <span class='ocr_line' id='line_1_3' title="bbox 249 624 2480 713; baseline -0.001 -21"><span class='ocrx_word' id='word_1_13' title='bbox 249 627 559 692; x_wconf 88' lang='lat' dir='ltr'>caelestis.</span> <span class='ocrx_word' id='word_1_14' title='bbox 624 624 872 690; x_wconf 78' lang='lat' dir='ltr'>Natura</span> <span class='ocrx_word' id='word_1_15' title='bbox 912 625 1279 713; x_wconf 89' lang='lat' dir='ltr'>grandinis,</span> <span class='ocrx_word' id='word_1_16' title='bbox 1334 626 1530 703; x_wconf 89' lang='lat' dir='ltr'>nivis,</span> <span class='ocrx_word' id='word_1_17' title='bbox 1586 626 1883 711; x_wconf 82' lang='lat' dir='ltr'>pruinae,</span> <span class='ocrx_word' id='word_1_18' title='bbox 1940 624 2243 704; x_wconf 85' lang='lat' dir='ltr'>nebulae,</span> <span class='ocrx_word' id='word_1_19' title='bbox 2300 628 2480 691; x_wconf 90' lang='lat' dir='ltr'>roris.</span> 
     </span>
     <span class='ocr_line' id='line_1_4' title="bbox 244 726 2481 815; baseline -0.001 -22"><span class='ocrx_word' id='word_1_20' title='bbox 244 727 530 793; x_wconf 89' lang='lat' dir='ltr'>Nubium</span> <span class='ocrx_word' id='word_1_21' title='bbox 572 728 903 815; x_wconf 90' lang='lat' dir='ltr'>imagines.</span> <span class='ocrx_word' id='word_1_22' title='bbox 948 726 1388 813; x_wconf 86' lang='lat' dir='ltr'>Proprietates</span> <span class='ocrx_word' id='word_1_23' title='bbox 1432 728 1590 792; x_wconf 91' lang='lat' dir='ltr'>caeli</span> <span class='ocrx_word' id='word_1_24' title='bbox 1632 728 1701 791; x_wconf 93' lang='lat' dir='ltr'>in</span> <span class='ocrx_word' id='word_1_25' title='bbox 1742 728 1918 791; x_wconf 92' lang='lat' dir='ltr'>locis.</span> <span class='ocrx_word' id='word_1_26' title='bbox 1965 726 2213 791; x_wconf 90' lang='lat' dir='ltr'>Natura</span> <span class='ocrx_word' id='word_1_27' title='bbox 2255 738 2481 792; x_wconf 88' lang='lat' dir='ltr'>terrae.</span> 
     </span>
     <span class='ocr_line' id='line_1_5' title="bbox 243 827 2488 914; baseline -0 -21"><span class='ocrx_word' id='word_1_28' title='bbox 243 828 352 894; x_wconf 93' lang='lat' dir='ltr'>De</span> <span class='ocrx_word' id='word_1_29' title='bbox 397 829 602 893; x_wconf 87' lang='lat' dir='ltr'>forma</span> <span class='ocrx_word' id='word_1_30' title='bbox 644 829 801 893; x_wconf 90' lang='lat' dir='ltr'>eius.</span> <span class='ocrx_word' id='word_1_31' title='bbox 875 828 986 891; x_wconf 89' lang='lat' dir='ltr'>An</span> <span class='ocrx_word' id='word_1_32' title='bbox 1031 829 1159 892; x_wconf 89' lang='lat' dir='ltr'>sint</span> <span class='ocrx_word' id='word_1_33' title='bbox 1212 829 1570 914; x_wconf 88' lang='lat' dir='ltr'>antipodes.</span> <span class='ocrx_word' id='word_1_34' title='bbox 1663 827 2005 908; x_wconf 83' lang='lat' dir='ltr'>Quomodo</span> <span class='ocrx_word' id='word_1_35' title='bbox 2057 852 2226 912; x_wconf 90' lang='lat' dir='ltr'>aqua</span> <span class='ocrx_word' id='word_1_36' title='bbox 2280 839 2488 894; x_wconf 89' lang='lat' dir='ltr'>terrae</span> 
     </span>
     <span class='ocr_line' id='line_1_6' title="bbox 242 929 2483 1010; baseline -0.001 -14"><span class='ocrx_word' id='word_1_37' title='bbox 242 931 496 996; x_wconf 88' lang='lat' dir='ltr'>innexa.</span> <span class='ocrx_word' id='word_1_38' title='bbox 545 929 730 1010; x_wconf 83' lang='lat' dir='ltr'>Quae</span> <span class='ocrx_word' id='word_1_39' title='bbox 774 930 937 994; x_wconf 89' lang='lat' dir='ltr'>ratio</span> <span class='ocrx_word' id='word_1_40' title='bbox 977 929 1313 994; x_wconf 90' lang='lat' dir='ltr'>fluminum</span> <span class='ocrx_word' id='word_1_41' title='bbox 1331 937 1407 994; x_wconf 76' lang='lat'>4⁰.</span> <span class='ocrx_word' id='word_1_42' title='bbox 1452 931 1564 994; x_wconf 90' lang='lat' dir='ltr'>An</span> <span class='ocrx_word' id='word_1_43' title='bbox 1609 931 2037 997; x_wconf 89' lang='lat' dir='ltr'>circumdatus</span> <span class='ocrx_word' id='word_1_44' title='bbox 2082 940 2288 995; x_wconf 89' lang='lat' dir='ltr'>terrae</span> <span class='ocrx_word' id='word_1_45' title='bbox 2333 951 2483 994; x_wconf 89' lang='lat' dir='ltr'>oce-</span> 
     </span>
     <span class='ocr_line' id='line_1_7' title="bbox 243 1031 2486 1119; baseline -0.001 -21"><span class='ocrx_word' id='word_1_46' title='bbox 243 1055 424 1098; x_wconf 87' lang='lat' dir='ltr'>anus.</span> <span class='ocrx_word' id='word_1_47' title='bbox 502 1031 688 1112; x_wconf 83' lang='lat' dir='ltr'>Quae</span> <span class='ocrx_word' id='word_1_48' title='bbox 742 1032 975 1119; x_wconf 85' lang='lat' dir='ltr'>portio</span> <span class='ocrx_word' id='word_1_49' title='bbox 1019 1041 1227 1096; x_wconf 88' lang='lat' dir='ltr'>terrae</span> <span class='ocrx_word' id='word_1_50' title='bbox 1288 1031 1629 1096; x_wconf 86' lang='lat' dir='ltr'>habitetur.</span> <span class='ocrx_word' id='word_1_51' title='bbox 1704 1031 1991 1097; x_wconf 80' lang='lat' dir='ltr'>Mediam</span> <span class='ocrx_word' id='word_1_52' title='bbox 2057 1055 2198 1115; x_wconf 81' lang='lat' dir='ltr'>esse</span> <span class='ocrx_word' id='word_1_53' title='bbox 2262 1032 2486 1096; x_wconf 89' lang='lat' dir='ltr'>mundi</span> 
     </span>
     <span class='ocr_line' id='line_1_8' title="bbox 245 1133 2483 1216; baseline -0.001 -18"><span class='ocrx_word' id='word_1_54' title='bbox 245 1145 499 1198; x_wconf 88' lang='lat' dir='ltr'>terram.</span> <span class='ocrx_word' id='word_1_55' title='bbox 573 1133 683 1198; x_wconf 90' lang='lat' dir='ltr'>De</span> <span class='ocrx_word' id='word_1_56' title='bbox 726 1133 1102 1215; x_wconf 84' lang='lat' dir='ltr'>obliquitate</span> <span class='ocrx_word' id='word_1_57' title='bbox 1147 1155 1454 1197; x_wconf 88' lang='lat' dir='ltr'>zonarum</span> <span class='ocrx_word' id='word_1_58' title='bbox 1472 1140 1497 1176; x_wconf 75' lang='lat'>4</span> <span class='ocrx_word' id='word_1_59' title='bbox 1514 1140 1547 1196; x_wconf 88' lang='lat'>¹.</span> <span class='ocrx_word' id='word_1_60' title='bbox 1616 1133 1722 1198; x_wconf 93' lang='lat' dir='ltr'>De</span> <span class='ocrx_word' id='word_1_61' title='bbox 1765 1133 2219 1216; x_wconf 84' lang='lat' dir='ltr'>inaequalitate</span> <span class='ocrx_word' id='word_1_62' title='bbox 2265 1133 2483 1197; x_wconf 90' lang='lat' dir='ltr'>clima-</span> 
     </span>
     <span class='ocr_line' id='line_1_9' title="bbox 244 1220 2485 1319; baseline -0.001 -19"><span class='ocrx_word' id='word_1_63' title='bbox 244 1245 383 1300; x_wconf 90' lang='lat' dir='ltr'>tum</span> <span class='ocrx_word' id='word_1_64' title='bbox 402 1242 478 1300; x_wconf 78' lang='lat'>4².</span> <span class='ocrx_word' id='word_1_65' title='bbox 547 1233 686 1299; x_wconf 86' lang='lat' dir='ltr'>Ubi</span> <span class='ocrx_word' id='word_1_66' title='bbox 731 1234 1006 1318; x_wconf 80' lang='lat' dir='ltr'>eclipses</span> <span class='ocrx_word' id='word_1_67' title='bbox 1049 1256 1176 1309; x_wconf 89' lang='lat' dir='ltr'>non</span> <span class='ocrx_word' id='word_1_68' title='bbox 1219 1220 1646 1319; x_wconf 75' lang='lat' dir='ltr'>adpareant⁴¹³</span> <span class='ocrx_word' id='word_1_69' title='bbox 1692 1244 1757 1299; x_wconf 90' lang='lat' dir='ltr'>et</span> <span class='ocrx_word' id='word_1_70' title='bbox 1800 1220 2016 1318; x_wconf 86' lang='lat' dir='ltr'>quare&#39;.</span> <span class='ocrx_word' id='word_1_71' title='bbox 2093 1233 2279 1314; x_wconf 83' lang='lat' dir='ltr'>Quae</span> <span class='ocrx_word' id='word_1_72' title='bbox 2322 1234 2485 1298; x_wconf 90' lang='lat' dir='ltr'>ratio</span> 
     </span>
    </p>
   </div>
   <div class='ocr_carea' id='block_1_3' title="bbox 239 1332 2577 1414">
    <p class='ocr_par' dir='ltr' id='par_1_3' title="bbox 239 1332 2577 1414">
     <span class='ocr_line' id='line_1_10' title="bbox 239 1332 2577 1414; baseline 0.001 -13"><span class='ocrx_word' id='word_1_73' title='bbox 239 1337 510 1402; x_wconf 89' lang='lat' dir='ltr'>diurnae</span> <span class='ocrx_word' id='word_1_74' title='bbox 552 1335 715 1402; x_wconf 89' lang='lat' dir='ltr'>lucis</span> <span class='ocrx_word' id='word_1_75' title='bbox 757 1336 825 1400; x_wconf 93' lang='lat' dir='ltr'>in</span> <span class='ocrx_word' id='word_1_76' title='bbox 865 1335 1070 1400; x_wconf 88' lang='lat' dir='ltr'>terris.</span> <span class='ocrx_word' id='word_1_77' title='bbox 1120 1332 1595 1400; x_wconf 70' lang='lat' dir='ltr'>Gnomonica44</span> <span class='ocrx_word' id='word_1_78' title='bbox 1639 1336 1721 1401; x_wconf 91' lang='lat' dir='ltr'>de</span> <span class='ocrx_word' id='word_1_79' title='bbox 1763 1337 1989 1401; x_wconf 90' lang='lat' dir='ltr'>eadem</span> <span class='ocrx_word' id='word_1_80' title='bbox 2007 1343 2065 1414; x_wconf 64' lang='grc'>45</span> <span class='ocrx_word' id='word_1_81' title='bbox 2106 1359 2196 1401; x_wconf 91' lang='lat' dir='ltr'>re.</span> <span class='ocrx_word' id='word_1_82' title='bbox 2243 1335 2379 1401; x_wconf 88' lang='lat' dir='ltr'>Ubi</span> <span class='ocrx_word' id='word_1_83' title='bbox 2421 1346 2487 1401; x_wconf 92' lang='lat' dir='ltr'>et</span> <span class='ocrx_word' id='word_1_84' title='bbox 2566 1389 2577 1403; x_wconf 78' lang='lat'>.</span> 
     </span>
    </p>
   </div>
   <div class='ocr_carea' id='block_1_4' title="bbox 231 1436 2484 3351">
    <p class='ocr_par' dir='ltr' id='par_1_4' title="bbox 231 1436 2484 3351">
     <span class='ocr_line' id='line_1_11' title="bbox 241 1436 2484 1522; baseline -0.001 -19"><span class='ocrx_word' id='word_1_85' title='bbox 241 1438 501 1522; x_wconf 87' lang='lat' dir='ltr'>quando</span> <span class='ocrx_word' id='word_1_86' title='bbox 544 1438 755 1502; x_wconf 89' lang='lat' dir='ltr'>nullae</span> <span class='ocrx_word' id='word_1_87' title='bbox 797 1436 1080 1501; x_wconf 88' lang='lat' dir='ltr'>umbrae.</span> <span class='ocrx_word' id='word_1_88' title='bbox 1155 1436 1291 1502; x_wconf 88' lang='lat' dir='ltr'>Ubi</span> <span class='ocrx_word' id='word_1_89' title='bbox 1333 1437 1432 1502; x_wconf 91' lang='lat' dir='ltr'>bis</span> <span class='ocrx_word' id='word_1_90' title='bbox 1476 1459 1644 1503; x_wconf 91' lang='lat' dir='ltr'>anno</span> <span class='ocrx_word' id='word_1_91' title='bbox 1662 1445 1751 1515; x_wconf 75' lang='lat'>4⁰3</span> <span class='ocrx_word' id='word_1_92' title='bbox 1827 1438 1940 1504; x_wconf 92' lang='lat' dir='ltr'>ubi</span> <span class='ocrx_word' id='word_1_93' title='bbox 1984 1439 2050 1501; x_wconf 91' lang='lat' dir='ltr'>in</span> <span class='ocrx_word' id='word_1_94' title='bbox 2096 1439 2484 1502; x_wconf 87' lang='lat' dir='ltr'>contrarium</span> 
     </span>
     <span class='ocr_line' id='line_1_12' title="bbox 238 1537 2480 1625; baseline -0 -21"><span class='ocrx_word' id='word_1_95' title='bbox 238 1539 505 1604; x_wconf 90' lang='lat' dir='ltr'>umbrae</span> <span class='ocrx_word' id='word_1_96' title='bbox 525 1545 579 1582; x_wconf 78' lang='lat'>4⁷</span> <span class='ocrx_word' id='word_1_97' title='bbox 635 1538 937 1603; x_wconf 83' lang='lat' dir='ltr'>ferantur.</span> <span class='ocrx_word' id='word_1_98' title='bbox 1013 1537 1149 1604; x_wconf 94' lang='lat' dir='ltr'>Ubi</span> <span class='ocrx_word' id='word_1_99' title='bbox 1203 1539 1560 1625; x_wconf 79' lang='lat' dir='ltr'>longissimi</span> <span class='ocrx_word' id='word_1_100' title='bbox 1614 1540 1752 1604; x_wconf 90' lang='lat' dir='ltr'>dies</span> <span class='ocrx_word' id='word_1_101' title='bbox 1776 1589 1794 1617; x_wconf 93' lang='lat'><strong><em>‚</em></strong></span> <span class='ocrx_word' id='word_1_102' title='bbox 1861 1539 1973 1605; x_wconf 91' lang='lat' dir='ltr'>ubi</span> <span class='ocrx_word' id='word_1_103' title='bbox 2026 1540 2386 1605; x_wconf 88' lang='lat' dir='ltr'>brevissimi</span> <span class='ocrx_word' id='word_1_104' title='bbox 2405 1546 2480 1603; x_wconf 67' lang='lat'>4⁸.</span> 
     </span>
     <span class='ocr_line' id='line_1_13' title="bbox 237 1638 2480 1727; baseline 0 -23"><span class='ocrx_word' id='word_1_105' title='bbox 237 1639 344 1705; x_wconf 94' lang='lat' dir='ltr'>De</span> <span class='ocrx_word' id='word_1_106' title='bbox 396 1641 606 1725; x_wconf 90' lang='lat' dir='ltr'>primo</span> <span class='ocrx_word' id='word_1_107' title='bbox 660 1639 1010 1727; x_wconf 89' lang='lat' dir='ltr'>horologi0.</span> <span class='ocrx_word' id='word_1_108' title='bbox 1092 1638 1434 1719; x_wconf 84' lang='lat' dir='ltr'>Quomodo</span> <span class='ocrx_word' id='word_1_109' title='bbox 1489 1640 1912 1705; x_wconf 86' lang='lat' dir='ltr'>observentur</span> <span class='ocrx_word' id='word_1_110' title='bbox 1932 1648 1988 1684; x_wconf 70' lang='lat'>4⁰</span> <span class='ocrx_word' id='word_1_111' title='bbox 2042 1642 2199 1706; x_wconf 92' lang='lat' dir='ltr'>dies.</span> <span class='ocrx_word' id='word_1_112' title='bbox 2265 1641 2480 1705; x_wconf 87' lang='lat' dir='ltr'>Diffe-</span> 
     </span>
     <span class='ocr_line' id='line_1_14' title="bbox 237 1741 2479 1828; baseline 0 -24"><span class='ocrx_word' id='word_1_113' title='bbox 237 1741 448 1807; x_wconf 87' lang='lat' dir='ltr'>rentia</span> <span class='ocrx_word' id='word_1_114' title='bbox 499 1742 792 1828; x_wconf 87' lang='lat' dir='ltr'>gentium</span> <span class='ocrx_word' id='word_1_115' title='bbox 844 1742 928 1805; x_wconf 90' lang='lat' dir='ltr'>ad</span> <span class='ocrx_word' id='word_1_116' title='bbox 980 1741 1294 1805; x_wconf 91' lang='lat' dir='ltr'>rationem</span> <span class='ocrx_word' id='word_1_117' title='bbox 1322 1747 1379 1784; x_wconf 83' lang='lat'>⁵0</span> <span class='ocrx_word' id='word_1_118' title='bbox 1432 1741 1675 1806; x_wconf 85' lang='lat' dir='ltr'>mundi.</span> <span class='ocrx_word' id='word_1_119' title='bbox 1759 1741 1866 1806; x_wconf 92' lang='lat' dir='ltr'>De</span> <span class='ocrx_word' id='word_1_120' title='bbox 1924 1752 2128 1805; x_wconf 89' lang='lat' dir='ltr'>terrae</span> <span class='ocrx_word' id='word_1_121' title='bbox 2182 1742 2479 1807; x_wconf 88' lang='lat' dir='ltr'>motibus.</span> 
     </span>
     <span class='ocr_line' id='line_1_15' title="bbox 239 1839 2481 1929; baseline 0.001 -24"><span class='ocrx_word' id='word_1_122' title='bbox 239 1841 344 1908; x_wconf 92' lang='lat' dir='ltr'>De</span> <span class='ocrx_word' id='word_1_123' title='bbox 393 1852 602 1907; x_wconf 88' lang='lat' dir='ltr'>terrae</span> <span class='ocrx_word' id='word_1_124' title='bbox 644 1842 947 1907; x_wconf 85' lang='lat' dir='ltr'>hiatibus.</span> <span class='ocrx_word' id='word_1_125' title='bbox 999 1839 1204 1929; x_wconf 86' lang='lat' dir='ltr'>Signa</span> <span class='ocrx_word' id='word_1_126' title='bbox 1245 1852 1458 1905; x_wconf 89' lang='lat' dir='ltr'>motus</span> <span class='ocrx_word' id='word_1_127' title='bbox 1504 1841 1724 1906; x_wconf 87' lang='lat' dir='ltr'>futuri.</span> <span class='ocrx_word' id='word_1_128' title='bbox 1770 1841 2038 1907; x_wconf 84' lang='lat' dir='ltr'>Auxilia</span> <span class='ocrx_word' id='word_1_129' title='bbox 2082 1852 2302 1906; x_wconf 90' lang='lat' dir='ltr'>contra</span> <span class='ocrx_word' id='word_1_130' title='bbox 2342 1864 2481 1907; x_wconf 92' lang='lat' dir='ltr'>mo-</span> 
     </span>
     <span class='ocr_line' id='line_1_16' title="bbox 240 1941 2481 2009; baseline 0 -1"><span class='ocrx_word' id='word_1_131' title='bbox 240 1955 343 2008; x_wconf 89' lang='lat' dir='ltr'>tus</span> <span class='ocrx_word' id='word_1_132' title='bbox 375 1944 652 2008; x_wconf 83' lang='lat' dir='ltr'>futuros.</span> <span class='ocrx_word' id='word_1_133' title='bbox 699 1943 1009 2007; x_wconf 85' lang='lat' dir='ltr'>Portenta</span> <span class='ocrx_word' id='word_1_134' title='bbox 1038 1952 1350 2007; x_wconf 88' lang='lat' dir='ltr'>terrarum</span> <span class='ocrx_word' id='word_1_135' title='bbox 1391 1944 1589 2007; x_wconf 93' lang='lat' dir='ltr'>semel</span> <span class='ocrx_word' id='word_1_136' title='bbox 1630 1944 1880 2008; x_wconf 89' lang='lat' dir='ltr'>tradita.</span> <span class='ocrx_word' id='word_1_137' title='bbox 1927 1941 2245 2008; x_wconf 90' lang='lat' dir='ltr'>Miracula</span> <span class='ocrx_word' id='word_1_138' title='bbox 2275 1954 2481 2009; x_wconf 88' lang='lat' dir='ltr'>terrae</span> 
     </span>
     <span class='ocr_line' id='line_1_17' title="bbox 235 2043 2478 2124; baseline -0 -14"><span class='ocrx_word' id='word_1_139' title='bbox 235 2056 473 2110; x_wconf 80' lang='lat' dir='ltr'>motus.</span> <span class='ocrx_word' id='word_1_140' title='bbox 522 2043 779 2124; x_wconf 92' lang='lat' dir='ltr'>Quibus</span> <span class='ocrx_word' id='word_1_141' title='bbox 818 2043 977 2109; x_wconf 92' lang='lat' dir='ltr'>locis</span> <span class='ocrx_word' id='word_1_142' title='bbox 1016 2044 1216 2108; x_wconf 88' lang='lat' dir='ltr'>maria</span> <span class='ocrx_word' id='word_1_143' title='bbox 1251 2044 1726 2109; x_wconf 85' lang='lat' dir='ltr'>recesserint⁵¹.</span> <span class='ocrx_word' id='word_1_144' title='bbox 1771 2043 2132 2109; x_wconf 91' lang='lat' dir='ltr'>Insularum</span> <span class='ocrx_word' id='word_1_145' title='bbox 2171 2067 2478 2110; x_wconf 93' lang='lat' dir='ltr'>enascen-</span> 
     </span>
     <span class='ocr_line' id='line_1_18' title="bbox 238 2144 2479 2230; baseline 0 -20"><span class='ocrx_word' id='word_1_146' title='bbox 238 2147 400 2211; x_wconf 89' lang='lat' dir='ltr'>tium</span> <span class='ocrx_word' id='word_1_147' title='bbox 444 2146 627 2211; x_wconf 89' lang='lat' dir='ltr'>rati0.</span> <span class='ocrx_word' id='word_1_148' title='bbox 676 2144 862 2225; x_wconf 89' lang='lat' dir='ltr'>Quae</span> <span class='ocrx_word' id='word_1_149' title='bbox 880 2151 938 2188; x_wconf 83' lang='lat'>⁵2</span> <span class='ocrx_word' id='word_1_150' title='bbox 968 2156 1035 2209; x_wconf 91' lang='lat' dir='ltr'>et</span> <span class='ocrx_word' id='word_1_151' title='bbox 1073 2144 1304 2228; x_wconf 91' lang='lat' dir='ltr'>quibus</span> <span class='ocrx_word' id='word_1_152' title='bbox 1346 2145 1742 2230; x_wconf 87' lang='lat' dir='ltr'>temporibus</span> <span class='ocrx_word' id='word_1_153' title='bbox 1774 2157 1997 2211; x_wconf 87' lang='lat' dir='ltr'>enatae</span> <span class='ocrx_word' id='word_1_154' title='bbox 2029 2147 2157 2209; x_wconf 89' lang='lat' dir='ltr'>sint</span> <span class='ocrx_word' id='word_1_155' title='bbox 2173 2152 2248 2210; x_wconf 83' lang='lat'>⁵³.</span> <span class='ocrx_word' id='word_1_156' title='bbox 2298 2145 2479 2226; x_wconf 92' lang='lat' dir='ltr'>Quas</span> 
     </span>
     <span class='ocr_line' id='line_1_19' title="bbox 237 2244 2478 2335; baseline 0.001 -24"><span class='ocrx_word' id='word_1_157' title='bbox 237 2257 445 2312; x_wconf 89' lang='lat' dir='ltr'>terras</span> <span class='ocrx_word' id='word_1_158' title='bbox 483 2247 944 2333; x_wconf 88' lang='lat' dir='ltr'>interruperint</span> <span class='ocrx_word' id='word_1_159' title='bbox 959 2252 1017 2289; x_wconf 71' lang='lat'>⁵4</span> <span class='ocrx_word' id='word_1_160' title='bbox 1054 2247 1271 2312; x_wconf 89' lang='lat' dir='ltr'>maria.</span> <span class='ocrx_word' id='word_1_161' title='bbox 1342 2244 1529 2328; x_wconf 87' lang='lat' dir='ltr'>Quae</span> <span class='ocrx_word' id='word_1_162' title='bbox 1566 2248 1814 2312; x_wconf 91' lang='lat' dir='ltr'>insulae</span> <span class='ocrx_word' id='word_1_163' title='bbox 1857 2248 2207 2314; x_wconf 89' lang='lat' dir='ltr'>continenti</span> <span class='ocrx_word' id='word_1_164' title='bbox 2250 2248 2478 2335; x_wconf 84' lang='lat' dir='ltr'>adiun-</span> 
     </span>
     <span class='ocr_line' id='line_1_20' title="bbox 241 2346 2479 2435; baseline 0.001 -23"><span class='ocrx_word' id='word_1_165' title='bbox 241 2359 378 2413; x_wconf 83' lang='lat' dir='ltr'>ctae</span> <span class='ocrx_word' id='word_1_166' title='bbox 413 2349 565 2413; x_wconf 90' lang='lat' dir='ltr'>sint.</span> <span class='ocrx_word' id='word_1_167' title='bbox 615 2346 802 2430; x_wconf 90' lang='lat' dir='ltr'>Quae</span> <span class='ocrx_word' id='word_1_168' title='bbox 834 2358 1039 2413; x_wconf 88' lang='lat' dir='ltr'>terrae</span> <span class='ocrx_word' id='word_1_169' title='bbox 1067 2348 1135 2412; x_wconf 95' lang='lat' dir='ltr'>in</span> <span class='ocrx_word' id='word_1_170' title='bbox 1167 2358 1371 2413; x_wconf 88' lang='lat' dir='ltr'>totum</span> <span class='ocrx_word' id='word_1_171' title='bbox 1399 2349 1560 2412; x_wconf 90' lang='lat' dir='ltr'>mari</span> <span class='ocrx_word' id='word_1_172' title='bbox 1588 2358 2006 2435; x_wconf 88' lang='lat' dir='ltr'>permutatae.</span> <span class='ocrx_word' id='word_1_173' title='bbox 2057 2348 2241 2429; x_wconf 86' lang='lat' dir='ltr'>Quae</span> <span class='ocrx_word' id='word_1_174' title='bbox 2272 2361 2479 2415; x_wconf 88' lang='lat' dir='ltr'>terrae</span> 
     </span>
     <span class='ocr_line' id='line_1_21' title="bbox 234 2449 2476 2537; baseline 0 -22"><span class='ocrx_word' id='word_1_175' title='bbox 234 2452 411 2537; x_wconf 92' lang='lat' dir='ltr'>ipsae</span> <span class='ocrx_word' id='word_1_176' title='bbox 462 2473 531 2515; x_wconf 90' lang='lat' dir='ltr'>se</span> <span class='ocrx_word' id='word_1_177' title='bbox 574 2451 934 2517; x_wconf 87' lang='lat' dir='ltr'>sorbuerint</span> <span class='ocrx_word' id='word_1_178' title='bbox 950 2458 1025 2516; x_wconf 77' lang='lat'>⁵⁵.</span> <span class='ocrx_word' id='word_1_179' title='bbox 1100 2449 1315 2516; x_wconf 90' lang='lat' dir='ltr'>Urbes</span> <span class='ocrx_word' id='word_1_180' title='bbox 1358 2451 1623 2515; x_wconf 89' lang='lat' dir='ltr'>haustae</span> <span class='ocrx_word' id='word_1_181' title='bbox 1665 2452 1843 2515; x_wconf 86' lang='lat' dir='ltr'>mari.</span> <span class='ocrx_word' id='word_1_182' title='bbox 1897 2450 2005 2516; x_wconf 89' lang='lat' dir='ltr'>De</span> <span class='ocrx_word' id='word_1_183' title='bbox 2052 2451 2382 2535; x_wconf 84' lang='lat' dir='ltr'>spiraculis</span> <span class='ocrx_word' id='word_1_184' title='bbox 2401 2458 2476 2515; x_wconf 79' lang='lat'>⁵⁶.</span> 
     </span>
     <span class='ocr_line' id='line_1_22' title="bbox 234 2551 2478 2638; baseline 0.001 -23"><span class='ocrx_word' id='word_1_185' title='bbox 234 2551 339 2617; x_wconf 92' lang='lat' dir='ltr'>De</span> <span class='ocrx_word' id='word_1_186' title='bbox 384 2552 577 2617; x_wconf 89' lang='lat' dir='ltr'>terris</span> <span class='ocrx_word' id='word_1_187' title='bbox 636 2575 889 2638; x_wconf 91' lang='lat' dir='ltr'>semper</span> <span class='ocrx_word' id='word_1_188' title='bbox 932 2552 1370 2617; x_wconf 90' lang='lat' dir='ltr'>trementibus.</span> <span class='ocrx_word' id='word_1_189' title='bbox 1455 2551 1562 2617; x_wconf 92' lang='lat' dir='ltr'>De</span> <span class='ocrx_word' id='word_1_190' title='bbox 1603 2553 1827 2616; x_wconf 89' lang='lat' dir='ltr'>insulis</span> <span class='ocrx_word' id='word_1_191' title='bbox 1871 2574 2122 2637; x_wconf 91' lang='lat' dir='ltr'>semper</span> <span class='ocrx_word' id='word_1_192' title='bbox 2162 2551 2478 2619; x_wconf 81' lang='lat' dir='ltr'>fluctuan-</span> 
     </span>
     <span class='ocr_line' id='line_1_23' title="bbox 237 2652 2477 2739; baseline 0.001 -22"><span class='ocrx_word' id='word_1_193' title='bbox 237 2654 407 2721; x_wconf 89' lang='lat' dir='ltr'>tibus</span> <span class='ocrx_word' id='word_1_194' title='bbox 429 2661 505 2719; x_wconf 82' lang='lat'>⁵⁷.</span> <span class='ocrx_word' id='word_1_195' title='bbox 554 2652 808 2733; x_wconf 91' lang='lat' dir='ltr'>Quibus</span> <span class='ocrx_word' id='word_1_196' title='bbox 837 2654 994 2722; x_wconf 91' lang='lat' dir='ltr'>locis</span> <span class='ocrx_word' id='word_1_197' title='bbox 1021 2677 1149 2718; x_wconf 90' lang='lat' dir='ltr'>non</span> <span class='ocrx_word' id='word_1_198' title='bbox 1176 2654 1426 2739; x_wconf 90' lang='lat' dir='ltr'>inpluat</span> <span class='ocrx_word' id='word_1_199' title='bbox 1443 2660 1519 2718; x_wconf 78' lang='lat'>⁵⁸.</span> <span class='ocrx_word' id='word_1_200' title='bbox 1564 2653 1890 2719; x_wconf 86' lang='lat' dir='ltr'>Acervata</span> <span class='ocrx_word' id='word_1_201' title='bbox 1935 2664 2242 2719; x_wconf 89' lang='lat' dir='ltr'>terrarum</span> <span class='ocrx_word' id='word_1_202' title='bbox 2285 2655 2477 2719; x_wconf 91' lang='lat' dir='ltr'>mira-</span> 
     </span>
     <span class='ocr_line' id='line_1_24' title="bbox 239 2753 2477 2837; baseline 0.002 -19"><span class='ocrx_word' id='word_1_203' title='bbox 239 2757 399 2821; x_wconf 89' lang='lat' dir='ltr'>cula.</span> <span class='ocrx_word' id='word_1_204' title='bbox 476 2753 626 2837; x_wconf 93' lang='lat' dir='ltr'>Qua</span> <span class='ocrx_word' id='word_1_205' title='bbox 677 2756 921 2820; x_wconf 86' lang='lat' dir='ltr'>ratione</span> <span class='ocrx_word' id='word_1_206' title='bbox 975 2766 1190 2820; x_wconf 88' lang='lat' dir='ltr'>aestus</span> <span class='ocrx_word' id='word_1_207' title='bbox 1243 2756 1435 2819; x_wconf 87' lang='lat' dir='ltr'>maris</span> <span class='ocrx_word' id='word_1_208' title='bbox 1491 2756 1803 2820; x_wconf 90' lang='lat' dir='ltr'>accedant</span> <span class='ocrx_word' id='word_1_209' title='bbox 1846 2766 1911 2821; x_wconf 91' lang='lat' dir='ltr'>et</span> <span class='ocrx_word' id='word_1_210' title='bbox 1952 2756 2274 2821; x_wconf 88' lang='lat' dir='ltr'>recedant.</span> <span class='ocrx_word' id='word_1_211' title='bbox 2342 2756 2477 2822; x_wconf 95' lang='lat' dir='ltr'>Ubi</span> 
     </span>
     <span class='ocr_line' id='line_1_25' title="bbox 235 2855 2474 2937; baseline 0.001 -17"><span class='ocrx_word' id='word_1_212' title='bbox 235 2869 454 2924; x_wconf 90' lang='lat' dir='ltr'>aestus</span> <span class='ocrx_word' id='word_1_213' title='bbox 499 2868 681 2924; x_wconf 84' lang='lat' dir='ltr'>extra</span> <span class='ocrx_word' id='word_1_214' title='bbox 720 2858 1035 2924; x_wconf 89' lang='lat' dir='ltr'>rationem</span> <span class='ocrx_word' id='word_1_215' title='bbox 1075 2857 1247 2922; x_wconf 91' lang='lat' dir='ltr'>idem</span> <span class='ocrx_word' id='word_1_216' title='bbox 1291 2857 1530 2922; x_wconf 87' lang='lat' dir='ltr'>faciant</span> <span class='ocrx_word' id='word_1_217' title='bbox 1548 2863 1622 2921; x_wconf 77' lang='grc'>59.</span> <span class='ocrx_word' id='word_1_218' title='bbox 1669 2855 1990 2922; x_wconf 91' lang='lat' dir='ltr'>Miracula</span> <span class='ocrx_word' id='word_1_219' title='bbox 2027 2858 2239 2923; x_wconf 91' lang='lat' dir='ltr'>maris.</span> <span class='ocrx_word' id='word_1_220' title='bbox 2289 2856 2474 2937; x_wconf 90' lang='lat' dir='ltr'>Quae</span> 
     </span>
     <span class='ocr_line' id='line_1_26' title="bbox 232 2957 2475 3044; baseline 0.001 -22"><span class='ocrx_word' id='word_1_221' title='bbox 232 2960 522 3044; x_wconf 87' lang='lat' dir='ltr'>potentia</span> <span class='ocrx_word' id='word_1_222' title='bbox 537 2966 594 3003; x_wconf 77' lang='lat'>⁰⁰</span> <span class='ocrx_word' id='word_1_223' title='bbox 635 2961 823 3025; x_wconf 93' lang='lat' dir='ltr'>lunae</span> <span class='ocrx_word' id='word_1_224' title='bbox 868 2959 952 3024; x_wconf 90' lang='lat' dir='ltr'>ad</span> <span class='ocrx_word' id='word_1_225' title='bbox 995 2971 1247 3024; x_wconf 89' lang='lat' dir='ltr'>terrena</span> <span class='ocrx_word' id='word_1_226' title='bbox 1290 2969 1356 3024; x_wconf 91' lang='lat' dir='ltr'>et</span> <span class='ocrx_word' id='word_1_227' title='bbox 1395 2959 1642 3024; x_wconf 89' lang='lat' dir='ltr'>marina</span> <span class='ocrx_word' id='word_1_228' title='bbox 1662 2966 1747 3036; x_wconf 79' lang='lat'>⁶¹,</span> <span class='ocrx_word' id='word_1_229' title='bbox 1807 2981 1971 3042; x_wconf 90' lang='lat' dir='ltr'>quae</span> <span class='ocrx_word' id='word_1_230' title='bbox 2016 2960 2186 3024; x_wconf 91' lang='lat' dir='ltr'>solis.</span> <span class='ocrx_word' id='word_1_231' title='bbox 2257 2957 2475 3038; x_wconf 90' lang='lat' dir='ltr'>Quare</span> 
     </span>
     <span class='ocr_line' id='line_1_27' title="bbox 235 3059 2477 3130; baseline -0.001 -5"><span class='ocrx_word' id='word_1_232' title='bbox 235 3062 476 3128; x_wconf 91' lang='lat' dir='ltr'>salsum</span> <span class='ocrx_word' id='word_1_233' title='bbox 527 3085 719 3127; x_wconf 90' lang='lat' dir='ltr'>mare.</span> <span class='ocrx_word' id='word_1_234' title='bbox 805 3061 940 3127; x_wconf 92' lang='lat' dir='ltr'>Ubi</span> <span class='ocrx_word' id='word_1_235' title='bbox 995 3062 1371 3126; x_wconf 90' lang='lat' dir='ltr'>altissimum</span> <span class='ocrx_word' id='word_1_236' title='bbox 1423 3083 1619 3130; x_wconf 89' lang='lat' dir='ltr'>mare.</span> <span class='ocrx_word' id='word_1_237' title='bbox 1703 3059 2030 3122; x_wconf 90' lang='lat' dir='ltr'>Mirabilia</span> <span class='ocrx_word' id='word_1_238' title='bbox 2083 3060 2356 3122; x_wconf 84' lang='lat' dir='ltr'>fontium</span> <span class='ocrx_word' id='word_1_239' title='bbox 2412 3071 2477 3123; x_wconf 85' lang='lat' dir='ltr'>et</span> 
     </span>
     <span class='ocr_line' id='line_1_28' title="bbox 231 3158 2470 3252; baseline -0 -27"><span class='ocrx_word' id='word_1_240' title='bbox 231 3159 565 3227; x_wconf 90' lang='lat' dir='ltr'>fluminum</span> <span class='ocrx_word' id='word_1_241' title='bbox 580 3170 654 3228; x_wconf 74' lang='grc'>52.</span> <span class='ocrx_word' id='word_1_242' title='bbox 711 3163 970 3252; x_wconf 83' lang='lat' dir='ltr'>Ignium</span> <span class='ocrx_word' id='word_1_243' title='bbox 1011 3174 1077 3227; x_wconf 93' lang='lat' dir='ltr'>et</span> <span class='ocrx_word' id='word_1_244' title='bbox 1104 3184 1413 3245; x_wconf 85' lang='lat' dir='ltr'>aquarum</span> <span class='ocrx_word' id='word_1_245' title='bbox 1439 3162 1658 3224; x_wconf 87' lang='lat' dir='ltr'>iuncta</span> <span class='ocrx_word' id='word_1_246' title='bbox 1695 3160 2019 3223; x_wconf 90' lang='lat' dir='ltr'>miracula.</span> <span class='ocrx_word' id='word_1_247' title='bbox 2078 3158 2185 3224; x_wconf 95' lang='lat' dir='ltr'>De</span> <span class='ocrx_word' id='word_1_248' title='bbox 2215 3161 2470 3227; x_wconf 88' lang='lat' dir='ltr'>maltha.</span> 
     </span>
     <span class='ocr_line' id='line_1_29' title="bbox 232 3260 2470 3351; baseline 0 -25"><span class='ocrx_word' id='word_1_249' title='bbox 232 3262 338 3329; x_wconf 93' lang='lat' dir='ltr'>De</span> <span class='ocrx_word' id='word_1_250' title='bbox 380 3266 684 3351; x_wconf 90' lang='lat' dir='ltr'>naphtha.</span> <span class='ocrx_word' id='word_1_251' title='bbox 734 3264 920 3345; x_wconf 90' lang='lat' dir='ltr'>Quae</span> <span class='ocrx_word' id='word_1_252' title='bbox 963 3265 1107 3328; x_wconf 91' lang='lat' dir='ltr'>loca</span> <span class='ocrx_word' id='word_1_253' title='bbox 1150 3284 1405 3346; x_wconf 91' lang='lat' dir='ltr'>semper</span> <span class='ocrx_word' id='word_1_254' title='bbox 1447 3261 1729 3325; x_wconf 87' lang='lat' dir='ltr'>ardeant.</span> <span class='ocrx_word' id='word_1_255' title='bbox 1776 3260 2034 3348; x_wconf 87' lang='lat' dir='ltr'>Ignium</span> <span class='ocrx_word' id='word_1_256' title='bbox 2077 3284 2194 3346; x_wconf 90' lang='lat' dir='ltr'>per</span> <span class='ocrx_word' id='word_1_257' title='bbox 2237 3285 2306 3326; x_wconf 92' lang='lat' dir='ltr'>se</span> <span class='ocrx_word' id='word_1_258' title='bbox 2348 3264 2470 3326; x_wconf 90' lang='lat' dir='ltr'>mi-</span> 
     </span>
    </p>
   </div>
   <div class='ocr_carea' id='block_1_5' title="bbox 228 3443 2467 4387">
    <p class='ocr_par' dir='ltr' id='par_1_5' title="bbox 228 3443 2467 4387">
     <span class='ocr_line' id='line_1_30' title="bbox 228 3443 2467 3508; baseline 0 -15"><span class='ocrx_word' id='word_1_259' title='bbox 228 3444 567 3508; x_wconf 86' lang='lat' dir='ltr'>pestivorum‚</span> <span class='ocrx_word' id='word_1_260' title='bbox 621 3449 684 3496; x_wconf 92' lang='grc' dir='ltr'>Β.</span> <span class='ocrx_word' id='word_1_261' title='bbox 757 3453 839 3496; x_wconf 88' lang='lat'>35.</span> <span class='ocrx_word' id='word_1_262' title='bbox 884 3443 1097 3505; x_wconf 83' lang='lat' dir='ltr'>cadunt,</span> <span class='ocrx_word' id='word_1_263' title='bbox 1144 3447 1232 3495; x_wconf 86' lang='lat' dir='ltr'>ab.</span> <span class='ocrx_word' id='word_1_264' title='bbox 1314 3450 1396 3493; x_wconf 88' lang='lat'>36.</span> <span class='ocrx_word' id='word_1_265' title='bbox 1438 3443 1838 3505; x_wconf 71' lang='lat' dir='ltr'>observationiS,</span> <span class='ocrx_word' id='word_1_266' title='bbox 1883 3446 1931 3494; x_wconf 92' lang='lat' dir='ltr'>b.</span> <span class='ocrx_word' id='word_1_267' title='bbox 1995 3443 2076 3491; x_wconf 89' lang='lat' dir='ltr'>De</span> <span class='ocrx_word' id='word_1_268' title='bbox 2113 3445 2467 3494; x_wconf 84' lang='lat' dir='ltr'>observatione</span> 
     </span>
     <span class='ocr_line' id='line_1_31' title="bbox 241 3509 2466 3576; baseline 0.001 -16"><span class='ocrx_word' id='word_1_269' title='bbox 241 3510 568 3573; x_wconf 74' lang='lat' dir='ltr'>Thuscorum,</span> <span class='ocrx_word' id='word_1_270' title='bbox 602 3530 641 3562; x_wconf 89' lang='lat' dir='ltr'>r.</span> <span class='ocrx_word' id='word_1_271' title='bbox 679 3517 761 3564; x_wconf 92' lang='lat'>37.</span> <span class='ocrx_word' id='word_1_272' title='bbox 793 3510 1064 3562; x_wconf 74' lang='lat' dir='ltr'>Catholica</span> <span class='ocrx_word' id='word_1_273' title='bbox 1082 3509 1352 3576; x_wconf 76' lang='lat' dir='ltr'>sulyurum</span> <span class='ocrx_word' id='word_1_274' title='bbox 1377 3527 1513 3575; x_wconf 88' lang='lat' dir='ltr'>pone</span> <span class='ocrx_word' id='word_1_275' title='bbox 1535 3510 1772 3562; x_wconf 87' lang='lat' dir='ltr'>Romana</span> <span class='ocrx_word' id='word_1_276' title='bbox 1794 3513 2051 3561; x_wconf 85' lang='lat' dir='ltr'>collocant</span> <span class='ocrx_word' id='word_1_277' title='bbox 2083 3515 2200 3574; x_wconf 89' lang='grc' dir='ltr'>ΒΤ,</span> <span class='ocrx_word' id='word_1_278' title='bbox 2226 3514 2466 3563; x_wconf 82' lang='lat' dir='ltr'>omittunt</span> 
     </span>
     <span class='ocr_line' id='line_1_32' title="bbox 232 3578 2464 3648; baseline 0.001 -19"><span class='ocrx_word' id='word_1_279' title='bbox 232 3581 323 3629; x_wconf 86' lang='lat' dir='ltr'>bd.</span> <span class='ocrx_word' id='word_1_280' title='bbox 342 3580 957 3630; x_wconf 84' lang='lat' dir='ltr'>EmendavitHarduinus.</span> <span class='ocrx_word' id='word_1_281' title='bbox 977 3581 1093 3629; x_wconf 84' lang='lat' dir='ltr'>Vid.</span> <span class='ocrx_word' id='word_1_282' title='bbox 1108 3588 1154 3642; x_wconf 84' lang='lat'>2,</span> <span class='ocrx_word' id='word_1_283' title='bbox 1172 3586 1452 3629; x_wconf 74' lang='grc'><strong>140-145.</strong></span> <span class='ocrx_word' id='word_1_284' title='bbox 1468 3587 1625 3630; x_wconf 79' lang='grc'>-38,</span> <span class='ocrx_word' id='word_1_285' title='bbox 1633 3578 1848 3643; x_wconf 81' lang='lat' dir='ltr'>pluisse,</span> <span class='ocrx_word' id='word_1_286' title='bbox 1860 3582 2005 3630; x_wconf 89' lang='lat' dir='ltr'>de.</span> <span class='ocrx_word' id='word_1_287' title='bbox 2033 3587 2115 3630; x_wconf 88' lang='lat'>39.</span> <span class='ocrx_word' id='word_1_288' title='bbox 2136 3581 2309 3630; x_wconf 87' lang='lat' dir='ltr'>coctis.</span> <span class='ocrx_word' id='word_1_289' title='bbox 2329 3582 2464 3648; x_wconf 79' lang='lat' dir='ltr'>Huic</span> 
     </span>
     <span class='ocr_line' id='line_1_33' title="bbox 230 3647 2460 3711; baseline 0.002 -17"><span class='ocrx_word' id='word_1_290' title='bbox 230 3647 348 3695; x_wconf 82' lang='lat' dir='ltr'>voci</span> <span class='ocrx_word' id='word_1_291' title='bbox 371 3647 562 3697; x_wconf 83' lang='lat' dir='ltr'>addunt</span> <span class='ocrx_word' id='word_1_292' title='bbox 582 3650 835 3710; x_wconf 85' lang='lat' dir='ltr'>frumento</span> <span class='ocrx_word' id='word_1_293' title='bbox 858 3649 1062 3707; x_wconf 87' lang='lat' dir='ltr'>Rde‚</span> <span class='ocrx_word' id='word_1_294' title='bbox 1086 3657 1144 3698; x_wconf 89' lang='lat' dir='ltr'>ut</span> <span class='ocrx_word' id='word_1_295' title='bbox 1165 3647 1314 3697; x_wconf 87' lang='lat' dir='ltr'>facile</span> <span class='ocrx_word' id='word_1_296' title='bbox 1339 3650 1400 3697; x_wconf 87' lang='lat' dir='ltr'>de</span> <span class='ocrx_word' id='word_1_297' title='bbox 1432 3650 1616 3698; x_wconf 84' lang='lat' dir='ltr'>lacuna</span> <span class='ocrx_word' id='word_1_298' title='bbox 1637 3650 1790 3698; x_wconf 88' lang='lat' dir='ltr'>Plinii</span> <span class='ocrx_word' id='word_1_299' title='bbox 1816 3656 1862 3709; x_wconf 92' lang='grc'>2,</span> <span class='ocrx_word' id='word_1_300' title='bbox 1893 3653 2005 3700; x_wconf 90' lang='grc'><strong>147.</strong></span> <span class='ocrx_word' id='word_1_301' title='bbox 2032 3649 2256 3711; x_wconf 82' lang='lat' dir='ltr'>cogitare</span> <span class='ocrx_word' id='word_1_302' title='bbox 2278 3651 2460 3710; x_wconf 88' lang='lat' dir='ltr'>possis.</span> 
     </span>
     <span class='ocr_line' id='line_1_34' title="bbox 233 3710 2459 3779; baseline 0.001 -16"><span class='ocrx_word' id='word_1_303' title='bbox 233 3720 314 3764; x_wconf 86' lang='lat'>40.</span> <span class='ocrx_word' id='word_1_304' title='bbox 349 3710 492 3769; x_wconf 77' lang='lat' dir='ltr'>Quae</span> <span class='ocrx_word' id='word_1_305' title='bbox 516 3714 653 3765; x_wconf 75' lang='lat' dir='ltr'>ratio</span> <span class='ocrx_word' id='word_1_306' title='bbox 661 3714 948 3779; x_wconf 68' lang='lat' dir='ltr'>fluminum</span> <span class='ocrx_word' id='word_1_307' title='bbox 973 3717 1132 3766; x_wconf 84' lang='lat' dir='ltr'>RTd.</span> <span class='ocrx_word' id='word_1_308' title='bbox 1160 3716 1431 3765; x_wconf 75' lang='lat' dir='ltr'>Omittitb.</span> <span class='ocrx_word' id='word_1_309' title='bbox 1470 3722 1551 3766; x_wconf 91' lang='lat'>41.</span> <span class='ocrx_word' id='word_1_310' title='bbox 1579 3714 1842 3777; x_wconf 85' lang='lat' dir='ltr'>undarum,</span> <span class='ocrx_word' id='word_1_311' title='bbox 1868 3718 1956 3766; x_wconf 85' lang='lat' dir='ltr'>ab.</span> <span class='ocrx_word' id='word_1_312' title='bbox 1994 3723 2075 3765; x_wconf 86' lang='lat'>42.</span> <span class='ocrx_word' id='word_1_313' title='bbox 2104 3714 2345 3776; x_wconf 85' lang='lat' dir='ltr'>liminum,</span> <span class='ocrx_word' id='word_1_314' title='bbox 2371 3718 2459 3766; x_wconf 87' lang='lat' dir='ltr'>ab.</span> 
     </span>
     <span class='ocr_line' id='line_1_35' title="bbox 233 3779 2459 3847; baseline 0.001 -18"><span class='ocrx_word' id='word_1_315' title='bbox 233 3787 313 3830; x_wconf 89' lang='lat'>43.</span> <span class='ocrx_word' id='word_1_316' title='bbox 340 3779 561 3847; x_wconf 76' lang='lat' dir='ltr'>eclypsis</span> <span class='ocrx_word' id='word_1_317' title='bbox 586 3798 682 3830; x_wconf 86' lang='lat' dir='ltr'>non</span> <span class='ocrx_word' id='word_1_318' title='bbox 710 3791 986 3846; x_wconf 83' lang='lat' dir='ltr'>appareat,</span> <span class='ocrx_word' id='word_1_319' title='bbox 1013 3785 1074 3833; x_wconf 90' lang='grc' dir='ltr'>Τ.</span> <span class='ocrx_word' id='word_1_320' title='bbox 1113 3781 1349 3845; x_wconf 80' lang='lat' dir='ltr'>eclipsis,</span> <span class='ocrx_word' id='word_1_321' title='bbox 1374 3785 1476 3833; x_wconf 81' lang='lat' dir='ltr'>Ra.</span> <span class='ocrx_word' id='word_1_322' title='bbox 1524 3790 1604 3833; x_wconf 93' lang='lat'>44.</span> <span class='ocrx_word' id='word_1_323' title='bbox 1636 3781 1963 3845; x_wconf 84' lang='lat' dir='ltr'>G&#39;nomonica,</span> <span class='ocrx_word' id='word_1_324' title='bbox 1988 3786 2150 3835; x_wconf 84' lang='lat' dir='ltr'>RTd.</span> <span class='ocrx_word' id='word_1_325' title='bbox 2195 3780 2459 3845; x_wconf 80' lang='lat' dir='ltr'>Gnomica,</span> 
     </span>
     <span class='ocr_line' id='line_1_36' title="bbox 231 3849 2457 3912; baseline 0.002 -15"><span class='ocrx_word' id='word_1_326' title='bbox 231 3849 319 3897; x_wconf 91' lang='lat' dir='ltr'>b..</span> <span class='ocrx_word' id='word_1_327' title='bbox 386 3850 632 3912; x_wconf 83' lang='lat' dir='ltr'>.monica,</span> <span class='ocrx_word' id='word_1_328' title='bbox 658 3867 703 3900; x_wconf 88' lang='lat' dir='ltr'>a.</span> <span class='ocrx_word' id='word_1_329' title='bbox 753 3856 835 3900; x_wconf 88' lang='lat'>45.</span> <span class='ocrx_word' id='word_1_330' title='bbox 863 3866 939 3911; x_wconf 88' lang='lat' dir='ltr'>ea,</span> <span class='ocrx_word' id='word_1_331' title='bbox 958 3852 1008 3900; x_wconf 90' lang='lat' dir='ltr'>b.</span> <span class='ocrx_word' id='word_1_332' title='bbox 1065 3857 1144 3901; x_wconf 89' lang='grc'>46.</span> <span class='ocrx_word' id='word_1_333' title='bbox 1172 3849 1226 3898; x_wconf 87' lang='lat' dir='ltr'>in</span> <span class='ocrx_word' id='word_1_334' title='bbox 1251 3866 1400 3912; x_wconf 84' lang='lat' dir='ltr'>anno,</span> <span class='ocrx_word' id='word_1_335' title='bbox 1425 3853 1487 3901; x_wconf 92' lang='lat' dir='ltr'>T.</span> <span class='ocrx_word' id='word_1_336' title='bbox 1525 3855 1606 3902; x_wconf 89' lang='lat'>47.</span> <span class='ocrx_word' id='word_1_337' title='bbox 1634 3850 1722 3899; x_wconf 86' lang='lat' dir='ltr'>ubi</span> <span class='ocrx_word' id='word_1_338' title='bbox 1747 3892 1808 3900; x_wconf 77' lang='grc'><strong>-</strong></span> <span class='ocrx_word' id='word_1_339' title='bbox 1837 3853 2056 3912; x_wconf 81' lang='lat' dir='ltr'>umbrae,</span> <span class='ocrx_word' id='word_1_340' title='bbox 2090 3853 2124 3901; x_wconf 94' lang='lat' dir='ltr'>b</span> <span class='ocrx_word' id='word_1_341' title='bbox 2150 3853 2213 3900; x_wconf 90' lang='lat' dir='ltr'>ab</span> <span class='ocrx_word' id='word_1_342' title='bbox 2238 3853 2325 3900; x_wconf 80' lang='lat' dir='ltr'>alt.</span> <span class='ocrx_word' id='word_1_343' title='bbox 2350 3868 2457 3901; x_wconf 89' lang='lat' dir='ltr'>ma-</span> 
     </span>
     <span class='ocr_line' id='line_1_37' title="bbox 233 3917 2456 3982; baseline 0.001 -19"><span class='ocrx_word' id='word_1_344' title='bbox 233 3930 317 3966; x_wconf 90' lang='lat' dir='ltr'>nu.</span> <span class='ocrx_word' id='word_1_345' title='bbox 354 3918 557 3968; x_wconf 83' lang='lat' dir='ltr'>umbrae</span> <span class='ocrx_word' id='word_1_346' title='bbox 563 3920 833 3982; x_wconf 85' lang='lat' dir='ltr'>ferantur</span> <span class='ocrx_word' id='word_1_347' title='bbox 858 3920 991 3969; x_wconf 86' lang='lat' dir='ltr'>Rab</span> <span class='ocrx_word' id='word_1_348' title='bbox 1014 3918 1101 3967; x_wconf 86' lang='lat' dir='ltr'>alt.</span> <span class='ocrx_word' id='word_1_349' title='bbox 1126 3934 1295 3968; x_wconf 88' lang='lat' dir='ltr'>manu.</span> <span class='ocrx_word' id='word_1_350' title='bbox 1335 3925 1416 3969; x_wconf 87' lang='lat'>48.</span> <span class='ocrx_word' id='word_1_351' title='bbox 1449 3917 1622 3981; x_wconf 67' lang='lat' dir='ltr'>Ubi-</span> <span class='ocrx_word' id='word_1_352' title='bbox 1638 3918 1943 3980; x_wconf 87' lang='lat' dir='ltr'>brevissimi,</span> <span class='ocrx_word' id='word_1_353' title='bbox 1970 3920 2157 3969; x_wconf 89' lang='lat' dir='ltr'>omittit</span> <span class='ocrx_word' id='word_1_354' title='bbox 2180 3922 2242 3970; x_wconf 94' lang='grc' dir='ltr'>Β.</span> <span class='ocrx_word' id='word_1_355' title='bbox 2269 3923 2351 3969; x_wconf 88' lang='grc'>49.</span> <span class='ocrx_word' id='word_1_356' title='bbox 2373 3920 2456 3967; x_wconf 91' lang='lat' dir='ltr'>ob-</span> 
     </span>
     <span class='ocr_line' id='line_1_38' title="bbox 235 3985 2455 4049; baseline 0.004 -21"><span class='ocrx_word' id='word_1_357' title='bbox 235 3993 520 4048; x_wconf 86' lang='lat' dir='ltr'>servantur,</span> <span class='ocrx_word' id='word_1_358' title='bbox 551 4003 592 4036; x_wconf 90' lang='lat' dir='ltr'>r.</span> <span class='ocrx_word' id='word_1_359' title='bbox 620 3992 700 4036; x_wconf 91' lang='lat'>50.</span> <span class='ocrx_word' id='word_1_360' title='bbox 728 3995 777 4035; x_wconf 88' lang='lat' dir='ltr'>et</span> <span class='ocrx_word' id='word_1_361' title='bbox 808 3987 957 4047; x_wconf 88' lang='lat' dir='ltr'>ratio,</span> <span class='ocrx_word' id='word_1_362' title='bbox 981 4003 1020 4035; x_wconf 89' lang='lat' dir='ltr'>r.</span> <span class='ocrx_word' id='word_1_363' title='bbox 1082 3992 1161 4035; x_wconf 90' lang='lat'>51.</span> <span class='ocrx_word' id='word_1_364' title='bbox 1189 3985 1509 4046; x_wconf 81' lang='lat' dir='ltr'>recesserint,</span> <span class='ocrx_word' id='word_1_365' title='bbox 1527 3988 1590 4036; x_wconf 89' lang='grc' dir='ltr'>Β.</span> <span class='ocrx_word' id='word_1_366' title='bbox 1626 3995 1956 4048; x_wconf 82' lang='lat' dir='ltr'>recesserunt,</span> <span class='ocrx_word' id='word_1_367' title='bbox 1981 3989 2074 4037; x_wconf 84' lang='lat' dir='ltr'>Tr.</span> <span class='ocrx_word' id='word_1_368' title='bbox 2103 4003 2343 4049; x_wconf 85' lang='lat' dir='ltr'>recesser,</span> <span class='ocrx_word' id='word_1_369' title='bbox 2364 3989 2455 4036; x_wconf 91' lang='lat' dir='ltr'>bd.</span> 
     </span>
     <span class='ocr_line' id='line_1_39' title="bbox 238 4024 2454 4116; baseline 0.002 -17"><span class='ocrx_word' id='word_1_370' title='bbox 238 4055 315 4100; x_wconf 89' lang='grc'><strong>52.</strong></span> <span class='ocrx_word' id='word_1_371' title='bbox 349 4061 398 4101; x_wconf 87' lang='lat' dir='ltr'>et</span> <span class='ocrx_word' id='word_1_372' title='bbox 430 4069 575 4116; x_wconf 83' lang='lat' dir='ltr'>quae,</span> <span class='ocrx_word' id='word_1_373' title='bbox 599 4055 660 4104; x_wconf 88' lang='lat' dir='ltr'>T.</span> <span class='ocrx_word' id='word_1_374' title='bbox 711 4060 790 4104; x_wconf 88' lang='lat'>53.</span> <span class='ocrx_word' id='word_1_375' title='bbox 817 4062 952 4116; x_wconf 85' lang='lat' dir='ltr'>sunt,</span> <span class='ocrx_word' id='word_1_376' title='bbox 977 4055 1038 4103; x_wconf 88' lang='lat' dir='ltr'>T.</span> <span class='ocrx_word' id='word_1_377' title='bbox 1087 4060 1166 4103; x_wconf 87' lang='lat'>54.</span> <span class='ocrx_word' id='word_1_378' title='bbox 1202 4052 1583 4115; x_wconf 80' lang='lat' dir='ltr'>interruperint,</span> <span class='ocrx_word' id='word_1_379' title='bbox 1608 4055 1656 4102; x_wconf 91' lang='lat' dir='ltr'>b.</span> <span class='ocrx_word' id='word_1_380' title='bbox 1683 4024 2066 4116; x_wconf 48' lang='lat' dir='ltr'>intersepaient,</span> <span class='ocrx_word' id='word_1_381' title='bbox 2090 4057 2193 4105; x_wconf 88' lang='lat' dir='ltr'>Td.</span> <span class='ocrx_word' id='word_1_382' title='bbox 2238 4057 2358 4106; x_wconf 92' lang='lat' dir='ltr'>Inb</span> <span class='ocrx_word' id='word_1_383' title='bbox 2382 4057 2454 4104; x_wconf 84' lang='lat' dir='ltr'>la-</span> 
     </span>
     <span class='ocr_line' id='line_1_40' title="bbox 236 4118 2456 4183; baseline 0.003 -18"><span class='ocrx_word' id='word_1_384' title='bbox 236 4131 378 4169; x_wconf 86' lang='lat' dir='ltr'>cuna.</span> <span class='ocrx_word' id='word_1_385' title='bbox 449 4127 528 4171; x_wconf 90' lang='lat'>55.</span> <span class='ocrx_word' id='word_1_386' title='bbox 565 4136 620 4170; x_wconf 83' lang='lat' dir='ltr'>se</span> <span class='ocrx_word' id='word_1_387' title='bbox 643 4122 947 4183; x_wconf 79' lang='lat' dir='ltr'>sorbuerint,</span> <span class='ocrx_word' id='word_1_388' title='bbox 970 4123 1166 4172; x_wconf 85' lang='lat' dir='ltr'>Broter.</span> <span class='ocrx_word' id='word_1_389' title='bbox 1220 4118 1597 4181; x_wconf 80' lang='lat' dir='ltr'>seminaverint,</span> <span class='ocrx_word' id='word_1_390' title='bbox 1629 4122 1721 4170; x_wconf 85' lang='lat' dir='ltr'>bd.</span> <span class='ocrx_word' id='word_1_391' title='bbox 1761 4122 2050 4183; x_wconf 84' lang='lat' dir='ltr'>....uerint,</span> <span class='ocrx_word' id='word_1_392' title='bbox 2075 4125 2136 4173; x_wconf 88' lang='grc' dir='ltr'><strong>Β.</strong></span> <span class='ocrx_word' id='word_1_393' title='bbox 2196 4125 2456 4174; x_wconf 88' lang='lat' dir='ltr'>InThoc</span> 
     </span>
     <span class='ocr_line' id='line_1_41' title="bbox 234 4159 2452 4256; baseline 0.004 -24"><span class='ocrx_word' id='word_1_394' title='bbox 234 4183 417 4237; x_wconf 84' lang='lat' dir='ltr'>lemma</span> <span class='ocrx_word' id='word_1_395' title='bbox 440 4190 639 4239; x_wconf 81' lang='lat' dir='ltr'>excidit.</span> <span class='ocrx_word' id='word_1_396' title='bbox 714 4196 791 4239; x_wconf 87' lang='lat'>56.</span> <span class='ocrx_word' id='word_1_397' title='bbox 828 4159 1112 4254; x_wconf 62' lang='lat' dir='ltr'>spirbculzs,</span> <span class='ocrx_word' id='word_1_398' title='bbox 1138 4190 1200 4238; x_wconf 89' lang='lat' dir='ltr'>T.</span> <span class='ocrx_word' id='word_1_399' title='bbox 1240 4187 1470 4253; x_wconf 83' lang='lat' dir='ltr'>piaculis,</span> <span class='ocrx_word' id='word_1_400' title='bbox 1496 4189 1643 4237; x_wconf 87' lang='lat' dir='ltr'>Rbd.</span> <span class='ocrx_word' id='word_1_401' title='bbox 1717 4192 1795 4239; x_wconf 88' lang='lat'>57.</span> <span class='ocrx_word' id='word_1_402' title='bbox 1831 4187 1912 4236; x_wconf 92' lang='lat' dir='ltr'>De</span> <span class='ocrx_word' id='word_1_403' title='bbox 1945 4190 2123 4239; x_wconf 83' lang='lat' dir='ltr'>insulis</span> <span class='ocrx_word' id='word_1_404' title='bbox 2148 4206 2337 4256; x_wconf 85' lang='lat' dir='ltr'>semper</span> <span class='ocrx_word' id='word_1_405' title='bbox 2342 4192 2452 4255; x_wconf 86' lang='lat' dir='ltr'>flu</span> 
     </span>
     <span class='ocr_line' id='line_1_42' title="bbox 230 4255 2450 4320; baseline 0.004 -21"><span class='ocrx_word' id='word_1_406' title='bbox 230 4255 525 4317; x_wconf 77' lang='lat' dir='ltr'>ctuantibus,</span> <span class='ocrx_word' id='word_1_407' title='bbox 561 4258 708 4306; x_wconf 85' lang='lat' dir='ltr'>Bab.</span> <span class='ocrx_word' id='word_1_408' title='bbox 748 4258 1003 4307; x_wconf 82' lang='lat' dir='ltr'>Omittunt</span> <span class='ocrx_word' id='word_1_409' title='bbox 1036 4258 1140 4306; x_wconf 88' lang='lat' dir='ltr'>Td.</span> <span class='ocrx_word' id='word_1_410' title='bbox 1203 4262 1280 4306; x_wconf 94' lang='lat'>58.</span> <span class='ocrx_word' id='word_1_411' title='bbox 1318 4255 1532 4320; x_wconf 79' lang='lat' dir='ltr'>impluat,</span> <span class='ocrx_word' id='word_1_412' title='bbox 1565 4257 1710 4306; x_wconf 87' lang='lat' dir='ltr'>Rad.</span> <span class='ocrx_word' id='word_1_413' title='bbox 1742 4256 1898 4320; x_wconf 82' lang='lat' dir='ltr'>pluat,</span> <span class='ocrx_word' id='word_1_414' title='bbox 1932 4258 2035 4307; x_wconf 90' lang='lat' dir='ltr'>Tb.</span> <span class='ocrx_word' id='word_1_415' title='bbox 2093 4264 2170 4307; x_wconf 90' lang='grc'>59.</span> <span class='ocrx_word' id='word_1_416' title='bbox 2189 4260 2373 4320; x_wconf 84' lang='lat' dir='ltr'>saciat,</span> <span class='ocrx_word' id='word_1_417' title='bbox 2403 4261 2450 4307; x_wconf 93' lang='lat' dir='ltr'>b.</span> 
     </span>
     <span class='ocr_line' id='line_1_43' title="bbox 239 4323 2415 4387; baseline 0.002 -15"><span class='ocrx_word' id='word_1_418' title='bbox 239 4323 315 4367; x_wconf 83' lang='grc'>60</span> <span class='ocrx_word' id='word_1_419' title='bbox 354 4332 579 4385; x_wconf 85' lang='lat' dir='ltr'>potestas,</span> <span class='ocrx_word' id='word_1_420' title='bbox 617 4341 654 4372; x_wconf 91' lang='lat' dir='ltr'>r.</span> <span class='ocrx_word' id='word_1_421' title='bbox 728 4331 807 4374; x_wconf 92' lang='grc'>61.</span> <span class='ocrx_word' id='word_1_422' title='bbox 834 4326 1045 4386; x_wconf 87' lang='lat' dir='ltr'>marina,</span> <span class='ocrx_word' id='word_1_423' title='bbox 1074 4326 1176 4373; x_wconf 84' lang='lat' dir='ltr'>Rb.</span> <span class='ocrx_word' id='word_1_424' title='bbox 1230 4324 1406 4384; x_wconf 87' lang='lat' dir='ltr'>maria,</span> <span class='ocrx_word' id='word_1_425' title='bbox 1450 4324 1554 4373; x_wconf 88' lang='lat' dir='ltr'>Td.</span> <span class='ocrx_word' id='word_1_426' title='bbox 1629 4330 1707 4373; x_wconf 91' lang='grc'>62.</span> <span class='ocrx_word' id='word_1_427' title='bbox 1725 4324 1989 4387; x_wconf 83' lang='lat' dir='ltr'>fluminum</span> <span class='ocrx_word' id='word_1_428' title='bbox 2031 4335 2076 4372; x_wconf 83' lang='lat' dir='ltr'>et</span> <span class='ocrx_word' id='word_1_429' title='bbox 2096 4327 2326 4387; x_wconf 82' lang='lat' dir='ltr'>fontium,</span> <span class='ocrx_word' id='word_1_430' title='bbox 2354 4328 2415 4376; x_wconf 93' lang='lat' dir='ltr'>T</span> 
     </span>
    </p>
   </div>
  </div>
 </body>
</html>
