2961 4861
1274 401 1654 444 PRAEFATIO.
2499 405 2543 444 V

291 556 511 614 lissime
558 556 716 613 ultro
767 556 1027 614 oblatam
1078 563 1138 613 et
1185 555 1425 613 missam
1475 573 1583 630 per
1626 561 1815 612 totum
1855 560 2107 631 tempus,
2161 573 2279 631 quo
2320 556 2381 613 in
2425 554 2546 614 illis

289 665 455 725 libris
482 666 851 724 recensendis
880 665 1184 736 versabar,
1216 665 1495 731 utendam
1526 666 1833 723 concessit.
1889 663 2023 737 Quo
2054 665 2313 723 subsidio
2343 666 2543 723 critico

291 782 577 848 quantum
604 775 974 850 potissimum
1012 774 1069 832 in
1114 794 1178 832 re
1218 774 1669 848 orthographica
1699 768 1936 832 adiutus
1965 773 2203 845 fuerim,
2252 773 2409 832 infra
2436 793 2544 832 ex-

286 889 567 959 ponetur,
621 885 722 942 ubi
768 885 923 942 hanc
969 883 1320 953 recensionis
1357 901 1521 940 meae
1562 892 1791 959 partem
1841 884 2083 942 uberius
2134 886 2537 960 pertractab03

287 991 536 1051 lectores
575 1012 717 1051 vero
757 1003 999 1069 rogatos
1028 993 1186 1066 volo,
1226 1011 1301 1051 ne
1338 993 1525 1051 sicubi
1566 992 1844 1051 lectiones
1885 1010 2042 1051 nunc
2079 1013 2117 1051 a
2154 1011 2248 1051 me
2286 1012 2540 1052 comme-

289 1111 553 1162 moratas
603 1104 659 1161 a'
689 1102 1000 1162 collatione
1049 1103 1155 1160 illa
1203 1103 1359 1180 typis
1407 1102 1697 1178 impressa
1745 1103 2143 1179 discrepantes
2198 1103 2545 1177 invenerint,

285 1213 403 1272 hoc
430 1214 816 1289 negligentiae
844 1232 1008 1272 meae
1044 1214 1335 1283 tribuant3
1376 1212 1599 1270 factum
1643 1221 1735 1270 est
1773 1211 1885 1270 hoc
1925 1231 2059 1271 cum
2104 1231 2335 1272 summo
2362 1210 2546 1271 Plinii

285 1324 598 1382 commodo
634 1341 741 1398 per
779 1324 1093 1381 secundam
1134 1323 1299 1381 Iani
1339 1319 1668 1381 lectionem.
1931 1310 1936 1315 ⁵
2307 1316 2310 1319 ’

373 1429 581 1490 Codex
618 1433 922 1491 Leidensis
961 1426 1080 1512 (A)
1122 1432 1273 1490 inter
1313 1431 1647 1493 Vossianos
1687 1431 1820 1490 Fol.
1858 1452 1951 1490 nr.
1993 1428 2056 1490 4.
2096 1440 2356 1501 notatus,
2402 1430 2546 1488 scri-

285 1549 428 1618 ptus
471 1550 562 1600 est
600 1543 662 1600 in
699 1541 854 1599 foliis
893 1541 1355 1600 membranaceis
1392 1540 1619 1599 formae
1659 1542 1917 1612 maioris,
1960 1541 2192 1599 duabus
2237 1539 2544 1610 columnis,

282 1652 496 1710 litteris
542 1650 873 1722 Saxonicis,
918 1652 1173 1722 saeculo,
1216 1657 1285 1708 ut
1323 1648 1637 1708 Iacobus
1684 1647 1993 1709 Greelius
2031 1650 2277 1720 iudicat,
2329 1648 2548 1707 arbiter

286 1762 505 1821 harum
532 1761 1173 1836 rerum'peritissimus,
1201 1759 1319 1816 IX.
1350 1758 1446 1816 vel
1474 1758 1560 1815 X.
1605 1750 1740 1816 Hoc
1776 1758 1904 1834 ipso
1932 1758 2060 1816 viro
2101 1757 2338 1832 egregio
2363 1757 2548 1814 inter-

289 1870 540 1928 cedente
607 1869 1048 1927 accuratissime
1118 1886 1255 1925 eum
1322 1885 1457 1924 cum
1516 1867 1698 1941 priori
1753 1854 2047 1925 Harduini
2102 1859 2354 1923 editione
2410 1867 2550 1923 anni

289 1975 804 2036 MDCLXXXV.
838 1977 1085 2034 contulit
1112 1975 1184 2034 B.
1214 1976 1295 2034 A.
1324 1975 1388 2032 N
1400 1995 1487 2034 au
1502 1984 1575 2033 ta
1605 1975 1859 2036 Senecae
1900 1970 2115 2034 libellis
2159 1976 2385 2051 aliquot
2423 1975 2545 2033 edi-

288 2087 368 2144 tis
412 2086 628 2157 claruS,
673 2085 841 2145 brevi
881 2093 1015 2161 post
1052 2085 1417 2143 collationem
1459 2087 1635 2144 huius
1673 2092 1732 2143 et
1771 2086 2066 2160 sequentis
2105 2084 2314 2143 codicis
2344 2084 2420 2142 ad
2447 2102 2544 2141 me

282 2197 697 2254 transmissam
727 2196 896 2253 bonis
926 2195 1137 2254 litteris
1165 2196 1484 2253 immatura
1511 2206 1700 2254 morte
1744 2205 1999 2272 ereptus.
2055 2194 2236 2253 Liber
2277 2202 2414 2253 ante
2449 2213 2546 2252 me

283 2305 405 2363 iam
435 2306 510 2362 ab
539 2304 744 2362 Isaaco
773 2304 990 2363 Vossio
1019 2304 1096 2361 ad
1123 2305 1520 2381 Pomponium
1548 2304 1774 2362 Melam
1804 2305 2020 2381 passim
2049 2305 2325 2362 laudatus
2354 2322 2546 2380 pauca

282 2422 517 2474 tanturn
545 2413 877 2490 fragmenta
918 2415 1097 2473 totius
1138 2415 1341 2491 operis,
1364 2415 1621 2472 continet
1650 2411 1739 2490 (2.
1772 2417 1802 2484 ἓ
1835 2410 1958 2473 196
1989 2462 2071 2474 -..
2102 2409 2161 2473 3.
2195 2409 2382 2485 ς’65.,
2413 2422 2543 2472 tum

280 2521 344 2596 3,
377 2521 462 2584 92
494 2572 574 2582 ....
612 2520 679 2594 4,
709 2519 833 2595 75„
872 2543 1050 2599 porro
1078 2520 1139 2595 4,
1174 2518 1531 2594 Sel-107„
1563 2525 1768 2581 deinde
1796 2519 1860 2594 4,
1895 2519 2017 2581 117
2049 2572 2132 2583 .-
2174 2518 2232 2596 5,
2267 2519 2392 2596 25.,
2437 2541 2542 2600 po-

280 2642 504 2693 stremo
534 2629 595 2703 5,
630 2628 750 2692 125
783 2681 863 2691 .....
908 2628 967 2704 6,
1004 2627 1162 2722 513),
1210 2634 1367 2707 quod
1406 2653 1475 2691 eo
1521 2634 1712 2708 magis
1741 2633 2080 2705 dolendum,
2122 2652 2240 2708 quo
2283 2634 2543 2693 maiores

283 2751 427 2803 sunt
465 2744 634 2800 dotes
673 2743 803 2800 libri
838 2744 1015 2801 huius
1059 2744 1299 2818 egregii,
1346 2743 1439 2801 cui
1478 2750 1615 2818 post
1640 2744 1859 2802 librum
1886 2743 2381 2819 Bambergensem
2413 2747 2541 2822 pri-

278 2873 412 2911 mas
451 2854 602 2911 inter
652 2854 911 2927 reliquos
963 2853 1191 2910 codices
1230 2850 1539 2911 Plinianos
1591 2862 1790 2929 partes
1840 2854 2097 2913 tribuere
2146 2873 2264 2912 non
2315 2856 2539 2914 dubito.

277 2963 549 3021 Debetur
587 2962 826 3019 librario
863 2975 1107 3037 prorsus
1148 2960 1384 3020 indocto
1401 3004 1420 3033 ,
1472 2965 1632 3037 quod
1681 2963 1892 3020 infiniti
1931 2982 2160 3022 errores
2201 2966 2391 3023 omnis
2442 2984 2541 3041 ge-

280 3072 445 3129 neris
484 3078 800 3142 testantur,
851 3071 956 3129 sed
994 3072 1319 3146 descriptus
1364 3078 1456 3128 est
1494 3072 1569 3128 ab
1612 3072 1818 3128 eodem
1859 3072 2094 3128 homine
2131 3089 2366 3128 summa
2407 3092 2542 3130 cum

282 3183 400 3240 fide
451 3188 510 3237 et
558 3180 836 3255 religione
887 3200 962 3238 ex
1010 3180 1328 3255 archetypo
1379 3180 1637 3253 egregio,
1689 3188 1748 3236 et
1791 3197 1924 3237 cum
1962 3181 2269 3254 permultis
2308 3181 2439 3239 aliis
2481 3183 2543 3240 in

281 3291 431 3349 locis
473 3298 578 3348 aut
616 3291 776 3349 solus
815 3296 921 3346 aut
959 3308 1093 3346 cum
1139 3287 1344 3345 ceteris
1375 3286 1544 3343 bonis
1572 3287 1737 3345 libris
1769 3288 2109 3364 conspirans
2139 3291 2331 3365 ipsam
2359 3291 2541 3350 Plinii

280 3419 525 3458 manum
554 3400 773 3476 prodit,
820 3406 947 3456 tum
985 3398 1045 3455 in
1072 3396 1406 3455 nominibus
1446 3396 1851 3472 geographicis
1889 3399 2206 3473 singularis
2248 3411 2340 3460 est
2377 3402 2542 3459 boni-

283 3509 447 3565 tatis·
514 3507 594 3565 Et
650 3527 782 3566 cum
830 3511 974 3565 haec
1022 3509 1152 3583 ipsa
1201 3507 1439 3563 nomina
1487 3507 1548 3563 in
1601 3506 1853 3565 editione
1893 3507 2351 3586 Dalecampiana
2400 3510 2543 3568 mihi

283 3635 517 3692 semper
548 3611 581 3695 β
612 3624 832 3687 notata,
876 3617 1032 3674 unde
1073 3622 1296 3673 ceterae
1325 3616 1400 3673 ad
1443 3625 1713 3675 nostrum
1742 3618 1892 3675 diem
1933 3618 2216 3677 editiones
2256 3621 2541 3696 originem

281 3745 454 3785 suam
484 3728 801 3795 duxerunt,
842 3732 946 3782 aut
983 3744 1092 3800 ope
1128 3728 1417 3784 bonorum
1447 3728 1710 3785 codicum
1740 3736 1846 3785 aut
1874 3728 2214 3785 coniecturis
2240 3730 2541 3786 hominum

283 3838 589 3894 doctorum
630 3835 856 3892 dudum
893 3842 1087 3891 essent
1127 3836 1464 3906 emendata,
1515 3837 1726 3911 reliqui
1765 3845 1962 3895 autem
2003 3838 2118 3894 mei
2154 3837 2326 3911 libri,
2379 3848 2439 3897 et
2478 3839 2542 3897 in

281 3947 373 4004 his
403 3947 502 4004 vel
527 3946 955 4004 Riccardianus
987 3937 1126 4023 (R),
1172 3945 1490 4002 deteriores
1533 3946 1595 4002 in
1634 3945 1706 4002 iis
1743 3946 2026 4004 lectiones
2054 3947 2402 4024 proferrent,
2446 3949 2540 4007 hic

282 4064 486 4114 noster
514 4058 699 4114 codex
726 4055 789 4113 A
817 4056 942 4114 fere
973 4072 1202 4128 semper
1231 4054 1397 4112 bonis
1425 4053 1546 4111 illis
1574 4054 1920 4114 lectionibus
1962 4057 2340 4133 suffragatur,
2385 4060 2539 4117 unde

285 4166 360 4223 de
401 4168 590 4242 pretio
631 4174 955 4225 ceterarum
999 4167 1289 4223 bonarum
1327 4163 1643 4222 lectionum
1678 4164 1955 4224 iudicium
1998 4167 2155 4224 haud
2198 4169 2538 4244 ambiguum

285 4273 428 4334 ferri
469 4283 679 4351 potest.
736 4275 851 4349 Ita,
893 4283 961 4334 ut
1000 4277 1117 4333 duo
1155 4282 1383 4333 tantum
1426 4273 1548 4333 eius
1587 4277 1985 4351 praestantiae
2018 4278 2289 4353 exempla
2316 4279 2538 4352 produ-

2407 4543 2470 4580 A*
