2961 4861
384 336 507 399 308
1090 312 1498 400 NATURAms
1546 348 1933 401 msromAE

382 502 646 586 cipiens,
708 500 1121 567 novissimum
1163 502 1330 567 inter
1371 500 1699 586 Europam
1740 501 2094 585 Asiamque
2146 501 2359 580 finem,
2406 508 2541 563 Ξῑιῖι.
2572 523 2633 562 vi

381 623 689 688 passuum
750 601 1018 667 circuitu
1077 612 1298 687 patere
1357 601 1657 678 traditur3
1725 600 1806 666 ab
1861 602 2000 667 aliis
2063 601 2411 667 undeciens
2476 624 2631 669 cen-

387 714 533 767 tena
574 725 708 766 xxv
751 725 820 766 M.
892 702 1005 769 Ab
1047 703 1210 766 ostio
1266 701 1403 767 eius
1460 701 1547 765 ad
1588 701 1825 766 Tanais
1870 700 2109 766 ostium
2151 702 2395 767 directo
2438 725 2633 769 cursu

384 824 673 867 cchxxv
717 825 767 865 M
807 825 873 887 p.
921 824 1063 867 esse
1108 812 1376 866 constat.
1454 800 1745 868 Adcolae
1792 803 1971 869 sinus
2017 803 2154 867 eius
2196 805 2263 866 in
2307 805 2630 870 mentione

383 902 697 967 Thraciae
752 902 909 968 dicti
968 913 1117 967 sunt
1171 901 1599 987 Histropolim
1659 925 1897 988 usque3
1970 903 2121 968 inde
2179 904 2340 968 ostia
2396 903 2628 970 Histri.

383 1000 585 1067 Ortus
640 1003 746 1067 hic
802 1001 870 1067 in
926 1000 1276 1068 Germania
1326 1002 1498 1090 iugis
1550 1002 1786 1067 montis
1842 1002 2163 1068 Abnobae
2219 1025 2301 1068 ex
2357 1005 2631 1070 adverso
2662 1028 2728 1073 79

379 1102 643 1167 Raurici
674 1100 927 1169 Galliae
970 1103 1211 1189 oppidi,
1257 1103 1476 1168 multis
1518 1103 1687 1168 ultra
1715 1102 1905 1188 Alpis
1948 1102 2206 1168 milibus
2250 1126 2327 1169 ac
2368 1127 2487 1191 per
2527 1107 2628 1171 in-

381 1225 680 1271 numeras
742 1205 966 1290 lapsus
1035 1203 1248 1290 gentis
1300 1202 1564 1268 Danuvi
1617 1203 1902 1282 nomine,
1971 1204 2258 1270 inmenso
2315 1227 2633 1289 aquarum

382 1314 577 1369 auctu
636 1315 700 1370 et
755 1305 929 1369 unde
981 1305 1259 1390 primum
1313 1303 1644 1387 Illyricum
1705 1304 1913 1368 adluit
1962 1304 2190 1371 Hister
2246 1308 2629 1392 appellatus,

377 1429 464 1468 Lx
517 1405 811 1471 amnibus
861 1405 1170 1490 receptis,
1227 1404 1441 1469 medio
1509 1403 1712 1470 ferme
1770 1418 1989 1470 eorum
2037 1428 2305 1471 numero
2358 1408 2628 1496 naviga-

378 1506 492 1572 bili
516 1555 534 1585 ,
610 1507 677 1571 in
734 1517 1005 1592 pontum
1068 1506 1264 1571 vastis
1327 1529 1396 1569 VI
1460 1505 1830 1570 fluminibus
1896 1507 2228 1573 evolvitur.
2338 1507 2629 1573 Primum

383 1608 619 1672 ostium
662 1607 932 1685 Peuces,
991 1628 1139 1671 mox
1182 1606 1326 1691 ipsa
1366 1604 1586 1671 Peuce
1630 1606 1840 1672 insula
1883 1628 1921 1670 a
1964 1629 2092 1690 qua
2134 1630 2489 1693 proxumus
2533 1609 2628 1676 al-

384 1732 545 1775 veus
589 1710 944 1796 appellatus
988 1732 1104 1772 mx
1147 1730 1197 1770 Μ
1238 1731 1302 1792 p.
1346 1730 1582 1794 magna
1623 1707 1861 1793 palude
1905 1708 2229 1789 sorbetur3
2278 1734 2360 1776 ex
2403 1713 2628 1777 eodem

379 1813 560 1877 alveo
607 1821 672 1875 et
714 1832 912 1895 super
939 1808 1368 1894 Histropolim
1408 1809 1587 1874 lacus
1630 1807 1920 1894 gignitur
1959 1833 2119 1874 Lxm
2157 1832 2208 1874 Μ
2248 1835 2313 1897 p.
2361 1812 2627 1890 ambitu,

378 1909 742 1993 Halmyrim
785 1920 1035 1975 vocant.
1118 1907 1489 1973 Secundum
1531 1908 1765 1973 ostium
1800 1907 1864 1971 Ν
1864 1931 2055 1974 aracu
2098 1920 2303 1975 stoma
2346 1913 2629 1998 appella-

382 2022 507 2090 tur,
567 2011 824 2075 tertium
870 2008 1073 2076 Calon
1127 2020 1333 2074 stoma
1385 2009 1568 2073 iuxta
1609 1998 1884 2075 insulam
1930 2008 2372 2092 Sarmaticam,
2435 2038 2628 2100 quar-

381 2123 517 2176 tum
544 2108 1052 2175 Pseudostomon
1098 2120 1163 2174 et
1197 2108 1406 2175 insula
1435 2106 1744 2194 Conopon
1775 2108 2076 2189 diabasis,
2119 2123 2346 2198 postea
2372 2113 2627 2180 Boreon

384 2223 587 2277 stoma
617 2221 682 2276 et
708 2209 930 2277 Psilon
962 2221 1185 2276 stoma.
1235 2208 1508 2297 Singula
1535 2219 1751 2274 autem
1793 2232 1905 2276 ora
1948 2222 2124 2277 tanta
2168 2225 2317 2279 sunt
2359 2226 2433 2281 ut
2475 2238 2623 2303 pro-

451 2419 657 2473 XIIII.
689 2417 783 2482 VI,
806 2419 970 2471 ΒΤᾱ.
1007 2415 1215 2469 XIIII.
1249 2412 1372 2477 VII,
1396 2429 1445 2479 p.
1470 2412 1643 2466 XIII.
1682 2412 1772 2475 VI,
1795 2408 1853 2475 β.
1891 2457 1952 2465 -
1991 2416 2054 2466 ab
2076 2414 2194 2469 aliis
2217 2417 2470 2482 XXXV,
2493 2439 2542 2487 p.
2566 2463 2628 2473 .-

386 2490 469 2550 ad,
494 2483 595 2539 om.
614 2504 661 2537 σ.
690 2529 751 2537 ...
777 2487 971 2547 ostium,
993 2485 1141 2549 de.
1178 2494 1345 2545 ortum,
1363 2497 1410 2532 σ.
1432 2490 1640 2548 portum,
1664 2483 1729 2532 K.
1755 2523 1818 2532 ..
1847 2480 2056 2545 derecto,
2077 2486 2143 2534 Β.
2171 2526 2233 2538 ,.
2262 2484 2563 2540 CCCLXX
2571 2491 2629 2550 V,

384 2558 490 2606 Rd.
531 2554 896 2607 CCCLXXX
905 2553 962 2614 V,
985 2567 1111 2616 prr.
1138 2592 1202 2602 -.
1237 2550 1451 2612 accolae,
1474 2553 1549 2601 R²
1572 2547 1652 2611 (in
1675 2546 1827 2610 corr.)
1865 2591 1926 2599 ..
1965 2551 2084 2612 eius,
2108 2554 2216 2618 Rp.
2241 2554 2420 2606 Omitt.
2445 2561 2536 2620 dr.
2566 2598 2626 2606 .-

389 2621 509 2672 duxti
529 2631 645 2672 sunt
670 2625 699 2685 ς
725 2627 805 2670 44.
833 2626 914 2670 45.
955 2659 1017 2668 -.
1076 2617 1406 2682 Histropolin,
1427 2620 1492 2668 Β.
1528 2616 1808 2682 Istropolin,
1832 2619 1907 2681 dp
1918 2631 1966 2667 σ.

457 2688 486 2748 ξ
515 2693 593 2739 79.
640 2689 704 2747 in,
740 2702 841 2737 om.
878 2688 925 2737 d.
974 2728 1037 2735 -
1094 2683 1374 2745 Germania,
1408 2684 1557 2734 Rad.
1608 2683 1914 2744 Germaniae,
1944 2680 2046 2748 βγ.
2093 2686 2214 2738 vid.
2250 2692 2316 2739 ad
2338 2696 2419 2750 32,
2449 2695 2525 2741 17.
2564 2732 2627 2740 -

388 2755 636 2816 montibus,
670 2756 718 2804 d.
772 2794 835 2802 -
888 2753 1131 2814 Abnobae,
1166 2756 1213 2802 d.
1265 2751 1477 2813 Abnove,
1513 2752 1563 2801 Β
1597 2749 1800 2813 (Ambr.
1833 2750 1930 2814 H.)
1980 2752 2244 2815 Abnobt‘ae,
2278 2760 2421 2807 codd.
2449 2758 2625 2808 Gelen.

386 2838 524 2884 nove,
557 2821 736 2872 Ambr.
771 2821 812 2869 Ι.
837 2820 971 2870 Βοὶ).
1016 2835 1180 2882 novae,
1203 2836 1243 2869 r.
1290 2820 1360 2870 ad
1381 2836 1558 2881 novem,
1590 2820 1826 2869 Martian.
1853 2825 1899 2880 6,
1927 2825 2042 2870 662.
2090 2861 2153 2870 -
2201 2819 2421 2885 Saurici,
2446 2825 2549 2876 ΒΤ
2561 2828 2629 2875 dr

388 2887 592 2952 (Ambr.
616 2891 658 2941 Ι.
684 2889 753 2938 H.
777 2885 938 2949 Βοὴ.)
981 2886 1239 2948 Thaurici,
1263 2901 1310 2935 σ.
1358 2926 1420 2935 -.
1464 2886 1692 2946 Danuui,
1716 2889 1778 2936 Β.
1826 2927 1888 2935 .-
1933 2887 2145 2938 inmenso
2169 2930 2233 2939 -.
2258 2906 2450 2941 numero
2492 2907 2627 2955 pone

388 2957 668 3023 appellatus
692 2958 910 3007 collocat
930 2956 1065 3006 Pint.
1089 2996 1154 3005 ...
1193 2953 1355 3014 alluit,
1379 2953 1512 3003 R2d.
1549 2951 1704 3014 aliud,
1728 2953 1820 3003 R'.
1845 2994 1907 3003 -.
1934 2954 2226 3019 appellatus,
2250 2961 2298 3007 d.
2336 2958 2629 3023 appellatur,

385 3027 498 3076 ΒΑ
524 3023 709 3088 (Rob.)
747 3066 809 3074 .-
845 3022 1120 3087 sexaqinta,
1145 3026 1192 3072 d.
1230 3038 1305 3081 ex,
1328 3022 1392 3071 Β.
1430 3061 1493 3070 -.
1531 3036 1691 3069 eorum
1714 3036 1922 3083 numero,
1946 3023 1997 3071 Β
2020 3019 2205 3086 (Rob.)
2240 3041 2434 3076 numero
2458 3043 2628 3087 eorum,

388 3096 420 3143 d
431 3089 475 3154 β
483 3107 532 3157 r.
571 3109 785 3153 numero,
808 3092 871 3141 T.
910 3131 972 3140 .-
1008 3106 1120 3140 mox
1144 3089 1257 3154 ipsa
1277 3090 1454 3148 Peuce,
1480 3089 1644 3137 omitt.
1669 3089 1835 3138 RTd.
1872 3128 1935 3137 -.
1981 3087 2031 3138 in
2055 3107 2169 3153 qua,
2195 3093 2300 3141 Rd.
2350 3133 2414 3142 -.
2462 3093 2631 3159 appel-

390 3159 542 3219 latur,
564 3178 591 3209 r
613 3158 818 3220 (Ambr.
844 3159 886 3207 I.
912 3155 1009 3219 H.)
1035 3198 1098 3207 -.
1122 3154 1285 3207 XIX
1303 3197 1365 3206 ...
1385 3153 1591 3221 palude,
1613 3156 1719 3205 Rd.
1757 3164 1805 3204 et
1827 3152 1930 3207 XI.
1956 3173 2014 3205 m.
2034 3174 2083 3220 p.
2109 3173 2287 3220 mayna
2304 3157 2473 3221 palus,
2499 3177 2537 3209 r.
2568 3200 2631 3209 ..-

387 3229 614 3287 sorbetur,
638 3230 685 3275 d.
722 3224 921 3286 soritur,
945 3226 1008 3275 Β.
1045 3224 1199 3274 oritur
1222 3240 1298 3285 ex,
1322 3239 1361 3273 r.
1399 3264 1461 3273 -.
1499 3220 1733 3279 Alma-in,
1756 3225 1818 3272 Β.
1866 3263 1928 3271 .-
1973 3222 2359 3284 Naracustoma,
2393 3227 2441 3274 d.
2487 3225 2633 3276 Nar·

391 3301 623 3352 customa‚
645 3293 803 3342 Hard.
828 3306 875 3339 σ.
919 3290 1218 3354 Narcuston,
1241 3291 1304 3342 R.
1349 3291 1676 3351 Arecostoma,
1708 3289 1961 3353 Hartung.
1986 3291 2037 3339 in
2069 3289 2214 3340 Grut.
2245 3292 2400 3354 lamp.
2436 3294 2544 3343 crit.
2583 3301 2632 3356 2,

391 3362 505 3409 670.
530 3373 596 3408 ex
619 3358 791 3409 Schol.
813 3358 992 3420 Apoll.
1016 3358 1186 3408 Rhod.
1212 3365 1260 3420 4,
1286 3363 1400 3408 311.
1437 3398 1501 3406 ...
1547 3357 1730 3418 ter-eius,
1753 3358 1818 3406 Β.
1866 3397 1921 3406 ..
1968 3354 2285 3419 Calonstoma‚
2307 3359 2358 3407 Β
2381 3355 2522 3420 (libri
2548 3377 2631 3425 ap.

390 3426 606 3478 Salmas„
631 3439 795 3475 exerc.
827 3438 877 3487 p.
916 3429 1027 3474 131.
1063 3440 1109 3473 a.
1140 3424 1226 3487 E.)
1278 3423 1573 3483 Calostoma,
1604 3425 1652 3473 d.
1690 3464 1754 3473 .-
1799 3422 2146 3484 Sarmaticam,
2169 3427 2204 3475 d
2227 3421 2367 3486 (libri
2389 3425 2632 3488 Salmas.)

389 3492 708 3552 Sarmatiam,
733 3492 796 3542 Β.
833 3532 897 3541 .-.
933 3491 1319 3552 Pseudostomon,
1348 3485 1390 3539 θ
1400 3493 1495 3541 Tr.
1533 3489 1929 3555 Speudostomon,
1953 3493 2058 3542 Rd.
2094 3491 2459 3556 Pseudostoma,
2480 3490 2539 3557 β.
2566 3536 2628 3544 -.

391 3572 451 3625 et,
475 3563 581 3612 Rd.
618 3569 664 3610 et
685 3559 749 3621 in,
774 3561 921 3609 codd.
944 3558 1104 3607 Hard.
1126 3573 1176 3621 γ.
1216 3558 1453 3608 Ceterum
1478 3560 1608 3607 haec
1628 3560 1780 3608 verba
1801 3559 1936 3609 Pint.
1961 3560 2340 3622 corruptissima
2369 3576 2631 3625 perperam

390 3629 593 3680 iudicat.
632 3668 695 3678 -
739 3625 938 3677 Boreon
964 3633 1135 3686 stoma,
1158 3627 1221 3676 Β.
1267 3624 1457 3674 Borion
1483 3634 1654 3687 stoma,
1677 3626 1781 3676 Td.
1827 3625 2154 3686 Boriostoma,
2178 3628 2243 3677 K.
2291 3627 2630 3690 Boreas-torna,

388 3694 432 3760 β
441 3711 492 3762 r.
541 3737 603 3746 -.
649 3693 993 3752 Psilonstoma,
1019 3692 1176 3744 Ortel.
1201 3693 1331 3742 thes.
1357 3707 1530 3755 geogr.
1558 3690 1622 3755 (s.
1645 3708 1693 3742 v,
1717 3691 2091 3755 Spireostoma)
2116 3702 2167 3743 et
2188 3696 2428 3745 Letronn.
2453 3698 2516 3745 ad
2538 3697 2631 3747 Di-

390 3765 507 3814 cuil.
542 3779 592 3828 p.
630 3769 727 3824 53„
760 3761 941 3827 quibus
973 3761 1166 3810 accedit
1195 3760 1373 3810 Ukert.
1408 3774 1581 3823 geogr.
1613 3768 1711 3809 vet.
1744 3760 1839 3810 111.
1880 3765 1924 3822 1,
1963 3765 2074 3811 161.
2121 3758 2461 3825 Spilonstoma,
2485 3764 2629 3813 codd.

388 3832 579 3883 Dicuili
605 3838 652 3892 6,
678 3837 726 3881 8.
771 3829 1119 3895 Spireonstom,
1142 3829 1232 3878 R1.
1287 3825 1693 3890 Spireonstomon,
1716 3830 1805 3878 R2.
1858 3825 2066 3892 Spireon
2098 3835 2269 3889 stoma,
2301 3829 2407 3879 Td.
2460 3828 2631 3894 Spire-

389 3909 555 3959 stoma,
580 3912 627 3947 σ.
664 3896 1014 3961 Spireostoma,
1032 3891 1076 3956 β
1085 3909 1135 3959 r.
1172 3894 1495 3954 Stenostoma,
1513 3895 1578 3944 K.
1615 3893 1962 3955 Stenostomon,
1979 3895 2187 3946 Barbar.
2212 3898 2278 3945 ad
2298 3901 2344 3955 5,
2361 3903 2443 3947 32.
2464 3895 2492 3957 ξ
2516 3902 2629 3947 150.

391 3965 638 4032 Spiraeon
661 3974 829 4026 stoma,
852 3964 1009 4015 Hard.
1045 4003 1107 4012 ...
1141 3960 1439 4028 prodantur,
1463 3963 1553 4011 ΒΨ.
1592 4001 1653 4011 ..-
1691 3959 1814 4024 LX,
1837 3962 1969 4012 Rob.
2016 4002 2080 4012 -.
2127 3960 2359 4027 dulceque
2381 3964 2413 4013 i.
2438 3961 2631 4025 haustu,

390 4033 605 4083 Salmas.
654 4033 891 4083 Ceterum
911 4046 958 4081 v.
984 4031 1143 4081 Solin.
1173 4037 1250 4096 13,
1281 4037 1324 4079 1.

459 4098 488 4158 ἓ
514 4106 593 4149 80.
646 4099 695 4147 in
710 4097 911 4162 plenum
936 4098 1138 4162 quidem,
1162 4099 1260 4146 vid.
1288 4099 1353 4148 ad
1376 4103 1422 4157 3,
1450 4104 1496 4146 8.
1547 4096 1738 4160 plenum
1772 4094 1979 4160 quidem,
2003 4098 2068 4146 Β.
2123 4095 2319 4160 quidem
2345 4095 2555 4162 plenum,
2582 4100 2629 4148 d.

392 4164 444 4213 in
484 4164 639 4228 plano
679 4165 882 4230 quidem,
921 4180 960 4213 r.
1017 4205 1080 4214 ....
1133 4180 1277 4224 omne,
1302 4167 1349 4214 d.
1406 4203 1466 4213 ..,
1521 4163 1683 4224 litora,
1707 4163 1797 4213 132.
1852 4162 2044 4224 litorae,
2069 4165 2159 4214 R1.
2214 4163 2363 4226 litori,
2387 4160 2527 4229 ἀβγ.
2567 4205 2629 4214 .-

398 4229 608 4292 Gethae,
630 4232 694 4280 Β.
720 4271 782 4280 .-
821 4229 1050 4290 Romani,
1072 4232 1206 4280 R¹d.
1236 4271 1296 4280 ...
1323 4230 1455 4290 dicit,
1479 4231 1570 4279 R1.
1595 4271 1659 4279 ..
1691 4230 2012 4292 Hanno-robii,
2034 4232 2242 4282 Barbar.
2267 4233 2316 4282 d.
2350 4230 2630 4293 Amaxobci,

391 4301 453 4351 R.
481 4339 545 4347 -.
581 4296 749 4358 Aorsi,
772 4297 978 4348 Barbar.
1003 4299 1110 4350 Rd.
1151 4294 1310 4356 Corsi,
1337 4292 1435 4345 θσ.
1462 4337 1526 4345 ..
1571 4297 1621 4346 Τ
1615 4295 1890 4362 roqodytae,
1915 4299 2022 4347 Βᾶ.
2070 4297 2120 4346 T
2111 4294 2414 4364 roqlodytae,
2437 4292 2538 4363 βγ.
2565 4336 2627 4349 ...-
