2961 4861
909 345 1051 391 Lm.
1082 345 1157 391 11.
1216 343 1372 391 cAP.
1407 344 1501 390 vl.
1534 344 1658 391 vn.
1718 344 1914 392 snc'r.
1944 347 2042 390 «ιε.
2331 387 2336 388 ff
2474 329 2594 418 105

313 497 702 580 aufertque
739 494 1055 574 tenebrae,
1099 495 1205 560 hic
1244 494 1493 578 reliqua
1535 496 1747 560 sidera
1790 496 2085 572 occultat,
2131 495 2446 574 inlustrat,
2490 497 2596 562 hic

312 596 518 661 vicis
572 607 929 682 temporum
983 617 1349 679 annumque
1403 618 1658 681 semper
1700 606 2141 661 renascentem
2185 618 2267 661 ex
2308 619 2433 661 usu
2473 621 2590 662 na-

316 707 540 762 turae
586 707 930 783 temperat,
974 695 1080 760 hic
1122 697 1282 762 caeli
1327 687 1653 761 tristitiam
1698 697 1958 762 discutit
2000 707 2193 783 atque
2238 697 2430 762 etiam
2470 697 2594 763 hu-

310 798 531 861 mani
573 797 792 864 nubila
836 796 1032 861 animi
1076 807 1332 862 serenat
1354 845 1373 875 ,
1428 797 1534 863 hic
1578 821 1766 863 suum
1806 799 2023 864 lumen
2067 798 2297 862 ceteris
2343 820 2596 883 quoque

314 893 675 963 sideribus
714 898 986 975 fenerat,
1031 897 1420 986 praeclarus,
1467 898 1764 976 eximius,
1807 898 2019 963 omnia
2060 898 2339 976 intuens,
2385 899 2599 963 omnia

315 998 550 1063 etiam
593 998 964 1077 exaudiens,
1008 1009 1084 1062 ut
1124 997 1402 1084 principi
1443 998 1798 1082 litterarum
1838 998 2121 1065 Homero
2163 999 2485 1085 placuisse
2528 999 2598 1063 in

313 1122 477 1165 uno
528 1122 604 1164 eo
645 1099 856 1165 vide0.

419 1199 594 1265 VII.
671 1200 730 1264 5.
779 1198 1194 1286 Quapropter
1236 1198 1519 1287 effigiem
1560 1200 1666 1265 dei
1705 1200 2106 1286 formamque
2144 1222 2451 1285 quaerere
2490 1201 2593 1266 in-
2625 1222 2688 1266 14

312 1299 715 1367 becillitatis
757 1300 1072 1366 humanae
1114 1322 1277 1365 reor.
1364 1298 1680 1385 Quisquis
1734 1311 1832 1366 est
1886 1301 2046 1366 deus
2070 1350 2089 1379 ,
2148 1302 2202 1366 si
2254 1302 2444 1368 modo
2496 1313 2596 1367 est

316 1400 537 1479 alius,
584 1411 651 1465 et
693 1422 1099 1485 quacumque
1139 1401 1209 1465 in
1249 1412 1464 1487 parte,
1514 1412 1686 1468 totus
1731 1412 1831 1467 est
1873 1424 2129 1481 sensus,
2180 1414 2348 1467 totus
2392 1403 2589 1482 visus,

318 1512 524 1567 totus
569 1501 828 1566 auditus
851 1550 869 1580 ,
915 1511 1088 1567 totus
1131 1502 1381 1600 animae
1405 1552 1426 1581 ,
1473 1513 1644 1569 totus
1688 1502 1881 1567 animi
1905 1551 1924 1580 ,
1979 1514 2151 1569 totus
2196 1503 2315 1567 sui.
2388 1502 2590 1570 Innu-

317 1624 557 1667 meros
600 1602 862 1686 quidem
913 1602 1177 1668 credere
1230 1614 1426 1687 atque
1484 1604 1681 1668 etiam
1733 1626 1816 1667 ex
1871 1603 2045 1667 vitiis
2096 1602 2426 1669 hominum
2442 1654 2460 1682 ‚
2518 1616 2593 1670 ut

315 1702 764 1781 Pudicitiam,
798 1702 1251 1781 Concordiam,
1281 1702 1605 1781 Mentem,
1639 1700 1868 1789 Spem,
1899 1702 2248 1781 Honorem,
2282 1702 2585 1796 Clemen-

322 1803 524 1881 tiam,
570 1802 825 1881 Fidem,
871 1812 1005 1881 aut,
1048 1813 1123 1867 ut
1162 1801 1535 1870 Democrito
1576 1802 1840 1889 placuit,
1885 1803 2046 1867 duos
2089 1803 2365 1883 omnin0,
2410 1803 2580 1871 Poe-

304 1927 496 1968 nam
539 1914 604 1967 et
644 1901 1062 1982 Beneficium,
1106 1904 1411 1969 maiorem
1453 1905 1539 1969 ad
1580 1905 1936 1969 socordiam
1978 1904 2244 1969 accedit.
2305 1904 2587 1992 Fragilis
2619 1926 2680 1971 15

322 2015 403 2071 et
446 2004 769 2069 laboriosa
808 2003 1160 2069 mortalitas
1201 2004 1271 2068 in
1309 2005 1514 2091 partis
1549 2006 1674 2096 ista
1709 2005 1981 2093 digessit
2016 2004 2400 2072 infirmitatis
2430 2030 2587 2074 suae

319 2127 604 2183 memor,
650 2115 726 2170 ut
764 2104 1161 2191 portionibus
1204 2106 1441 2171 coleret
1469 2106 1743 2190 quisque
1773 2128 1901 2191 quo
1930 2106 2209 2171 maxime
2237 2106 2579 2195 indigeret.

320 2205 572 2292 Itaque
614 2206 874 2271 nomina
913 2206 1038 2271 alia
1080 2206 1222 2272 aliis
1265 2206 1569 2293 gentibus
1615 2219 1681 2274 et
1720 2208 1983 2273 numina
2024 2207 2091 2272 in
2131 2207 2364 2274 iisdem
2390 2210 2580 2275 innu-

319 2307 671 2373 merabilia
726 2306 1087 2371 invenimus
1113 2355 1131 2384 ,
1198 2307 1424 2372 inferis
1490 2329 1745 2391 quoque
1811 2309 1879 2372 in
1943 2331 2186 2397 genera
2242 2309 2586 2396 descriptis

319 2408 703 2492 morbisque
746 2417 813 2474 et
852 2407 1070 2474 multis
1114 2407 1310 2474 etiam
1352 2407 1680 2495 pestibus,
1740 2408 1895 2474 dum
1939 2430 2080 2476 esse
2123 2409 2408 2498 placatas
2452 2422 2583 2476 tre-

321 2617 426 2666 Tr.
480 2657 545 2666 ,-
591 2631 698 2665 eum
732 2613 988 2667 volubilem
1017 2616 1405 2678 universitatem,
1428 2633 1468 2667 r.
1516 2656 1579 2667 ....
1627 2615 1931 2682 eandemque,
1964 2619 2095 2680 Pdp
2141 2614 2311 2680 (codd.
2356 2620 2582 2670 Turnebi

321 2685 445 2733 adV.
472 2689 556 2744 22,
581 2679 656 2744 4.)
693 2681 975 2748 eademque,
1000 2697 1049 2734 σ.
1085 2683 1301 2746 eandem,
1335 2687 1453 2748 abg
1486 2681 1745 2747 (Robert.)
1777 2681 1882 2750 βγ.
1921 2726 1983 2734 -
2021 2684 2277 2749 eidemque,
2312 2687 2487 2737 Pabd
2504 2703 2582 2752 gp

322 2747 595 2812 (Robert.)
631 2760 677 2800 ec
699 2749 870 2811 eidem,
894 2753 1039 2801 codd.
1071 2752 1310 2802 Turnebi.
1356 2751 1633 2816 eademque,
1666 2753 1919 2803 Richelet.
1958 2794 2020 2802 -
2058 2754 2247 2812 innecti,
2284 2755 2372 2818 Pp
2405 2751 2579 2817 (codd.

322 2819 577 2880 Turnebi,
601 2818 819 2880 Richel„
844 2817 1084 2881 Robert.)

396 2885 429 2946 ξ
459 2892 541 2935 12.
576 2895 726 2946 certa,
750 2901 799 2949 p.
839 2927 902 2935 -
938 2886 1146 2948 Horum,
1171 2901 1207 2950 p
1231 2883 1490 2949 (Robert.)
1534 2886 1765 2948 Quorum,
1787 2890 1848 2938 P.

397 2952 430 3013 ὃ
460 2959 541 3003 13.
578 2968 689 3001 esse
712 2951 896 3016 mundi,
920 2954 1192 3018 Pabdgp.
1232 2954 1399 3004 mundi
1419 2971 1545 3016 esse,
1574 2950 1680 3019 βγ.
1720 2995 1784 3003 -.
1822 2954 1990 3005 dicunt
2039 2972 2070 3004 a
2091 2961 2121 3003 ¹.
2160 2995 2223 3004 ..
2260 2956 2579 3019 aestimantes,

325 3021 418 3070 ab.
450 3020 755 3081 extimantes,
787 3035 836 3069 σ.
882 3020 1232 3083 existimantes,
1255 3023 1501 3085 Pngp.
1541 3062 1604 3071 -.
1641 3022 1884 3082 inlustrat,
1909 2992 2142 3072 Tdabr.
2180 3019 2505 3086 illustratque,
2530 3027 2579 3075 d.

325 3087 511 3139 omitt.
543 3088 676 3151 ng
709 3085 968 3150 (Robert.)
1000 3084 1058 3150 β.
1106 3129 1169 3138 -.
1217 3089 1368 3149 υἰνεε,
1402 3090 1671 3137 Robertus.
1721 3127 1782 3136 ....
1832 3102 2156 3149 annorumque
2192 3103 2399 3150 renaee„
2424 3105 2474 3153 p.
2517 3130 2578 3139 ..-

323 3154 504 3206 nubila
525 3155 743 3218 humani,
766 3158 869 3220 Pp.
910 3197 973 3205 -
1010 3157 1085 3206 laic
1109 3196 1171 3204 -
1201 3156 1410 3219 fenerat
1431 3170 1533 3204 om.
1558 3157 1618 3205 P.
1659 3195 1720 3202 -
1758 3163 1970 3216 serenat,
1996 3170 2072 3218 ap
2106 3152 2366 3217 (Robert.)
2407 3196 2469 3204 -
2507 3172 2578 3217 eo,

323 3224 466 3273 delet
487 3224 708 3274 Pintian.

396 3289 428 3351 ξ
457 3296 535 3340 14.
573 3304 678 3354 que,
701 3291 831 3340 Pbd
855 3287 935 3352 (in
957 3285 1156 3350 rasura)
1179 3289 1389 3339 Robert.
1415 3305 1616 3353 quoque,
1640 3303 1728 3352 ag.
1768 3329 1830 3338 ...
1868 3304 2119 3352 quaerere,
2142 3288 2231 3339 Pd
2265 3286 2345 3351 (in
2375 3288 2576 3351 rasura)

324 3358 540 3407 Robert.
567 3372 749 3418 serere,
773 3357 845 3406 ab
852 3373 902 3421 g.
943 3398 1006 3406 .-
1043 3357 1232 3417 mundo,
1254 3374 1295 3419 r,
1327 3359 1461 3407 unde
1494 3358 1671 3406 Dalec.
1708 3373 1743 3406 a
1775 3354 1947 3406 mundo
1980 3359 2277 3419 suspicatur.
2316 3398 2378 3406 .-
2416 3357 2573 3420 alius,

323 3424 561 3487 Pabdg.
598 3422 730 3473 alius
765 3422 968 3489 aliquis,
999 3441 1040 3486 r,
1085 3427 1223 3487 quod
1253 3426 1437 3487 probat
1468 3424 1734 3474 Muneker.
1760 3427 1825 3475 ad
1862 3425 2096 3474 Lactant.
2129 3425 2334 3495 Placia„
2377 3431 2455 3485 14,
2496 3432 2574 3476 ls.

325 3489 535 3554 aliquis,
575 3492 739 3543 Beier.
781 3494 846 3541 ad
888 3492 996 3542 Cic.
1038 3491 1141 3543 off.
1189 3499 1234 3553 1,
1277 3500 1356 3543 44.
1410 3491 1560 3542 Alius
1586 3493 1780 3542 scilicet
1803 3509 1834 3542 a
1857 3492 1981 3553 sole,
2017 3494 2136 3542 coll.
2172 3491 2201 3552 ξ
2231 3499 2308 3542 13.
2348 3533 2411 3541 ...
2447 3501 2574 3543 totus

326 3561 468 3609 visus
491 3599 555 3607 -.
582 3556 741 3608 animi
761 3573 860 3607 om.
887 3553 944 3608 θ.
983 3600 1046 3609 -.
1082 3561 1225 3610 totius
1256 3560 1463 3622 animae,
1497 3562 1640 3610 totius
1665 3561 1835 3622 animi,
1860 3559 2006 3610 totius
2039 3561 2134 3621 sui,
2166 3561 2455 3610 Heumann.
2492 3574 2572 3623 ap.

327 3626 540 3678 Gesner.
581 3666 643 3674 -
681 3634 824 3688 atque
861 3666 923 3675 -
958 3626 1211 3689 hominum,
1237 3629 1421 3678 TPbd
1431 3642 1467 3691 g
1508 3624 1830 3690 (Robertus.)
1857 3627 2127 3677 Consentit
2151 3645 2196 3688 a,
2221 3628 2434 3676 vocibus
2468 3626 2573 3676 vir.

323 3695 504 3744 actibus
535 3702 588 3743 et
620 3710 714 3757 que
747 3696 1112 3757 suprascriptis.
1139 3704 1284 3759 atque
1315 3704 1412 3745 tam
1446 3711 1509 3744 ea·
1542 3695 1797 3746 virtutibus
1822 3711 1971 3760 quam
1992 3713 2053 3744 ex
2078 3696 2207 3746 vitiis
2232 3693 2486 3755 hominum,
2512 3687 2570 3745 Θ.

325 3771 518 3824 tamque
542 3777 604 3811 ex
628 3760 893 3810 virtutibus
925 3759 1157 3813 hominum
1189 3779 1332 3827 quam
1365 3763 1513 3825 vitiis,
1544 3779 1583 3812 r.
1620 3772 1766 3827 atque
1800 3763 1950 3812 etiam
1976 3778 2038 3812 ex
2062 3763 2317 3814 virtutibus
2342 3761 2573 3826 vitiisque

326 3826 578 3891 hominum,
602 3824 702 3892 βγ.
737 3829 1192 3892 Interpolationem
1215 3832 1317 3879 iam
1341 3830 1479 3894 ipsae
1505 3833 1738 3880 codicum
1770 3832 2133 3893 discrepantiae
2166 3833 2373 3891 docent3
2413 3830 2569 3879 virtu·

324 3906 402 3946 tes
425 3913 456 3946 a
478 3898 649 3947 Plinio
675 3895 834 3946 dictas
857 3897 1093 3947 homines
1116 3915 1176 3947 ex
1200 3899 1331 3948 vitiis
1352 3899 1483 3948 inter
1505 3901 1625 3947 deos
1647 3899 1920 3957 habebant,
1943 3899 1975 3945 i.
2001 3913 2043 3946 e.
2067 3899 2192 3948 vitia
2207 3913 2301 3948 sua
2317 3898 2570 3947 intuentes

325 3964 440 4079 {llas
470 3965 680 4014 virtutes
713 3965 925 4014 deorum
955 3965 1074 4014 loco
1124 3967 1505 4024 venerabantur,
1555 3973 1613 4014 ut
1642 3980 1730 4014 eae
1761 3966 1853 4014 illa
1884 3974 2189 4028 averterent3
2232 3979 2280 4013 V.
2316 3963 2346 4024 ξ
2386 3970 2463 4015 15.
2502 4007 2564 4013 -

382 4049 536 4082 omero
576 4033 638 4083 Τ.

392 4098 421 4159 §
450 4069 741 4150 15.’coleree
763 4100 975 4163 quisque,
998 4099 1125 4150 Pab
1137 4101 1246 4163 dgr
1285 4095 1549 4160 (Robert.)
1588 4099 1814 4163 quisquis
1839 4099 2029 4161 coleret,
2052 4095 2109 4161 β.
2161 4139 2220 4149 ...
2271 4099 2563 4162 invenimus,

246 4168 247 4171 ’
329 4159 562 4218 Gder.
600 4166 888 4228 invenimus,
913 4165 982 4217 al.
1008 4166 1296 4232 reperimur,
1320 4182 1366 4216 a.
1403 4167 1687 4230 reperimus,
1711 4167 1845 4231 ng
1869 4165 2129 4230 (Robert.)
2160 4163 2259 4231 βν.
2300 4208 2362 4216 ..
2399 4168 2450 4216 in
2482 4185 2563 4233 qe-

294 4273 301 4279 ,
330 4246 447 4283 nera
469 4232 669 4284 deorum
692 4230 964 4300 descripti-3,
988 4251 1027 4285 r.
1068 4275 1129 4283 ...
1162 4234 1383 4300 placata,
1407 4235 1545 4298 Ppr.
