2961 4861
438 358 594 399 LXIV
634 399 643 407 ,
1360 354 1741 397 PRAEFATIO.

436 528 497 586 p.
530 507 700 566 Lm.
729 507 847 566 alia
871 509 944 565 de
982 525 1159 566 eausa
1184 507 1433 566 allatum
1459 507 1721 577 afferam,
1765 507 1965 578 verba,
2004 505 2058 562 si
2083 523 2207 579 qua
2231 505 2371 579 alia,
2402 506 2696 568 Pliniana

436 629 490 677 et
516 620 775 694 requlare
803 627 886 676 est
914 627 1214 692 utrumque
1241 619 1449 675 ductile
1461 640 1484 683 ,-
1522 618 1883 675 coronarium
1919 607 2026 686 34,
2059 609 2163 672 94.
2192 616 2512 674 etiamnum
2540 637 2692 675 cum

433 727 741 785 Harduino
769 727 897 783 sola
923 744 996 783 ea
1022 726 1095 783 de
1118 743 1298 782 causa
1323 724 1530 783 eiicere
1557 725 1720 796 velit,
1751 724 1892 799 quia
1916 724 1980 780 in
2005 723 2173 781 nullo
2209 743 2454 799 prorsus
2482 728 2689 785 codiee

433 837 727 895 exstantia
752 835 927 892 modo
956 834 1307 892 editionibus
1336 834 1583 892 vetustis
1612 843 1672 891 et
1698 852 1831 891 cum
1858 833 1929 890 iis
1958 832 2195 890 editioni
2226 829 2260 912 β
2303 841 2549 909 accepta
2578 854 2686 892 re-

431 941 737 1002 feruntur?
767 940 913 1014 Quis
941 961 1117 1018 porro
1139 938 1242 1014 35,
1270 938 1413 1001 139.
1436 960 1513 999 ex
1533 942 1800 1000 omnibus
1827 942 1996 999 codd.
2017 943 2224 1017 pueris
2241 941 2539 1017 praeferat
2565 963 2683 1019 pro

432 1071 502 1111 eo
541 1053 697 1126 quod
742 1047 776 1131 β
817 1050 999 1108 habet
1026 1050 1323 1129 pulveris?
1361 1051 1522 1109 Hinc
1557 1051 1677 1108 iam
1704 1069 1811 1126 per
1835 1051 2015 1108 libros
2043 1067 2151 1107 sex
2177 1051 2528 1109 novissimos
2554 1072 2680 1111 non

429 1161 633 1237 paucis
666 1162 729 1218 in
765 1160 931 1232 locis,
962 1179 1110 1234 quos
1138 1160 1315 1218 index
1343 1160 1577 1218 criticus
1603 1159 1839 1230 indicat,
1869 1160 2221 1234 scripturam
2248 1160 2517 1218 editionis
2549 1157 2585 1240 β
2616 1170 2681 1219 et

429 1270 636 1327 ceteris
665 1269 931 1326 omnibus
961 1268 1257 1326 codicibus
1295 1274 1355 1325 et
1392 1268 1511 1343 ipsi
1546 1267 1601 1325 B
1640 1267 1911 1342 praetuli,
1951 1268 2013 1324 id
2040 1268 2199 1343 quod
2227 1269 2463 1343 saepius
2495 1269 2672 1326 etiam

427 1379 755 1437 faciendum
783 1379 843 1435 in
870 1377 1033 1435 libris
1062 1376 1304 1450 triginta
1327 1376 1636 1452 prioribus,
1664 1376 1767 1433 ubi
1792 1377 2295 1452 praestantissimo
2322 1377 2426 1434 illo
2444 1378 2671 1450 codiee,

428 1487 529 1562 qui
553 1487 716 1545 locos
743 1486 1031 1562 plurimos
1060 1491 1165 1542 aut
1191 1484 1354 1542 solus
1382 1484 1626 1542 sanabat
1653 1491 1759 1541 aut
1785 1485 1949 1542 solus
1970 1486 2376 1543 auctoritatem
2405 1487 2670 1545 editionis

431 1592 465 1676 β
497 1594 896 1665 confirmabat,
928 1594 1245 1651 carendum
1271 1593 1403 1651 fuit.
1448 1590 1726 1651 Ceterum
1755 1611 1886 1650 eam
1912 1594 2114 1650 multis
2140 1593 2444 1668 foedisque
2480 1595 2668 1653 inter-

426 1703 815 1780 polationibus
844 1703 1068 1761 maiore
1097 1721 1172 1760 ex
1198 1709 1366 1778 parte
1402 1702 1632 1778 ingenio
1670 1702 1931 1760 virorum
1969 1702 2277 1760 doctorum
2311 1703 2519 1761 debitis
2547 1722 2666 1762 non

426 1832 553 1872 esse
593 1831 841 1871 vacuam
871 1811 1111 1886 quaevis
1147 1811 1269 1869 fere
1308 1811 1529 1886 pagina
1565 1811 1754 1868 docet.
1809 1809 1942 1868 Iam
1970 1829 2112 1869 vero
2148 1811 2469 1885 quaeritur,
2510 1814 2666 1871 unde

427 1922 719 1996 scriptura
747 1921 1011 1994 vulgata,
1043 1919 1278 1992 qualem
1305 1938 1434 1976 eam
1461 1918 1883 1995 Dalecampius
1913 1919 2171 1990 exhibet,
2202 1920 2277 1978 sit
2301 1912 2436 1978 orta
2459 1927 2520 1977 et
2540 1922 2664 1996 qui-

424 2032 536 2088 bus
555 2028 891 2087 auctoribus
912 2028 1156 2098 nitatur;
1187 2027 1507 2101 quaeritur,
1531 2035 1729 2084 utrum
1761 2046 1833 2084 ea
1861 2046 1939 2085 ex
1958 2029 2253 2087 codicibus
2275 2030 2530 2102 antiquis
2552 2049 2663 2087 no-

425 2140 514 2197 bis
541 2139 657 2196 iam
683 2138 895 2213 ignotis
924 2155 1002 2193 an
1029 2156 1106 2194 ex
1133 2136 1480 2194 coniecturis
1504 2136 1765 2194 virorum
1793 2137 2097 2195 doctorum
2126 2137 2201 2196 sit
2219 2135 2454 2209 hausta,
2485 2157 2662 2212 quam

425 2247 828 2323 quaestionem
850 2239 970 2302 iam
991 2261 1258 2302 summus
1277 2242 1642 2320 Lessingius,
1664 2245 1753 2302 uti
1772 2246 2084 2322 ebueynii
2103 2246 2349 2322 epistola
2368 2247 2573 2321 aliqua·
2585 2249 2663 2306 ad

425 2374 561 2413 eum
591 2355 807 2430 scripta
834 2352 1236 2428 cognoscimus
1266 2345 1434 2435 (vide
1459 2352 1751 2429 Lessingii
1779 2373 1977 2429 opera,
2009 2354 2084 2411 T.
2107 2354 2290 2412 XIII.
2313 2375 2373 2432 p.
2401 2352 2546 2413 620.
2566 2356 2659 2428 ed.

426 2460 668 2545 1840.),
716 2464 1075 2523 accuratiore
1110 2463 1478 2539 indagatione
1535 2464 1776 2538 dignam
1827 2463 2071 2521 censuit.
2138 2463 2333 2540 Opere
2381 2462 2660 2524 Pliniano

422 2592 575 2632 anno
601 2569 785 2633 1469.
810 2592 842 2630 e
867 2574 1062 2631 codice
1090 2572 1231 2631 satis
1253 2572 1489 2643 vitioso,
1518 2589 1873 2646 quamquam
1895 2572 1955 2629 in
1979 2572 2278 2631 nonnullis
2300 2573 2443 2632 locis
2466 2575 2661 2633 minus

420 2683 722 2752 lacunoso,
751 2698 927 2755 quam
958 2689 1098 2739 sunt
1123 2681 1349 2739 codices
1377 2689 1635 2740 ceterum
1660 2680 1768 2738 illa
1794 2681 2043 2752 editione
2070 2682 2341 2739 meliores
2365 2676 2534 2760 (coll.
2550 2678 2656 2756 32,

424 2784 582 2870 13.),
622 2789 870 2865 primum
909 2790 1062 2847 edito
1102 2783 1300 2866 (cuius
1334 2789 1471 2848 libri
1507 2790 1791 2848 rarissimi
1826 2790 1887 2849 in
1928 2790 2275 2848 bibliotheca
2332 2792 2660 2850 academiae

417 2900 683 2958 lenensis
712 2898 927 2956 servati
956 2897 1265 2973 diligenter
1295 2898 1665 2956 examinandi
1692 2898 2228 2957 benevolentissime
2256 2899 2400 2957 mihi
2427 2901 2656 2977 copiam

419 3006 555 3067 fecit
582 3005 904 3066 Carolus
937 3001 1466 3084 Gottlingius)‚
1497 3005 1840 3094 Alexander
1867 3006 2212 3065 Benedictus
2242 3009 2320 3065 ad
2347 3008 2655 3068 editionem

419 3135 589 3175 suam
616 3136 770 3175 anno
802 3113 986 3177 1507.
1030 3117 1304 3176 emissam
1343 3117 1742 3175 adornandam
1782 3134 1929 3175 usus
1964 3116 2332 3192 potissimum
2374 3125 2463 3174 est
2502 3117 2656 3175 Her-

418 3227 596 3285 molai
635 3226 884 3284 Barbari
928 3226 1399 3300 castigationibus
1436 3225 1668 3283 interim
1718 3218 1904 3302 (anno
1960 3220 2144 3283 1492.
2201 3219 2420 3304 1493.)
2463 3225 2653 3296 editis,

418 3336 617 3407 magni
644 3342 838 3391 tamen
867 3333 1086 3407 aliquid
1112 3352 1231 3390 non
1259 3333 1573 3408 praestitit.
1631 3334 1791 3390 Tum
1828 3332 2100 3390 exstitere
2134 3331 2391 3390 Ioannes
2431 3330 2653 3392 Caesa·

416 3441 539 3499 rius
569 3434 841 3520 (1524.),
872 3440 973 3513 qui
1001 3440 1166 3497 nullo
1192 3458 1338 3498 usus
1366 3440 1560 3498 codice
1587 3440 1812 3513 aliquot
1848 3441 1909 3498 in
1945 3441 2113 3511 locis,
2151 3458 2402 3515 quorum
2440 3459 2652 3499 nume-

416 3566 554 3607 rum
581 3549 706 3624 ipse
734 3548 948 3606 mirum
980 3554 1261 3623 quantum
1290 3548 1476 3619 auxit,
1518 3550 1716 3607 omnia
1753 3550 1896 3607 vitia
1932 3549 2350 3626 typographica
2387 3551 2653 3625 priorum

418 3657 737 3716 editionum
766 3675 804 3715 a
832 3674 894 3714 se
924 3663 1183 3714 correcta
1207 3656 1342 3716 loco
1371 3657 1838 3716 emendationum
1867 3659 2108 3730 habens,
2152 3677 2355 3716 veram
2383 3659 2650 3734 'scriptu-

415 3784 543 3825 ram
572 3766 843 3838 restituit‚
873 3764 1212 3824 Desiderius
1239 3763 1550 3837 Erasmus,
1581 3767 1683 3839 qui
1708 3766 1769 3824 iu
1792 3767 2041 3825 editione
2059 3768 2429 3825 Frobeuiana
2460 3763 2648 3826 1525.

415 3892 526 3950 ope
553 3874 765 3932 codicis
795 3873 1192 3945 vetustissimi,
1228 3873 1396 3946 „sed,
1440 3881 1509 3931 ut
1534 3872 1660 3932 fere
1696 3881 1854 3946 sunt,
1897 3876 2371 3952 depravatissimo
2400 3871 2647 3951 seripti”

415 4000 532 4041 non
569 3999 758 4058 pauca
797 3981 1151 4053 emendavit,
1192 3999 1342 4056 quae
1380 4000 1418 4040 a
1464 3983 1690 4042 nemine
1736 3985 2017 4043 hactenus
2054 3985 2465 4044 animadversa
2500 3986 2649 4043 citra

415 4090 734 4149 subsidium
764 4090 1114 4166 exemplaris
1143 4090 1322 4149 nullis
1349 4091 1698 4150 coniecturis
1724 4093 1949 4152 restitui
1976 4094 2239 4169 potuisse
2263 4093 2390 4168 ipse
2410 4095 2646 4169 profite-

414 4207 530 4270 tur,
582 4197 800 4258 Beatus
851 4197 1170 4259 Rhenanus
1223 4195 1429 4270 1526„
1480 4198 1828 4260 Bellocirius
1878 4201 2005 4259 sive
2055 4203 2381 4274 Danesius,
2432 4203 2534 4277 qui
2580 4202 2646 4260 in
