2961 4861
399 286 527 350 410
1102 302 1512 351 iurumms
1555 301 1947 352 ms'romAE

398 452 577 530 facit,
620 453 789 517 inter
831 452 994 517 duos
1036 453 1241 517 amnis
1267 453 1497 518 iturae.
1545 451 1749 534 Quod
1769 454 2038 519 interest
2061 452 2174 530 ibi,
2222 463 2445 519 tenent
2470 454 2650 521 Ara-

397 553 517 620 bes
571 550 750 619 Orei.
825 550 938 619 Sic
994 553 1189 618 finem
1238 576 1447 637 usque
1499 554 1569 617 in
1618 553 2002 619 Adiabenen
2056 554 2326 639 perfert.
2399 556 2512 622 Ab
2572 580 2653 624 ea

398 656 780 724 transversis
819 656 993 744 iugis
1033 656 1281 721 inclusa
1320 655 1727 720 latitudinem
1768 657 1837 720 in
1878 656 2064 723 laeva
2103 657 2336 741 pandit
2377 660 2464 723 ad
2503 657 2649 744 Cy-

396 780 544 823 rum
587 780 841 823 amnem
882 770 1248 822 transversa
1273 756 1563 835 Araxen,
1608 756 2078 844 longitudinem
2116 780 2270 822 vero
2312 759 2400 822 ad
2440 760 2647 825 mino-

395 882 536 925 rem
586 881 793 943 usque
847 859 1246 936 Armeniam,
1304 858 1561 923 Absaro
1614 880 1803 923 amne
1859 858 1932 922 in
1982 857 2266 923 Pontum
2322 858 2647 925 defluente

397 972 464 1027 et
488 960 840 1045 Paryadris
868 960 1217 1038 montibus,
1263 960 1376 1044 qui
1404 959 1687 1023 fundunt
1710 957 2059 1037 Absarum,
2101 959 2382 1025 discreta
2407 962 2488 1028 ab
2515 962 2650 1028 illa.

480 1061 582 1125 10.
632 1058 847 1145 Cyrus
890 1061 1093 1126 oritur
1133 1062 1202 1125 in
1227 1060 1609 1125 Heniochiis
1649 1059 1974 1124 montibus
2017 1081 2181 1143 quos
2224 1061 2334 1125 alii
2366 1059 2649 1128 Coraxi-
2677 1083 2753 1126 26

395 1183 504 1228 cos
546 1184 879 1240 vocavere,
933 1162 1189 1228 Araxes
1233 1160 1462 1227 eodem
1502 1170 1719 1225 monte
1763 1182 1891 1243 quo
1932 1159 2325 1246 Euphrates,
2370 1186 2440 1227 vr
2482 1186 2532 1226 u
2574 1186 2647 1249 p.

390 1263 750 1340 intervallo,
794 1274 1152 1346 auctusque
1194 1283 1380 1327 amne
1423 1260 1549 1326 Usi
1593 1272 1659 1326 et
1700 1261 1865 1346 ipse,
1907 1272 1983 1325 ut
2023 1262 2243 1346 plures
2289 1264 2648 1330 existuma-

391 1385 566 1443 vere,
613 1387 652 1428 a
684 1361 861 1449 Cyro
905 1363 1193 1428 defertur
1232 1362 1301 1427 in
1333 1359 1646 1454 Caspium
1684 1384 1880 1427 mare.
1926 1360 2194 1447 Oppida
2237 1365 2650 1431 celebrantur

315 1514 330 1525 .
390 1466 462 1530 in
501 1464 746 1530 minore
793 1463 1134 1542 Caesarea,
1195 1463 1361 1541 Aza,
1414 1461 1764 1548 Nicopolis,
1822 1463 1891 1526 in
1932 1463 2174 1529 maiore
2218 1465 2650 1531 Arsamosata

391 1565 714 1652 Euphrati
756 1588 1164 1650 proxumum,
1211 1565 1394 1651 Tigri
1425 1562 1969 1641 Carcathiocerta,
2012 1564 2083 1628 in
2126 1567 2382 1632 excelso
2426 1578 2646 1633 autem

393 1667 884 1754 Tigranocerta3
931 1677 997 1731 at
1037 1667 1106 1731 in
1150 1666 1391 1752 campis
1431 1664 1617 1730 iuxta
1657 1665 1924 1731 Araxen
1964 1666 2307 1732 Artaxata.
2352 1667 2643 1735 Univer-
2670 1687 2740 1733 2⁷

393 1791 503 1835 sae
543 1767 1055 1858 magnitudinem
1082 1766 1387 1832 Aufidius
1417 1765 1891 1853 quinquagiens
1934 1777 2217 1832 centena'
2244 1792 2297 1833 κ
2335 1770 2642 1854 prodidit,

395 1867 711 1935 Claudius
758 1867 1001 1935 Caesar
1038 1866 1510 1954 longitudinem
1552 1890 1591 1930 a
1630 1865 1930 1932 Dascusa
1985 1869 2072 1932 ad
2115 1869 2463 1934 confinium
2509 1868 2642 1936 Ca-

394 1969 520 2054 spii
560 1970 755 2038 maris
799 1980 897 2034 ter
941 1978 1007 2033 et
1048 1968 1305 2034 deciens
1347 1977 1620 2032 centena
1646 1992 1697 2031 M
1722 1991 1811 2053 p.,
1856 1968 2262 2035 latitudinem
2304 1970 2645 2038 dimidium

392 2069 531 2135 eius
575 2092 614 2133 a
642 2069 1107 2155 Tigranocerta
1150 2067 1234 2135 ad
1259 2065 1562 2133 Iberiam.
1604 2067 1959 2148 Dividitur,
2006 2071 2183 2153 quod
2224 2082 2473 2136 certum
2517 2083 2638 2151 est,

391 2171 462 2241 in
513 2170 953 2255 praefecturas
1007 2190 1167 2252 quas
1216 2169 1566 2252 στρατηγίας
1605 2180 1856 2248 vocant,
1910 2171 2222 2254 quasdam
2280 2195 2362 2237 ex
2412 2173 2495 2239 iis
2536 2175 2643 2240 vel

393 2270 645 2357 singula
684 2292 889 2358 regna
936 2269 1281 2353 quondam,
1335 2267 1627 2333 barbaris
1670 2269 2035 2336 nominibus
2078 2292 2230 2336 cxx.
2308 2269 2641 2339 Claudunt

393 2395 537 2446 eam
579 2382 827 2439 montes
869 2370 950 2437 ab
981 2369 1245 2448 oriente,
1292 2368 1409 2435 sed
1449 2390 1582 2434 non
1620 2370 1856 2449 statim,
1907 2368 2232 2451 Ceraunii,
2277 2395 2402 2440 nec
2428 2373 2642 2440 Adia-

391 2475 559 2543 bene
588 2475 787 2561 regio.
836 2471 1032 2554 Quod
1060 2473 1326 2537 interest
1356 2470 1543 2556 spati,
1592 2468 1879 2557 Sopheni
1925 2483 2145 2539 tenent
2154 2498 2174 2549 3
2220 2473 2302 2542 ab
2329 2474 2430 2539 his
2457 2474 2638 2563 iuga,
2667 2498 2733 2542 28

463 2651 640 2710 iturae,
663 2651 713 2699 Β
737 2644 922 2708 (Rob.)
958 2645 1089 2707 mire,
1112 2648 1172 2695 P.
1210 2645 1353 2694 situm
1373 2653 1553 2707 terrae,
1578 2647 1682 2696 Td.
1716 2646 1861 2696 sitae.
1895 2646 1945 2695 T
1935 2627 2098 2710 errae,
2121 2665 2162 2698 r.
2187 2690 2251 2699 .-
2290 2667 2450 2714 quam,
2473 2653 2535 2702 P.
2572 2694 2637 2703 .-

395 2719 608 2776 interest,
632 2717 777 2768 ΒΡᾱ
800 2712 983 2778 (Rob.)
1020 2714 1116 2762 iter
1138 2722 1221 2774 eet,
1245 2712 1402 2763 Hard.
1426 2726 1477 2775 γ.
1517 2753 1580 2761 ...
1624 2712 1754 2774 Orei,
1775 2715 1876 2763 vid.
1904 2721 1949 2776 5,
1975 2722 2055 2766 85.
2101 2715 2318 2778 Sooroei,
2341 2720 2390 2768 d.
2442 2718 2639 2780 Orochi,

392 2785 451 2834 P.
489 2781 707 2842 Sorocis,
729 2782 792 2830 Β.
837 2778 1024 2841 Sor-oei,
1048 2781 1237 2843 Rigalt.
1262 2794 1342 2842 ap.
1368 2778 1586 2829 Salmas.
1611 2795 1776 2830 exerc.
1802 2797 1852 2844 p.
1879 2789 1992 2832 441.
2017 2800 2063 2832 a.
2091 2784 2154 2834 G.
2200 2782 2385 2847 Soroci,
2409 2787 2542 2836 Rob.
2570 2827 2636 2836 ..-

391 2849 512 2907 Hic,
535 2850 651 2900 ΒΡ.
692 2889 754 2897 -
792 2865 947 2912 usque
971 2847 1042 2898 ad
1062 2846 1395 2907 mazabenem,
1417 2846 1478 2895 P.
1516 2886 1579 2895 .-
1618 2849 1840 2911 tperfirt,
1862 2849 1952 2897 1³².
1988 2852 2209 2914 tpevfret,
2233 2853 2325 2901 R¹.
2365 2893 2430 2902 ,-
2466 2861 2637 2901 trans-

391 2933 579 2979 versus,
602 2918 662 2967 P.
701 2957 764 2966 ....
812 2916 883 2966 ad
919 2914 1110 2982 Gyrum,
1143 2917 1187 2965 P
1197 2917 1244 2964 d.
1288 2912 1509 2974 Acirum,
1531 2915 1597 2964 Β.
1634 2955 1699 2964 -.
1741 2925 2044 2978 transversa,
2073 2919 2293 2968 RTPd.
2340 2928 2638 2970 transversa

391 2985 455 3046 in,
478 2981 536 3046 β.
586 2993 877 3046 transvecta,
900 2984 1058 3034 Hard.
1096 3023 1159 3032 .-
1194 2980 1422 3041 Araxen,
1455 2983 1520 3031 Β.
1558 3023 1622 3032 .-.
1668 2997 1824 3045 usque
1857 2984 1928 3033 ad
1956 2983 2197 3046 minorem,
2218 2986 2278 3035 P.
2314 3027 2382 3036 -.
2421 2985 2638 3048 Absaro,

391 3055 489 3104 vid.
515 3051 544 3113 ὅ
573 3059 651 3102 12.
686 3053 922 3113 Absarro,
945 3052 1109 3104 R'rd.
1144 3048 1364 3113 Absyro,
1387 3051 1448 3099 P.
1492 3089 1555 3097 -.
1583 3058 1786 3114 portum,
1810 3051 1954 3102 3¹1².
1990 3093 2054 3101 ..-
2090 3052 2377 3117 Paryadres
2401 3062 2453 3104 ot
2474 3053 2639 3106 Absa-

394 3137 515 3182 rum,
539 3121 639 3170 vid.
664 3135 831 3184 supra.
869 3161 932 3169 .-
970 3117 1190 3178 ἅίεεεᾱα,
1212 3118 1277 3166 Β.

460 3186 595 3248 626.
649 3186 841 3244 Quibus
873 3188 1046 3247 oritur,
1079 3187 1238 3235 RPd.
1275 3226 1338 3234 ...
1376 3184 1442 3246 in,
1477 3200 1579 3233 om.
1612 3186 1676 3235 Β.
1716 3224 1779 3234 ...
1813 3184 2066 3248 Ηεηίοοίε,
2099 3190 2148 3237 d.
2192 3188 2438 3251 Emochis,
2471 3189 2533 3239 P.
2572 3229 2636 3239 -

395 3252 676 3314 Coraxicos,
695 3256 742 3303 d.
776 3252 1061 3314 CoriixicoS,
1080 3255 1169 3303 R2.
1200 3250 1472 3311 Gonimicus,
1490 3252 1582 3302 R'.
1614 3250 1907 3313 Corassicos,
1925 3255 1985 3304 Ρ.
2010 3294 2075 3302 ...
2102 3255 2247 3317 quod,
2264 3256 2328 3305 Β.
2353 3297 2418 3305 ....
2444 3272 2470 3303 s
2550 3274 2637 3317 em,

389 3323 450 3372 Ρ.
488 3360 552 3369 .-
589 3328 883 3383 auctusque,
909 3321 1010 3372 ΒΡ
1021 3323 1068 3370 (1.
1114 3328 1288 3372 auctus
1311 3329 1400 3381 est,
1424 3321 1486 3369 Τ.
1525 3360 1588 3369 ...
1633 3317 1740 3380 Usi,
1770 3313 1968 3370 OTPd
1991 3317 2175 3384 (Rob.)
2218 3322 2331 3384 Asi,
2355 3323 2418 3372 R.
2537 3324 2636 3384 usi,

389 3383 493 3451 βγ.
537 3385 767 3436 Οαηιόιιεί
786 3388 819 3434 i.
847 3402 890 3436 e.
935 3386 1180 3451 cambyse,
1220 3389 1358 3437 Pint.
1381 3389 1446 3436 ad
1467 3388 1591 3437 Mel.
1614 3387 1712 3437 ΠΙ.
1740 3393 1785 3446 5,
1813 3394 1857 3437 6.
1885 3429 1949 3436 ...
1986 3397 2035 3437 et
2044 3406 2063 3447 ,-
2085 3390 2221 3439 hanc
2243 3391 2484 3440 voculam
2508 3405 2633 3454 quo·

388 3455 465 3504 vis
499 3455 713 3518 pignore
745 3455 1042 3504 eiiciendam
1075 3455 1337 3516 existimO,
1373 3455 1495 3517 quia
1527 3457 1590 3505 de
1622 3454 1767 3506 nullo
1800 3456 1904 3504 alio
1936 3456 2145 3505 flumine
2177 3466 2377 3519 praeter
2405 3457 2634 3517 Araxen,

390 3525 531 3588 quod
554 3521 717 3585 Cyrus
749 3522 911 3571 amnis
945 3522 1000 3571 in
1030 3536 1169 3570 mare
1202 3522 1446 3585 Caspium
1478 3522 1684 3583 deferat,
1719 3523 1911 3571 dictum
1935 3530 2026 3572 est.
2075 3523 2276 3587 Copula
2306 3539 2425 3574 vero
2450 3526 2635 3575 omissa

392 3590 556 3640 oratio
580 3591 638 3639 fit
661 3597 712 3638 et
732 3589 1002 3653 perspicua
1032 3597 1083 3637 et
1115 3597 1277 3639 acuta.
1318 3629 1380 3638 .-.
1419 3607 1467 3650 a,
1493 3592 1541 3639 d.
1588 3590 1676 3649 da,
1698 3590 1762 3640 Β.
1811 3590 1883 3651 de,
1915 3590 2062 3641 STP
2095 3588 2281 3654 (Rob.)
2321 3632 2384 3641 .-
2426 3591 2633 3652 Cosam,

390 3660 534 3707 codd.
565 3657 791 3707 Barbari.
831 3695 889 3705 -.
936 3655 1057 3717 Oza,
1092 3657 1157 3706 Β.
1193 3696 1256 3705 .-.
1291 3656 1638 3717 Arsamosata,
1668 3657 1735 3705 K.
1787 3655 2064 3719 Armosata,
2086 3659 2251 3721 Ryck.
2278 3662 2345 3709 ad
2367 3659 2489 3709 Tac.
2514 3675 2628 3714 auu.

393 3731 472 3787 15,
501 3730 580 3774 lo.
604 3738 654 3787 γ.
689 3723 959 3785 Arsamote,
983 3719 1100 3784 Rss.
1125 3722 1407 3784 Arsamota,
1432 3725 1536 3773 Pd.
1559 3764 1623 3773 .-
1654 3722 2064 3785 Gareathiocerta,
2087 3726 2186 3774 vid.
2211 3725 2449 3776 Strabon.
2480 3732 2557 3776 11.
2581 3741 2632 3789 p.

392 3796 506 3842 527.
565 3789 962 3854 Aryuctiocerta,
1003 3794 1066 3841 Β.
1141 3788 1540 3854 Aqiathiocerta,
1581 3794 1629 3841 d.
1704 3789 2147 3856 Artiqranacerta,
2187 3794 2248 3843 P.
2304 3834 2367 3843 ....
2429 3793 2634 3853 excelso,

389 3852 745 3909 ROSTPdr.
783 3858 1006 3920 excel-sis,
1029 3854 1087 3918 β.
1115 3899 1188 3916 ,...
1226 3867 1293 3919 at,
1320 3871 1422 3907 om.
1446 3859 1507 3908 P.
1545 3900 1607 3908 .-
1644 3858 1866 3920 Araxen,
1891 3862 1938 3909 d.

457 3928 593 3990 527.
638 3924 941 3988 Universum,
963 3928 1023 3977 Ρ.
1062 3967 1124 3975 -
1163 3924 1549 3990 ᾳαίηᾳααρεείεε,
1580 3928 1640 3977 P.
1679 3967 1743 3976 -
1779 3929 1841 3977 ab
1874 3944 2077 3989 ascusa,
2110 3928 2169 3978 P.
2208 3968 2270 3977 ..
2308 3928 2428 3977 eius.
2463 3927 2514 3975 A
2546 3925 2633 3977 Ti-

386 4003 684 4055 yranocerta
707 3992 780 4042 ad
802 3993 933 4044 Iber.
958 3992 1210 4054 dividitur,
1228 4009 1269 4043 r.
1295 4034 1359 4043 .-
1381 3992 1595 4054 Dividit,
1618 3995 1680 4044 P.
1704 4035 1770 4043 -.
1797 4011 1940 4058 qua-³,
1964 3995 2168 4046 BSTP
2180 3997 2228 4045 d.
2268 4012 2394 4059 quas
2420 3994 2470 4056 ii,
2488 3990 2547 4056 β.
2568 4033 2632 4044 .-

389 4059 692 4122 strayedias,
715 4061 775 4110 P.
803 4101 866 4110 -.
892 4059 987 4122 his,
1010 4063 1074 4112 Β.
1103 4102 1165 4111 .-.
1198 4059 1462 4122 Claudunt,
1485 4056 1615 4111 11²9
1625 4062 1723 4112 ΤΡ
1734 4063 1812 4111 dr.
1847 4060 2085 4124 Dicuunt,
2110 4063 2198 4112 R'.
2238 4059 2470 4123 Cludunt,
2488 4058 2546 4122 β.
2569 4101 2632 4111 .-

389 4135 564 4175 montes
587 4127 650 4176 ab
677 4127 874 4190 oriente,
897 4130 1002 4179 Rd.
1039 4132 1103 4179 ab
1127 4128 1308 4179 oriente
1329 4138 1525 4190 mantea,
1547 4124 1700 4193 Ρβγ.
1725 4170 1789 4179 -..
1832 4127 2123 4191 Geraurinii,
2146 4131 2206 4179 P.
2236 4169 2297 4178 ...
2333 4129 2565 4194 reqionis,
2591 4146 2637 4179 r.

456 4194 487 4256 §
512 4198 591 4243 28.
630 4193 861 4259 Sopheni,
884 4194 1090 4245 Barbar.
1145 4194 1362 4261 Cepheni,
1388 4197 1547 4246 TPd.
1597 4193 1790 4259 Gepeni,
1813 4198 1879 4247 Β.
1915 4236 1979 4247 ..
2015 4197 2139 4260 iuya
2172 4195 2440 4258 Ceraunia,
2463 4198 2529 4248 K.
2568 4236 2634 4247 -.

389 4257 696 4321 Adiabenae,
721 4263 768 4310 d.
805 4259 1068 4323 Adiabene,
1092 4262 1155 4312 Β.
1195 4303 1256 4311 -.
1293 4271 1463 4323 tenent,
1489 4263 1624 4313 delet
1646 4265 1842 4315 Brotor.
1880 4306 1944 4314 ..
1981 4272 2088 4326 ant,
2112 4266 2173 4315 Β.
2212 4304 2275 4314 .-
2314 4261 2633 4325 Menobardi,

829 4507 924 4564 κ.
