2961 4861
1230 395 1607 440 PRAEFATIO.
2344 397 2533 439 XXXV

286 546 362 621 2,
404 543 527 621 90.,
558 548 837 608 Massarii
871 544 971 620 18,
1004 542 1130 620 55„
1170 545 1356 627 Lipsii
1397 544 1461 619 8,
1508 542 1653 606 210.
1693 543 1754 618 9,
1801 541 1927 618 51.,
1958 545 2223 606 Turnebi
2253 543 2355 620 10,
2389 544 2532 607 196.

283 652 440 718 205.
475 653 578 731 11,
610 652 733 729 16.,
778 655 1141 733 Daleeampii
1182 652 1284 730 14,
1327 652 1429 716 80.
1478 651 1581 727 15,
1628 651 1687 715 9.
1728 651 1856 728 49.,
1889 655 2166 715 Salmasii
2205 652 2266 729 6,
2296 651 2441 741 214.
2470 653 2534 728 8,

281 761 399 828 38.
430 761 532 826 67.
564 761 626 839 9,
656 761 760 826 21.
790 760 897 826 46.
938 761 1041 839 11,
1071 760 1176 826 37.
1211 760 1355 824 121.
1389 759 1534 824 126.
1580 760 1683 837 12,
1712 759 1818 822 44.
1852 759 1954 836 13,
1989 760 2091 823 14.
2119 759 2222 824 45.
2257 759 2360 823 77.
2391 760 2533 824 107.

283 868 398 946 15,
429 869 532 934 25.
567 869 669 946 19,
703 870 845 935 186.
880 869 1045 947 187.,
1078 872 1365 934 Palmerii
1395 868 1497 947 13,
1527 868 1655 946 29.,
1690 870 1979 932 Gronovii
2021 869 2122 944 14,
2153 867 2258 933 51.
2286 873 2402 945 bis,
2435 868 2537 945 15,

281 978 439 1044 136.
467 978 574 1055 20,
605 978 752 1042 261.
794 980 1007 1059 Neque
1033 1000 1106 1041 eo
1132 988 1441 1042 contentus
1469 983 1734 1042 codicum
1760 981 2104 1042 lectionibus
2129 981 2333 1040 eodem
2364 982 2539 1041 modo

277 1092 496 1163 utitur,
525 1109 717 1168 neque
744 1090 941 1151 solum
969 1091 1231 1151 codicum
1259 1090 1334 1150 ab
1356 1089 1485 1150 aliis
1509 1070 1885 1163 collatorum,
1914 1091 2000 1150 uti
2013 1091 2286 1151 Toletani
2301 1086 2360 1163 9,
2393 1088 2536 1151 171.

279 1196 393 1273 10,
442 1196 584 1260 197.
626 1195 775 1260 224.
819 1195 922 1272 17,
967 1197 1070 1260 77.
1104 1195 1206 1271 18,
1240 1194 1384 1261 186.
1425 1195 1573 1258 272.
1608 1195 1710 1271 19,
1743 1195 1869 1273 98.,
1914 1197 2268 1259 chiffletiani
2298 1196 2400 1273 18,
2434 1194 2537 1260 90.

280 1306 460 1380 114.,
487 1307 702 1369 veteris
731 1308 946 1367 codicis
966 1307 1331 1386 Dalecampii
1362 1303 1424 1379 6,
1454 1303 1560 1368 20.
1592 1303 1729 1367 116.
1764 1304 1865 1381 17,
1892 1303 2036 1368 245.
2060 1304 2164 1381 20,
2185 1304 2311 1382 39.,
2332 1328 2537 1368 verum

275 1418 466 1477 etiam
493 1434 718 1490 eorum,
751 1435 900 1492 quos
927 1417 1052 1493 ipse
1079 1417 1301 1492 primus
1319 1416 1599 1493 inspexit,
1638 1417 1804 1476 cuius
1832 1415 2056 1475 fraudis
2089 1417 2361 1494 exempla
2386 1419 2540 1477 inter

274 1525 436 1586 alios
459 1524 623 1586 locos
657 1526 887 1586 laudari
909 1534 1157 1602 possunt
1182 1522 1245 1599 2,
1272 1522 1417 1586 242.
1442 1520 1505 1597 5,
1536 1522 1681 1585 117.
1705 1521 1811 1597 33,
1851 1520 1952 1585 13.
1978 1519 2084 1598 35,
2114 1521 2260 1586 184.-
2289 1522 2393 1599 37,
2433 1523 2537 1586 24.

277 1632 456 1708 Quae
484 1635 684 1694 omnia
711 1653 751 1693 a
775 1652 875 1693 me
903 1636 1224 1694 observata
1249 1634 1575 1693 cautionem
1606 1651 1802 1694 meam
1827 1634 1891 1691 in
1918 1635 2245 1710 repetendis
2272 1636 2538 1695 codicum

274 1743 631 1804 lectionibus
672 1744 749 1802 ab
788 1735 1108 1802 Harduino
1136 1740 1333 1800 allatis
1363 1741 1528 1813 satis,
1559 1749 1727 1816 puto,
1755 1743 2142 1812 excusabunt,
2173 1760 2307 1801 cum
2334 1762 2538 1802 eorum

277 1852 608 1929 scripturas
634 1869 669 1909 e
696 1852 887 1910 multo
929 1824 1389 1936 accuratioribus
1427 1857 1487 1908 et
1529 1848 1870 1908 certioribus
1909 1848 2312 1913 collationibus
2338 1858 2539 1926 petere

276 1977 543 2038 possem,
573 1976 726 2033 quae
750 1976 848 2017 res
875 1958 1054 2017 etiam
1079 1958 1143 2016 in
1176 1956 1458 2018 Gabriclis
1484 1958 1747 2017 Bromia·
1770 1951 1951 2030 h'bris',
1983 1959 2055 2017 de
2082 1959 2292 2034 quibus
2318 1959 2540 2036 pariter

287 2086 486 2145 snpra
532 2075 624 2126 est
663 2066 1040 2144 disputatum,
1079 2067 1322 2125 eandem
1360 2084 1455 2126 me
1499 2067 1787 2129 rationem
1837 2069 2005 2142 sequi
2051 2068 2257 2139 iussit,
2296 2076 2366 2128 ut
2409 2069 2533 2128 eius

284 2184 574 2254 excerpta
599 2183 730 2235 tum
757 2176 992 2234 demum
1019 2175 1342 2247 laudarem,
1373 2176 1475 2235 ubi
1503 2194 1537 2234 e
1563 2176 1712 2236 meis
1740 2176 2034 2236 codicibus
2062 2176 2206 2236 nihil
2234 2184 2534 2241 enotatum

275 2285 637 2358 invenirem,
677 2292 805 2344 tum
842 2292 1041 2344 autem
1078 2285 1255 2344 modo
1289 2286 1533 2344 codicem
1560 2284 1661 2342 vel
1687 2286 1908 2346 codices
1943 2283 2202 2344 Broterii
2238 2285 2528 2360 afferrem,

277 2394 448 2474 siglis
474 2395 740 2473 ipsorum
768 2394 1053 2454 librorum
1081 2402 1149 2453 ut
1173 2410 1386 2471 pamm
1415 2392 1589 2452 certis
1619 2393 1870 2453 omissis.
1935 2376 2314 2454 Paneissimis
2353 2396 2530 2454 modo

277 2481 431 2566 locis
470 2503 532 2564 in
573 2505 826 2564 editione
865 2523 976 2563 sua
1012 2522 1168 2561 anno
1215 2497 1401 2561 1769.
1443 2502 1598 2561 edita
1637 2503 1713 2561 ad
1751 2519 1892 2561 suos
1922 2503 2181 2577 codices,
2220 2504 2282 2564 in
2311 2506 2526 2581 quibus

277 2622 522 2691 praeter
560 2613 778 2689 Regios
826 2611 1171 2671 collationes
1208 2611 1470 2670 codicum
1508 2610 1914 2685 Belgicorum,
1962 2608 2214 2672 maxime
2254 2599 2527 2675 Camera-

278 2722 473 2781 censis
503 2715 594 2801 (v.
622 2720 870 2798 praefat.
898 2720 1149 2795 Broterii
1175 2719 1316 2780 Vol.
1338 2720 1390 2778 I.
1418 2737 1478 2795 p.
1501 2719 1808 2779 XXXVI.
1838 2729 1897 2782 et
1922 2719 2185 2782 Carrion.
2213 2723 2373 2784 lectt.
2402 2733 2524 2785 ant.

276 2827 348 2904 2,
387 2825 450 2891 3.
487 2829 566 2890 ad
591 2827 752 2893 Plin.
781 2825 886 2902 33,
915 2823 1074 2910 44.),
1103 2829 1365 2901 fuerunt,
1408 2827 1694 2905 confugit,
1722 2830 1853 2888 fere
1879 2837 2038 2891 totus
2064 2834 2436 2908 acquiescens
2461 2836 2523 2893 in

276 2938 613 2998 Harduino.

368 3046 485 3105 Ad*
534 3048 951 3124 praefationem
1000 3048 1181 3108 Plinii
1237 3067 1277 3107 a
1336 3067 1400 3107 se
1451 3046 1703 3106 Londini
1753 3045 1942 3107 1728.
2002 3049 2217 3107 editam
2267 3053 2524 3112 Davides

276 3158 606 3218 Dav-andus
635 3157 830 3217 codice
856 3155 1216 3215 Londinensi
1243 3148 1358 3235 (Δ)
1389 3162 1482 3212 est
1506 3172 1652 3212 usus
1693 3154 1777 3213 ita
1804 3153 2061 3229 quidem,
2102 3165 2170 3215 ut
2194 3158 2391 3233 ipsum
2418 3177 2522 3218 co-

277 3266 467 3325 dicem
501 3266 662 3339 satis,
692 3243 761 3325 ut
785 3265 1041 3337 videtur,
1069 3270 1342 3323 accurate
1377 3262 1773 3322 recudendum
1811 3273 2072 3336 curaret,
2103 3284 2279 3342 quem
2305 3269 2521 3327 librum

186 3397 192 3403 ·
275 3374 402 3434 fere
429 3391 564 3458 eum
591 3374 698 3432 Td
739 3373 1065 3432 consentire
1102 3371 1520 3443 animadverti,
1562 3391 1696 3432 cum
1737 3374 2123 3434 deterioribus
2157 3383 2382 3450 tamen,
2420 3380 2519 3438 ubi

278 3484 358 3540 ab
386 3479 480 3539 his
505 3483 744 3553 recedit,
772 3481 1101 3540 facientem.
1143 3478 1306 3540 Num
1333 3480 1489 3540 idem
1517 3481 1592 3540 sit
1621 3500 1753 3542 cum
1780 3481 2136 3543 Londinensi
2171 3486 2247 3545 ad
2275 3482 2338 3559 4,
2373 3484 2515 3547 106.

279 3588 547 3660 laudato,
576 3606 691 3646 non
716 3590 924 3664 liquet.
2307 3569 2316 3576 x

361 3697 592 3757 Deinde
619 3697 843 3773 aliquot
869 3697 945 3756 ad
972 3698 1146 3757 Plinii
1172 3700 1364 3775 capita
1391 3701 1535 3761 satis
1561 3719 1777 3776 magno
1805 3703 2071 3761 codicum
2097 3722 2347 3762 numero
2373 3722 2515 3764 usus

277 3814 371 3868 est
404 3808 599 3868 Comes
627 3809 697 3866 de
733 3808 918 3866 Turre
946 3808 1259 3868 Rczzom'co
1283 3809 1343 3868 in
1372 3809 1862 3885 disquisitionibus
1892 3812 2015 3870 suis
2042 3809 2298 3871 Parmae
2328 3808 2511 3873 1763.

276 3916 470 3977 editis.
522 3917 812 3976 Nonnulli
849 3916 1084 3975 illorum
1120 3924 1325 3993 postea
1359 3918 1417 3976 in
1457 3938 1635 3977 usum
1663 3937 1831 3977 meae
1857 3909 2128 3980 editionis
2155 3922 2348 3981 denuo
2374 3931 2515 3982 sunt

275 4026 477 4086 collati
491 4067 510 4097 ,
547 4032 616 4085 ut
650 4025 1071 4086 Riccardianus
1109 4020 1227 4106 (R)
1242 4068 1260 4095 ,
1312 4025 1747 4087 Carbonarinus
1791 4029 1916 4089 sive
1953 4027 2324 4090 Burbonicus
2362 4026 2509 4113 (N),

280 4132 576 4195 Mediceus
601 4135 654 4193 I.
687 4129 839 4215 (L);
878 4136 1054 4210 longe
1081 4135 1343 4213 plurium
1371 4137 1447 4195 ab
1483 4136 1617 4195 aliis
1658 4137 1800 4196 viris
1829 4139 2012 4199 doctis
2041 4160 2159 4199 non
2184 4140 2396 4199 iterum
2423 4144 2510 4200 in-

277 4251 604 4319 spectorum
631 4254 907 4321 excerpta
933 4264 970 4304 a
997 4264 1092 4304 me
1122 4256 1196 4304 e'a
1223 4264 1355 4304 cum
1383 4244 1499 4303 fide
1528 4254 1668 4306 sunt
1691 4247 1935 4324 repetita
1951 4291 1970 4321 ,
2010 4267 2187 4324 quam
2216 4249 2326 4324 ipsi
2353 4249 2507 4317 Rez-
