<?xml version="1.0" encoding="UTF-8"?>
<!DOCTYPE html PUBLIC "-//W3C//DTD XHTML 1.0 Transitional//EN"
    "http://www.w3.org/TR/xhtml1/DTD/xhtml1-transitional.dtd">
<html xmlns="http://www.w3.org/1999/xhtml" xml:lang="en" lang="en">
 <head>
  <title>
</title>
<meta http-equiv="Content-Type" content="text/html;charset=utf-8" />
  <meta name='ocr-system' content='tesseract 3.04.00' />
  <meta name='ocr-capabilities' content='ocr_page ocr_carea ocr_par ocr_line ocrx_word'/>
</head>
<body>
  <div class='ocr_page' id='page_1' title='image "./cplinisecundina00sillgoog_0598.png"; bbox 0 0 2961 4861; ppageno 0'>
   <div class='ocr_carea' id='block_1_1' title="bbox 394 329 1943 406">
    <p class='ocr_par' dir='ltr' id='par_1_1' title="bbox 394 329 1943 406">
     <span class='ocr_line' id='line_1_1' title="bbox 394 329 1943 406; baseline 0.009 -14"><span class='ocrx_word' id='word_1_1' title='bbox 394 329 520 393; x_wconf 83' lang='lat'>384</span> <span class='ocrx_word' id='word_1_2' title='bbox 1103 348 1510 402; x_wconf 74' lang='lat' dir='ltr'>NATURAms</span> <span class='ocrx_word' id='word_1_3' title='bbox 1555 356 1943 406; x_wconf 75' lang='lat' dir='ltr'>ms&#39;romAE</span> 
     </span>
    </p>
   </div>
   <div class='ocr_carea' id='block_1_2' title="bbox 371 499 2775 2498">
    <p class='ocr_par' dir='ltr' id='par_1_2' title="bbox 380 499 2775 1910">
     <span class='ocr_line' id='line_1_2' title="bbox 392 499 2640 599; baseline 0.011 -37"><span class='ocrx_word' id='word_1_4' title='bbox 392 510 583 565; x_wconf 86' lang='lat' dir='ltr'>antea</span> <span class='ocrx_word' id='word_1_5' title='bbox 625 499 894 569; x_wconf 80' lang='lat' dir='ltr'>Politice</span> <span class='ocrx_word' id='word_1_6' title='bbox 939 502 1187 592; x_wconf 77' lang='lat' dir='ltr'>Orgas,</span> <span class='ocrx_word' id='word_1_7' title='bbox 1233 507 1413 595; x_wconf 89' lang='lat' dir='ltr'>regio</span> <span class='ocrx_word' id='word_1_8' title='bbox 1460 508 1753 595; x_wconf 78' lang='lat' dir='ltr'><strong>Scepsis,</strong></span> <span class='ocrx_word' id='word_1_9' title='bbox 1799 511 2036 579; x_wconf 86' lang='lat' dir='ltr'>flumen</span> <span class='ocrx_word' id='word_1_10' title='bbox 2078 515 2408 599; x_wconf 85' lang='lat' dir='ltr'>Evenum,</span> <span class='ocrx_word' id='word_1_11' title='bbox 2455 522 2640 587; x_wconf 87' lang='lat' dir='ltr'>cuius</span> 
     </span>
     <span class='ocr_line' id='line_1_3' title="bbox 389 601 2640 692; baseline 0.011 -28"><span class='ocrx_word' id='word_1_12' title='bbox 389 601 458 665; x_wconf 89' lang='lat' dir='ltr'>in</span> <span class='ocrx_word' id='word_1_13' title='bbox 510 604 668 689; x_wconf 81' lang='lat' dir='ltr'>ripis</span> <span class='ocrx_word' id='word_1_14' title='bbox 721 605 1101 672; x_wconf 78' lang='lat' dir='ltr'>intercidere</span> <span class='ocrx_word' id='word_1_15' title='bbox 1153 607 1485 692; x_wconf 81' lang='lat' dir='ltr'>Lyrnesos</span> <span class='ocrx_word' id='word_1_16' title='bbox 1504 660 1522 689; x_wconf 92' lang='lat'>,</span> <span class='ocrx_word' id='word_1_17' title='bbox 1581 611 1862 691; x_wconf 83' lang='lat' dir='ltr'>Miletos.</span> <span class='ocrx_word' id='word_1_18' title='bbox 1937 616 2017 680; x_wconf 91' lang='lat' dir='ltr'>In</span> <span class='ocrx_word' id='word_1_19' title='bbox 2074 618 2196 684; x_wconf 88' lang='lat' dir='ltr'>hoc</span> <span class='ocrx_word' id='word_1_20' title='bbox 2252 631 2463 687; x_wconf 82' lang='lat' dir='ltr'>tractu</span> <span class='ocrx_word' id='word_1_21' title='bbox 2516 623 2640 689; x_wconf 87' lang='lat' dir='ltr'>lda</span> 
     </span>
     <span class='ocr_line' id='line_1_4' title="bbox 388 704 2636 798; baseline 0.01 -32"><span class='ocrx_word' id='word_1_22' title='bbox 388 725 593 782; x_wconf 91' lang='lat' dir='ltr'>mons,</span> <span class='ocrx_word' id='word_1_23' title='bbox 640 715 704 770; x_wconf 92' lang='lat' dir='ltr'>et</span> <span class='ocrx_word' id='word_1_24' title='bbox 740 704 807 768; x_wconf 90' lang='lat' dir='ltr'>in</span> <span class='ocrx_word' id='word_1_25' title='bbox 836 727 947 770; x_wconf 90' lang='lat' dir='ltr'>ora</span> <span class='ocrx_word' id='word_1_26' title='bbox 974 726 1140 790; x_wconf 83' lang='lat' dir='ltr'>quae</span> <span class='ocrx_word' id='word_1_27' title='bbox 1171 709 1378 773; x_wconf 92' lang='lat' dir='ltr'>sinum</span> <span class='ocrx_word' id='word_1_28' title='bbox 1408 713 1881 798; x_wconf 83' lang='lat' dir='ltr'>cognominavit</span> <span class='ocrx_word' id='word_1_29' title='bbox 1909 727 1975 781; x_wconf 91' lang='lat' dir='ltr'>et</span> <span class='ocrx_word' id='word_1_30' title='bbox 2003 731 2389 785; x_wconf 88' lang='lat' dir='ltr'>conventum</span> <span class='ocrx_word' id='word_1_31' title='bbox 2418 718 2636 788; x_wconf 89' lang='lat' dir='ltr'>Adra-</span> 
     </span>
     <span class='ocr_line' id='line_1_5' title="bbox 388 801 2635 904; baseline 0.011 -38"><span class='ocrx_word' id='word_1_32' title='bbox 388 814 666 888; x_wconf 85' lang='lat' dir='ltr'>mytteos</span> <span class='ocrx_word' id='word_1_33' title='bbox 730 807 881 871; x_wconf 91' lang='lat' dir='ltr'>olim</span> <span class='ocrx_word' id='word_1_34' title='bbox 933 805 1231 873; x_wconf 78' lang='lat' dir='ltr'>Pedasus</span> <span class='ocrx_word' id='word_1_35' title='bbox 1289 810 1484 876; x_wconf 90' lang='lat' dir='ltr'>dicta.</span> <span class='ocrx_word' id='word_1_36' title='bbox 1563 801 1865 879; x_wconf 85' lang='lat' dir='ltr'>Flumina</span> <span class='ocrx_word' id='word_1_37' title='bbox 1922 817 2167 884; x_wconf 83' lang='lat' dir='ltr'>Astron</span> <span class='ocrx_word' id='word_1_38' title='bbox 2190 870 2209 899; x_wconf 94' lang='lat'>,</span> <span class='ocrx_word' id='word_1_39' title='bbox 2278 820 2635 904; x_wconf 80' lang='lat' dir='ltr'>Cormalos,</span> 
     </span>
     <span class='ocr_line' id='line_1_6' title="bbox 391 901 2635 1010; baseline 0.009 -40"><span class='ocrx_word' id='word_1_40' title='bbox 391 901 683 984; x_wconf 86' lang='lat' dir='ltr'>Crianos,</span> <span class='ocrx_word' id='word_1_41' title='bbox 725 905 1128 986; x_wconf 83' lang='lat' dir='ltr'>Alabastros,</span> <span class='ocrx_word' id='word_1_42' title='bbox 1172 908 1408 976; x_wconf 87' lang='lat' dir='ltr'>Hieros</span> <span class='ocrx_word' id='word_1_43' title='bbox 1447 935 1535 977; x_wconf 84' lang='lat' dir='ltr'>ex</span> <span class='ocrx_word' id='word_1_44' title='bbox 1562 912 1712 989; x_wconf 84' lang='lat' dir='ltr'>Ida3</span> <span class='ocrx_word' id='word_1_45' title='bbox 1757 916 1930 981; x_wconf 87' lang='lat' dir='ltr'>intus</span> <span class='ocrx_word' id='word_1_46' title='bbox 1972 941 2154 984; x_wconf 91' lang='lat' dir='ltr'>mons</span> <span class='ocrx_word' id='word_1_47' title='bbox 2187 918 2482 1010; x_wconf 84' lang='lat' dir='ltr'>Gargara</span> <span class='ocrx_word' id='word_1_48' title='bbox 2524 949 2635 991; x_wconf 92' lang='lat' dir='ltr'>eo-</span> 
     </span>
     <span class='ocr_line' id='line_1_7' title="bbox 388 1003 2775 1093; baseline 0.01 -24"><span class='ocrx_word' id='word_1_49' title='bbox 388 1003 661 1089; x_wconf 87' lang='lat' dir='ltr'>demque</span> <span class='ocrx_word' id='word_1_50' title='bbox 690 1004 944 1072; x_wconf 88' lang='lat' dir='ltr'>nomine</span> <span class='ocrx_word' id='word_1_51' title='bbox 975 1004 1300 1093; x_wconf 89' lang='lat' dir='ltr'>oppidum.</span> <span class='ocrx_word' id='word_1_52' title='bbox 1352 1010 1604 1077; x_wconf 86' lang='lat' dir='ltr'>Rursus</span> <span class='ocrx_word' id='word_1_53' title='bbox 1645 1014 1715 1077; x_wconf 88' lang='lat' dir='ltr'>in</span> <span class='ocrx_word' id='word_1_54' title='bbox 1755 1015 1942 1081; x_wconf 87' lang='lat' dir='ltr'>litore</span> <span class='ocrx_word' id='word_1_55' title='bbox 1970 1018 2345 1087; x_wconf 87' lang='lat' dir='ltr'>Antandros</span> <span class='ocrx_word' id='word_1_56' title='bbox 2387 1023 2634 1092; x_wconf 86' lang='lat' dir='ltr'>Edonis</span> <span class='ocrx_word' id='word_1_57' title='bbox 2664 1041 2775 1087; x_wconf 79' lang='lat'>12³</span> 
     </span>
     <span class='ocr_line' id='line_1_8' title="bbox 384 1106 2634 1206; baseline 0.011 -38"><span class='ocrx_word' id='word_1_58' title='bbox 384 1106 564 1192; x_wconf 91' lang='lat' dir='ltr'>prius</span> <span class='ocrx_word' id='word_1_59' title='bbox 607 1117 851 1185; x_wconf 88' lang='lat' dir='ltr'>vocata,</span> <span class='ocrx_word' id='word_1_60' title='bbox 898 1108 1048 1173; x_wconf 86' lang='lat' dir='ltr'>dein</span> <span class='ocrx_word' id='word_1_61' title='bbox 1095 1108 1457 1190; x_wconf 84' lang='lat' dir='ltr'>Cimmeris,</span> <span class='ocrx_word' id='word_1_62' title='bbox 1502 1113 1737 1193; x_wconf 91' lang='lat' dir='ltr'>Assos,</span> <span class='ocrx_word' id='word_1_63' title='bbox 1784 1117 2008 1182; x_wconf 88' lang='lat' dir='ltr'>eadem</span> <span class='ocrx_word' id='word_1_64' title='bbox 2050 1119 2416 1206; x_wconf 90' lang='lat' dir='ltr'>Apollonia.</span> <span class='ocrx_word' id='word_1_65' title='bbox 2472 1125 2634 1192; x_wconf 84' lang='lat' dir='ltr'>Fuit</span> 
     </span>
     <span class='ocr_line' id='line_1_9' title="bbox 386 1205 2632 1300; baseline 0.011 -31"><span class='ocrx_word' id='word_1_66' title='bbox 386 1216 453 1270; x_wconf 89' lang='lat' dir='ltr'>et</span> <span class='ocrx_word' id='word_1_67' title='bbox 477 1205 918 1273; x_wconf 78' lang='lat' dir='ltr'>Palamedium</span> <span class='ocrx_word' id='word_1_68' title='bbox 949 1210 1272 1296; x_wconf 91' lang='lat' dir='ltr'>oppidum.</span> <span class='ocrx_word' id='word_1_69' title='bbox 1326 1210 1847 1279; x_wconf 90' lang='lat' dir='ltr'>Promontorium</span> <span class='ocrx_word' id='word_1_70' title='bbox 1872 1216 2150 1284; x_wconf 86' lang='lat' dir='ltr'>Lectum</span> <span class='ocrx_word' id='word_1_71' title='bbox 2180 1222 2632 1300; x_wconf 84' lang='lat' dir='ltr'>disterminans</span> 
     </span>
     <span class='ocr_line' id='line_1_10' title="bbox 381 1304 2632 1410; baseline 0.011 -41"><span class='ocrx_word' id='word_1_72' title='bbox 381 1304 661 1371; x_wconf 89' lang='lat' dir='ltr'>Aeolida</span> <span class='ocrx_word' id='word_1_73' title='bbox 704 1317 769 1371; x_wconf 90' lang='lat' dir='ltr'>et</span> <span class='ocrx_word' id='word_1_74' title='bbox 810 1307 1082 1373; x_wconf 85' lang='lat' dir='ltr'>Troada.</span> <span class='ocrx_word' id='word_1_75' title='bbox 1148 1309 1305 1374; x_wconf 87' lang='lat' dir='ltr'>Fuit</span> <span class='ocrx_word' id='word_1_76' title='bbox 1357 1322 1422 1376; x_wconf 89' lang='lat' dir='ltr'>et</span> <span class='ocrx_word' id='word_1_77' title='bbox 1461 1311 1843 1397; x_wconf 85' lang='lat' dir='ltr'>Polymedia</span> <span class='ocrx_word' id='word_1_78' title='bbox 1884 1319 2111 1385; x_wconf 88' lang='lat' dir='ltr'>civitas</span> <span class='ocrx_word' id='word_1_79' title='bbox 2156 1332 2221 1387; x_wconf 89' lang='lat' dir='ltr'>et</span> <span class='ocrx_word' id='word_1_80' title='bbox 2268 1322 2522 1410; x_wconf 86' lang='lat' dir='ltr'>Chrysa</span> <span class='ocrx_word' id='word_1_81' title='bbox 2564 1339 2632 1393; x_wconf 93' lang='lat' dir='ltr'>et</span> 
     </span>
     <span class='ocr_line' id='line_1_11' title="bbox 383 1405 2626 1496; baseline 0.009 -27"><span class='ocrx_word' id='word_1_82' title='bbox 383 1405 618 1471; x_wconf 87' lang='lat' dir='ltr'>Larisa</span> <span class='ocrx_word' id='word_1_83' title='bbox 659 1408 801 1472; x_wconf 87' lang='lat' dir='ltr'>alia.</span> <span class='ocrx_word' id='word_1_84' title='bbox 869 1407 1262 1474; x_wconf 87' lang='lat' dir='ltr'>Zminthium</span> <span class='ocrx_word' id='word_1_85' title='bbox 1305 1412 1615 1496; x_wconf 84' lang='lat' dir='ltr'>templum</span> <span class='ocrx_word' id='word_1_86' title='bbox 1657 1414 1872 1495; x_wconf 90' lang='lat' dir='ltr'>durat,</span> <span class='ocrx_word' id='word_1_87' title='bbox 1917 1418 2092 1485; x_wconf 89' lang='lat' dir='ltr'>intus</span> <span class='ocrx_word' id='word_1_88' title='bbox 2116 1419 2382 1490; x_wconf 34' lang='lat' dir='ltr'>‘Colone</span> <span class='ocrx_word' id='word_1_89' title='bbox 2424 1427 2626 1492; x_wconf 90' lang='lat' dir='ltr'>inter-</span> 
     </span>
     <span class='ocr_line' id='line_1_12' title="bbox 383 1505 2626 1611; baseline 0.01 -41"><span class='ocrx_word' id='word_1_90' title='bbox 383 1507 560 1571; x_wconf 88' lang='lat' dir='ltr'>cidit.</span> <span class='ocrx_word' id='word_1_91' title='bbox 604 1505 972 1593; x_wconf 89' lang='lat' dir='ltr'>Deportant</span> <span class='ocrx_word' id='word_1_92' title='bbox 998 1508 1499 1594; x_wconf 86' lang='lat' dir='ltr'>Adramytteum</span> <span class='ocrx_word' id='word_1_93' title='bbox 1540 1516 1801 1599; x_wconf 88' lang='lat' dir='ltr'>negotia</span> <span class='ocrx_word' id='word_1_94' title='bbox 1828 1516 2276 1602; x_wconf 85' lang='lat' dir='ltr'>Apolloniatae</span> <span class='ocrx_word' id='word_1_95' title='bbox 2319 1548 2358 1589; x_wconf 99' lang='lat' dir='ltr'>a</span> <span class='ocrx_word' id='word_1_96' title='bbox 2398 1525 2626 1611; x_wconf 86' lang='lat' dir='ltr'>Rhyn-</span> 
     </span>
     <span class='ocr_line' id='line_1_13' title="bbox 382 1606 2626 1700; baseline 0.01 -29"><span class='ocrx_word' id='word_1_97' title='bbox 382 1606 543 1673; x_wconf 90' lang='lat' dir='ltr'>daco</span> <span class='ocrx_word' id='word_1_98' title='bbox 586 1629 771 1682; x_wconf 82' lang='lat' dir='ltr'>amne</span> <span class='ocrx_word' id='word_1_99' title='bbox 795 1656 814 1683; x_wconf 95' lang='lat'>,</span> <span class='ocrx_word' id='word_1_100' title='bbox 867 1607 1071 1672; x_wconf 88' lang='lat' dir='ltr'>Erizii</span> <span class='ocrx_word' id='word_1_101' title='bbox 1096 1657 1113 1686; x_wconf 94' lang='lat'>,</span> <span class='ocrx_word' id='word_1_102' title='bbox 1172 1608 1638 1695; x_wconf 86' lang='lat' dir='ltr'>Miletopolitae</span> <span class='ocrx_word' id='word_1_103' title='bbox 1662 1662 1680 1692; x_wconf 93' lang='lat'>,</span> <span class='ocrx_word' id='word_1_104' title='bbox 1736 1614 2127 1684; x_wconf 88' lang='lat' dir='ltr'>Poemaneni</span> <span class='ocrx_word' id='word_1_105' title='bbox 2151 1670 2169 1700; x_wconf 96' lang='lat'>,</span> <span class='ocrx_word' id='word_1_106' title='bbox 2228 1621 2626 1692; x_wconf 88' lang='lat' dir='ltr'>Macedones</span> 
     </span>
     <span class='ocr_line' id='line_1_14' title="bbox 380 1707 2625 1804; baseline 0.009 -33"><span class='ocrx_word' id='word_1_107' title='bbox 380 1707 742 1775; x_wconf 87' lang='lat' dir='ltr'>Asculacae</span> <span class='ocrx_word' id='word_1_108' title='bbox 765 1757 784 1786; x_wconf 93' lang='lat'>,</span> <span class='ocrx_word' id='word_1_109' title='bbox 838 1707 1210 1774; x_wconf 83' lang='lat' dir='ltr'>Polichnaei</span> <span class='ocrx_word' id='word_1_110' title='bbox 1234 1757 1252 1787; x_wconf 90' lang='lat'>,</span> <span class='ocrx_word' id='word_1_111' title='bbox 1305 1709 1600 1777; x_wconf 87' lang='lat' dir='ltr'>Pionitae</span> <span class='ocrx_word' id='word_1_112' title='bbox 1623 1761 1642 1790; x_wconf 95' lang='lat'>,</span> <span class='ocrx_word' id='word_1_113' title='bbox 1705 1712 1944 1782; x_wconf 90' lang='lat' dir='ltr'>Cilices</span> <span class='ocrx_word' id='word_1_114' title='bbox 1987 1717 2460 1789; x_wconf 86' lang='lat' dir='ltr'>Mandacadeni</span> <span class='ocrx_word' id='word_1_115' title='bbox 2483 1775 2502 1804; x_wconf 93' lang='lat'>,</span> <span class='ocrx_word' id='word_1_116' title='bbox 2558 1730 2625 1793; x_wconf 91' lang='lat' dir='ltr'>in</span> 
     </span>
     <span class='ocr_line' id='line_1_15' title="bbox 381 1796 2535 1910; baseline 0.009 -38"><span class='ocrx_word' id='word_1_117' title='bbox 381 1808 603 1894; x_wconf 86' lang='lat' dir='ltr'>Mysia</span> <span class='ocrx_word' id='word_1_118' title='bbox 641 1809 969 1874; x_wconf 89' lang='lat' dir='ltr'>Abrettini</span> <span class='ocrx_word' id='word_1_119' title='bbox 1014 1820 1078 1875; x_wconf 90' lang='lat' dir='ltr'>et</span> <span class='ocrx_word' id='word_1_120' title='bbox 1115 1796 1547 1896; x_wconf 89' lang='lat' dir='ltr'>Hellespontii</span> <span class='ocrx_word' id='word_1_121' title='bbox 1589 1817 1893 1899; x_wconf 84' lang='lat' dir='ltr'>appellati</span> <span class='ocrx_word' id='word_1_122' title='bbox 1940 1830 2005 1884; x_wconf 90' lang='lat' dir='ltr'>et</span> <span class='ocrx_word' id='word_1_123' title='bbox 2045 1820 2153 1885; x_wconf 91' lang='lat' dir='ltr'>alii</span> <span class='ocrx_word' id='word_1_124' title='bbox 2196 1823 2535 1910; x_wconf 87' lang='lat' dir='ltr'>ignobiles.</span> 
     </span>
    </p>

    <p class='ocr_par' dir='ltr' id='par_1_3' title="bbox 371 1909 2752 2498">
     <span class='ocr_line' id='line_1_16' title="bbox 464 1909 2752 2013; baseline 0.008 -41"><span class='ocrx_word' id='word_1_125' title='bbox 464 1911 568 1974; x_wconf 86' lang='lat'>33.</span> <span class='ocrx_word' id='word_1_126' title='bbox 615 1909 886 1974; x_wconf 90' lang='lat' dir='ltr'>Troadis</span> <span class='ocrx_word' id='word_1_127' title='bbox 928 1911 1173 1996; x_wconf 90' lang='lat' dir='ltr'>primus</span> <span class='ocrx_word' id='word_1_128' title='bbox 1214 1912 1391 1976; x_wconf 93' lang='lat' dir='ltr'>locus</span> <span class='ocrx_word' id='word_1_129' title='bbox 1429 1913 1841 1995; x_wconf 84' lang='lat' dir='ltr'>Hamaxitus,</span> <span class='ocrx_word' id='word_1_130' title='bbox 1889 1919 2036 1984; x_wconf 90' lang='lat' dir='ltr'>dein</span> <span class='ocrx_word' id='word_1_131' title='bbox 2070 1920 2403 1990; x_wconf 86' lang='lat' dir='ltr'>&#39;Cebrenia</span> <span class='ocrx_word' id='word_1_132' title='bbox 2445 1929 2620 2013; x_wconf 87' lang='lat' dir='ltr'>ipsa·</span> <span class='ocrx_word' id='word_1_133' title='bbox 2654 1948 2752 1991; x_wconf 79' lang='lat'>124</span> 
     </span>
     <span class='ocr_line' id='line_1_17' title="bbox 378 2007 2619 2101; baseline 0.01 -29"><span class='ocrx_word' id='word_1_134' title='bbox 378 2031 507 2092; x_wconf 88' lang='lat' dir='ltr'>que</span> <span class='ocrx_word' id='word_1_135' title='bbox 561 2008 795 2099; x_wconf 37' lang='lat' dir='ltr'>Troas!</span> <span class='ocrx_word' id='word_1_136' title='bbox 821 2007 1179 2096; x_wconf 87' lang='lat' dir='ltr'>Antigonia</span> <span class='ocrx_word' id='word_1_137' title='bbox 1236 2011 1442 2089; x_wconf 88' lang='lat' dir='ltr'>dicta,</span> <span class='ocrx_word' id='word_1_138' title='bbox 1501 2036 1673 2080; x_wconf 92' lang='lat' dir='ltr'>nunc</span> <span class='ocrx_word' id='word_1_139' title='bbox 1713 2015 2143 2101; x_wconf 81' lang='lat' dir='ltr'>Alexandria,</span> <span class='ocrx_word' id='word_1_140' title='bbox 2206 2026 2451 2091; x_wconf 90' lang='lat' dir='ltr'>colonia</span> <span class='ocrx_word' id='word_1_141' title='bbox 2484 2028 2619 2094; x_wconf 85' lang='lat' dir='ltr'>Ro-</span> 
     </span>
     <span class='ocr_line' id='line_1_18' title="bbox 376 2108 2616 2210; baseline 0.01 -38"><span class='ocrx_word' id='word_1_142' title='bbox 376 2131 583 2174; x_wconf 88' lang='lat' dir='ltr'>mana.</span> <span class='ocrx_word' id='word_1_143' title='bbox 659 2108 996 2195; x_wconf 89' lang='lat' dir='ltr'>Oppidum</span> <span class='ocrx_word' id='word_1_144' title='bbox 1049 2108 1114 2174; x_wconf 92' lang='lat' dir='ltr'>N</span> <span class='ocrx_word' id='word_1_145' title='bbox 1116 2132 1207 2175; x_wconf 88' lang='lat' dir='ltr'>ee.</span> <span class='ocrx_word' id='word_1_146' title='bbox 1283 2108 1677 2180; x_wconf 88' lang='lat' dir='ltr'>Scamander</span> <span class='ocrx_word' id='word_1_147' title='bbox 1733 2118 1937 2182; x_wconf 90' lang='lat' dir='ltr'>amnis</span> <span class='ocrx_word' id='word_1_148' title='bbox 1993 2124 2376 2210; x_wconf 89' lang='lat' dir='ltr'>navigabilis</span> <span class='ocrx_word' id='word_1_149' title='bbox 2429 2140 2496 2193; x_wconf 89' lang='lat' dir='ltr'>et</span> <span class='ocrx_word' id='word_1_150' title='bbox 2552 2131 2616 2194; x_wconf 92' lang='lat' dir='ltr'>in</span> 
     </span>
     <span class='ocr_line' id='line_1_19' title="bbox 376 2208 2614 2308; baseline 0.012 -37"><span class='ocrx_word' id='word_1_151' title='bbox 376 2210 804 2295; x_wconf 90' lang='lat' dir='ltr'>promontorio</span> <span class='ocrx_word' id='word_1_152' title='bbox 833 2209 1156 2293; x_wconf 88' lang='lat' dir='ltr'>quondam</span> <span class='ocrx_word' id='word_1_153' title='bbox 1187 2208 1456 2299; x_wconf 85' lang='lat' dir='ltr'>Sigeum</span> <span class='ocrx_word' id='word_1_154' title='bbox 1492 2215 1827 2300; x_wconf 78' lang='lat' dir='ltr'>oppidum.</span> <span class='ocrx_word' id='word_1_155' title='bbox 1863 2217 2038 2285; x_wconf 91' lang='lat' dir='ltr'>Dein</span> <span class='ocrx_word' id='word_1_156' title='bbox 2063 2236 2289 2308; x_wconf 91' lang='lat' dir='ltr'>portus</span> <span class='ocrx_word' id='word_1_157' title='bbox 2318 2228 2614 2296; x_wconf 87' lang='lat' dir='ltr'>Achaeo-</span> 
     </span>
     <span class='ocr_line' id='line_1_20' title="bbox 375 2309 2616 2415; baseline 0.01 -41"><span class='ocrx_word' id='word_1_158' title='bbox 375 2333 540 2388; x_wconf 88' lang='lat' dir='ltr'>rum,</span> <span class='ocrx_word' id='word_1_159' title='bbox 585 2309 654 2374; x_wconf 92' lang='lat' dir='ltr'>in</span> <span class='ocrx_word' id='word_1_160' title='bbox 698 2333 891 2394; x_wconf 91' lang='lat' dir='ltr'>quem</span> <span class='ocrx_word' id='word_1_161' title='bbox 931 2310 1140 2375; x_wconf 86' lang='lat' dir='ltr'>influit</span> <span class='ocrx_word' id='word_1_162' title='bbox 1178 2310 1487 2379; x_wconf 86' lang='lat' dir='ltr'>Xanthus</span> <span class='ocrx_word' id='word_1_163' title='bbox 1535 2312 1846 2382; x_wconf 88' lang='lat' dir='ltr'>Simoenti</span> <span class='ocrx_word' id='word_1_164' title='bbox 1889 2320 2143 2389; x_wconf 85' lang='lat' dir='ltr'>iunctus</span> <span class='ocrx_word' id='word_1_165' title='bbox 2189 2337 2616 2415; x_wconf 88' lang='lat' dir='ltr'>stagnumque</span> 
     </span>
     <span class='ocr_line' id='line_1_21' title="bbox 371 2409 2612 2498; baseline 0.01 -22"><span class='ocrx_word' id='word_1_166' title='bbox 371 2410 556 2497; x_wconf 83' lang='lat' dir='ltr'>prius</span> <span class='ocrx_word' id='word_1_167' title='bbox 602 2411 846 2478; x_wconf 87' lang='lat' dir='ltr'>faciens</span> <span class='ocrx_word' id='word_1_168' title='bbox 889 2409 1484 2480; x_wconf 87' lang='lat' dir='ltr'>Palaescamander.</span> <span class='ocrx_word' id='word_1_169' title='bbox 1542 2412 1759 2481; x_wconf 87' lang='lat' dir='ltr'>Ceteri</span> <span class='ocrx_word' id='word_1_170' title='bbox 1786 2418 2072 2488; x_wconf 87' lang='lat' dir='ltr'>Homero</span> <span class='ocrx_word' id='word_1_171' title='bbox 2111 2426 2411 2494; x_wconf 87' lang='lat' dir='ltr'>celebrati</span> <span class='ocrx_word' id='word_1_172' title='bbox 2437 2432 2612 2498; x_wconf 84' lang='lat' dir='ltr'>Rhe-</span> 
     </span>
    </p>
   </div>
   <div class='ocr_carea' id='block_1_3' title="bbox 360 2610 2613 4373">
    <p class='ocr_par' dir='ltr' id='par_1_4' title="bbox 373 2610 2613 2967">
     <span class='ocr_line' id='line_1_22' title="bbox 442 2610 2610 2701; baseline 0.01 -31"><span class='ocrx_word' id='word_1_173' title='bbox 442 2619 652 2671; x_wconf 86' lang='lat' dir='ltr'>Politice</span> <span class='ocrx_word' id='word_1_174' title='bbox 693 2619 869 2680; x_wconf 75' lang='lat' dir='ltr'>oryas,</span> <span class='ocrx_word' id='word_1_175' title='bbox 892 2620 941 2667; x_wconf 89' lang='grc' dir='ltr'>Β</span> <span class='ocrx_word' id='word_1_176' title='bbox 961 2610 1216 2668; x_wconf 74' lang='lat' dir='ltr'>ODTad.</span> <span class='ocrx_word' id='word_1_177' title='bbox 1262 2617 1638 2685; x_wconf 75' lang='lat' dir='ltr'>Politiceoryas,</span> <span class='ocrx_word' id='word_1_178' title='bbox 1661 2619 1717 2684; x_wconf 76' lang='grc' dir='ltr'><strong>β.</strong></span> <span class='ocrx_word' id='word_1_179' title='bbox 1748 2666 1808 2674; x_wconf 85' lang='grc'>-.</span> <span class='ocrx_word' id='word_1_180' title='bbox 1855 2626 2046 2692; x_wconf 83' lang='lat' dir='ltr'>Veram,</span> <span class='ocrx_word' id='word_1_181' title='bbox 2070 2632 2134 2681; x_wconf 91' lang='grc' dir='ltr'>Β.</span> <span class='ocrx_word' id='word_1_182' title='bbox 2164 2674 2223 2682; x_wconf 84' lang='grc'><strong>-.</strong></span> <span class='ocrx_word' id='word_1_183' title='bbox 2258 2634 2521 2701; x_wconf 79' lang='lat' dir='ltr'>Lyrnesos,</span> <span class='ocrx_word' id='word_1_184' title='bbox 2547 2642 2610 2690; x_wconf 88' lang='lat' dir='ltr'>R.</span> 
     </span>
     <span class='ocr_line' id='line_1_23' title="bbox 376 2681 2611 2766; baseline 0.009 -30"><span class='ocrx_word' id='word_1_185' title='bbox 376 2728 440 2737; x_wconf 81' lang='grc'>-</span> <span class='ocrx_word' id='word_1_186' title='bbox 473 2685 691 2745; x_wconf 84' lang='lat' dir='ltr'>Miletos,</span> <span class='ocrx_word' id='word_1_187' title='bbox 723 2686 956 2736; x_wconf 73' lang='lat' dir='ltr'>RDa1d.</span> <span class='ocrx_word' id='word_1_188' title='bbox 1004 2694 1049 2734; x_wconf 91' lang='lat' dir='ltr'>et</span> <span class='ocrx_word' id='word_1_189' title='bbox 1081 2682 1297 2745; x_wconf 86' lang='lat' dir='ltr'>Miletos,</span> <span class='ocrx_word' id='word_1_190' title='bbox 1332 2681 1439 2746; x_wconf 72' lang='lat' dir='ltr'>a²19</span> <span class='ocrx_word' id='word_1_191' title='bbox 1448 2701 1500 2751; x_wconf 80' lang='lat' dir='ltr'>r.</span> <span class='ocrx_word' id='word_1_192' title='bbox 1540 2729 1601 2737; x_wconf 82' lang='grc'><strong>.-</strong></span> <span class='ocrx_word' id='word_1_193' title='bbox 1649 2689 1788 2752; x_wconf 85' lang='lat' dir='ltr'>idem,</span> <span class='ocrx_word' id='word_1_194' title='bbox 1820 2695 1929 2744; x_wconf 89' lang='grc' dir='ltr'>ΒΙ)</span> <span class='ocrx_word' id='word_1_195' title='bbox 1942 2699 2031 2745; x_wconf 83' lang='lat' dir='ltr'>ad.</span> <span class='ocrx_word' id='word_1_196' title='bbox 2079 2739 2142 2747; x_wconf 83' lang='grc'><strong>.-.</strong></span> <span class='ocrx_word' id='word_1_197' title='bbox 2186 2700 2527 2766; x_wconf 83' lang='lat' dir='ltr'>Adramiteos,</span> <span class='ocrx_word' id='word_1_198' title='bbox 2562 2722 2611 2757; x_wconf 84' lang='grc' dir='ltr'><strong>σ.</strong></span> 
     </span>
     <span class='ocr_line' id='line_1_24' title="bbox 373 2749 2613 2834; baseline 0.009 -31"><span class='ocrx_word' id='word_1_199' title='bbox 373 2753 631 2812; x_wconf 80' lang='lat' dir='ltr'>Aramitet‚</span> <span class='ocrx_word' id='word_1_200' title='bbox 655 2754 743 2803; x_wconf 73' lang='lat' dir='ltr'>R‘.</span> <span class='ocrx_word' id='word_1_201' title='bbox 778 2749 1079 2812; x_wconf 85' lang='lat' dir='ltr'>Adramites,</span> <span class='ocrx_word' id='word_1_202' title='bbox 1102 2753 1192 2801; x_wconf 71' lang='lat' dir='ltr'>R2.</span> <span class='ocrx_word' id='word_1_203' title='bbox 1226 2751 1414 2803; x_wconf 82' lang='lat' dir='ltr'>Adram</span> <span class='ocrx_word' id='word_1_204' title='bbox 1450 2754 1586 2803; x_wconf 80' lang='lat' dir='ltr'>ttium</span> <span class='ocrx_word' id='word_1_205' title='bbox 1608 2758 1689 2805; x_wconf 79' lang='lat' dir='ltr'>vel</span> <span class='ocrx_word' id='word_1_206' title='bbox 1711 2757 2071 2827; x_wconf 77' lang='lat' dir='ltr'>Adramyteam,</span> <span class='ocrx_word' id='word_1_207' title='bbox 2095 2767 2301 2818; x_wconf 86' lang='lat' dir='ltr'>Barbar.</span> <span class='ocrx_word' id='word_1_208' title='bbox 2322 2810 2385 2819; x_wconf 81' lang='grc'>-.</span> <span class='ocrx_word' id='word_1_209' title='bbox 2408 2771 2613 2834; x_wconf 76' lang='lat' dir='ltr'>Padus,</span> 
     </span>
     <span class='ocr_line' id='line_1_25' title="bbox 373 2770 2609 2899; baseline 0.01 -31"><span class='ocrx_word' id='word_1_210' title='bbox 373 2823 445 2869; x_wconf 69' lang='grc' dir='ltr'>α’.</span> <span class='ocrx_word' id='word_1_211' title='bbox 483 2859 545 2868; x_wconf 85' lang='grc'><strong>-..</strong></span> <span class='ocrx_word' id='word_1_212' title='bbox 588 2819 816 2879; x_wconf 82' lang='lat' dir='ltr'>Crianos,</span> <span class='ocrx_word' id='word_1_213' title='bbox 850 2821 1001 2869; x_wconf 78' lang='lat' dir='ltr'>RD&#39;a</span> <span class='ocrx_word' id='word_1_214' title='bbox 1012 2820 1059 2867; x_wconf 90' lang='lat' dir='ltr'>d.</span> <span class='ocrx_word' id='word_1_215' title='bbox 1119 2815 1362 2882; x_wconf 82' lang='lat' dir='ltr'>Cryanos‚</span> <span class='ocrx_word' id='word_1_216' title='bbox 1403 2770 1458 2870; x_wconf 58' lang='grc' dir='ltr'><strong>ὅ.</strong></span> <span class='ocrx_word' id='word_1_217' title='bbox 1513 2820 1797 2888; x_wconf 59' lang='grc' dir='ltr'><em>Ενῃαπποε,</em></span> <span class='ocrx_word' id='word_1_218' title='bbox 1828 2824 1929 2892; x_wconf 77' lang='grc' dir='ltr'>βγ.</span> <span class='ocrx_word' id='word_1_219' title='bbox 1968 2871 2030 2879; x_wconf 81' lang='grc'><strong>.-</strong></span> <span class='ocrx_word' id='word_1_220' title='bbox 2077 2832 2409 2899; x_wconf 83' lang='lat' dir='ltr'>Alabastras‚</span> <span class='ocrx_word' id='word_1_221' title='bbox 2441 2841 2505 2890; x_wconf 94' lang='grc' dir='ltr'>Β.</span> <span class='ocrx_word' id='word_1_222' title='bbox 2544 2881 2609 2890; x_wconf 84' lang='grc'><strong>-.</strong></span> 
     </span>
     <span class='ocr_line' id='line_1_26' title="bbox 380 2883 2563 2967; baseline 0.009 -31"><span class='ocrx_word' id='word_1_223' title='bbox 380 2883 553 2947; x_wconf 72' lang='lat' dir='ltr'>Geras,</span> <span class='ocrx_word' id='word_1_224' title='bbox 578 2887 640 2937; x_wconf 95' lang='grc' dir='ltr'>Β.</span> <span class='ocrx_word' id='word_1_225' title='bbox 676 2928 738 2935; x_wconf 81' lang='grc'>-</span> <span class='ocrx_word' id='word_1_226' title='bbox 777 2901 835 2933; x_wconf 80' lang='lat' dir='ltr'>ex</span> <span class='ocrx_word' id='word_1_227' title='bbox 859 2885 975 2946; x_wconf 84' lang='lat' dir='ltr'>Ida,</span> <span class='ocrx_word' id='word_1_228' title='bbox 998 2888 1204 2936; x_wconf 83' lang='lat' dir='ltr'>Barbar.</span> <span class='ocrx_word' id='word_1_229' title='bbox 1228 2888 1437 2938; x_wconf 81' lang='lat' dir='ltr'>RDad.</span> <span class='ocrx_word' id='word_1_230' title='bbox 1474 2889 1636 2951; x_wconf 66' lang='lat' dir='ltr'>ascida,</span> <span class='ocrx_word' id='word_1_231' title='bbox 1661 2905 1708 2941; x_wconf 84' lang='grc' dir='ltr'><strong>σ.</strong></span> <span class='ocrx_word' id='word_1_232' title='bbox 1747 2934 1810 2942; x_wconf 87' lang='grc'><strong>....</strong></span> <span class='ocrx_word' id='word_1_233' title='bbox 1844 2898 1982 2953; x_wconf 80' lang='lat' dir='ltr'>mori,</span> <span class='ocrx_word' id='word_1_234' title='bbox 2006 2899 2096 2949; x_wconf 86' lang='lat' dir='ltr'>R&#39;.</span> <span class='ocrx_word' id='word_1_235' title='bbox 2135 2940 2198 2949; x_wconf 77' lang='grc'><strong>-</strong></span> <span class='ocrx_word' id='word_1_236' title='bbox 2231 2901 2492 2967; x_wconf 71' lang='lat' dir='ltr'>Pur-qam,</span> <span class='ocrx_word' id='word_1_237' title='bbox 2516 2923 2563 2956; x_wconf 83' lang='lat' dir='ltr'>a.</span> 
     </span>
    </p>

    <p class='ocr_par' dir='ltr' id='par_1_5' title="bbox 360 2951 2606 4156">
     <span class='ocr_line' id='line_1_27' title="bbox 440 2951 2606 3034; baseline 0.01 -31"><span class='ocrx_word' id='word_1_238' title='bbox 440 2952 469 3014; x_wconf 69' lang='grc' dir='ltr'><strong>ξ</strong></span> <span class='ocrx_word' id='word_1_239' title='bbox 498 2960 610 3004; x_wconf 82' lang='grc'><strong>123.</strong></span> <span class='ocrx_word' id='word_1_240' title='bbox 647 2951 928 3011; x_wconf 84' lang='lat' dir='ltr'>Adandros‚</span> <span class='ocrx_word' id='word_1_241' title='bbox 952 2955 1042 3003; x_wconf 86' lang='lat' dir='ltr'>R¹.</span> <span class='ocrx_word' id='word_1_242' title='bbox 1079 2993 1142 3001; x_wconf 86' lang='grc'><strong>.-.</strong></span> <span class='ocrx_word' id='word_1_243' title='bbox 1182 2964 1420 3016; x_wconf 79' lang='lat' dir='ltr'>vocatum,</span> <span class='ocrx_word' id='word_1_244' title='bbox 1444 2970 1492 3004; x_wconf 84' lang='grc' dir='ltr'><strong>σ.</strong></span> <span class='ocrx_word' id='word_1_245' title='bbox 1528 2996 1590 3005; x_wconf 81' lang='grc'><strong>...</strong></span> <span class='ocrx_word' id='word_1_246' title='bbox 1628 2956 1756 3020; x_wconf 84' lang='lat' dir='ltr'>dein,</span> <span class='ocrx_word' id='word_1_247' title='bbox 1781 2962 1926 3011; x_wconf 77' lang='lat' dir='ltr'>Rad.</span> <span class='ocrx_word' id='word_1_248' title='bbox 1964 2962 2159 3027; x_wconf 84' lang='lat' dir='ltr'>deinde,</span> <span class='ocrx_word' id='word_1_249' title='bbox 2180 2964 2344 3034; x_wconf 77' lang='grc' dir='ltr'><strong>Ββγ.</strong></span> <span class='ocrx_word' id='word_1_250' title='bbox 2374 3011 2432 3020; x_wconf 85' lang='lat'>..</span> <span class='ocrx_word' id='word_1_251' title='bbox 2479 2971 2606 3024; x_wconf 73' lang='lat' dir='ltr'>Gim-</span> 
     </span>
     <span class='ocr_line' id='line_1_28' title="bbox 372 3018 2603 3104; baseline 0.009 -34"><span class='ocrx_word' id='word_1_252' title='bbox 372 3020 517 3070; x_wconf 86' lang='lat' dir='ltr'>meris</span> <span class='ocrx_word' id='word_1_253' title='bbox 540 3019 689 3082; x_wconf 84' lang='lat' dir='ltr'>Asos,</span> <span class='ocrx_word' id='word_1_254' title='bbox 712 3021 818 3070; x_wconf 82' lang='lat' dir='ltr'>Ba.</span> <span class='ocrx_word' id='word_1_255' title='bbox 860 3018 1104 3071; x_wconf 75' lang='lat' dir='ltr'>Cimmeris</span> <span class='ocrx_word' id='word_1_256' title='bbox 1128 3019 1301 3082; x_wconf 87' lang='lat' dir='ltr'>Sasos‚</span> <span class='ocrx_word' id='word_1_257' title='bbox 1329 3024 1432 3073; x_wconf 85' lang='lat' dir='ltr'>Td.</span> <span class='ocrx_word' id='word_1_258' title='bbox 1473 3019 1720 3075; x_wconf 80' lang='lat' dir='ltr'>Cimmeris</span> <span class='ocrx_word' id='word_1_259' title='bbox 1753 3036 1801 3076; x_wconf 90' lang='lat' dir='ltr'>et</span> <span class='ocrx_word' id='word_1_260' title='bbox 1832 3029 1998 3091; x_wconf 82' lang='lat' dir='ltr'>Assos,</span> <span class='ocrx_word' id='word_1_261' title='bbox 2022 3034 2073 3082; x_wconf 93' lang='lat' dir='ltr'>D</span> <span class='ocrx_word' id='word_1_262' title='bbox 2099 3031 2269 3096; x_wconf 84' lang='lat' dir='ltr'>(codd.</span> <span class='ocrx_word' id='word_1_263' title='bbox 2292 3037 2528 3100; x_wconf 85' lang='lat' dir='ltr'>Barbari)</span> <span class='ocrx_word' id='word_1_264' title='bbox 2550 3055 2603 3104; x_wconf 76' lang='lat' dir='ltr'>r.</span> 
     </span>
     <span class='ocr_line' id='line_1_29' title="bbox 377 3086 2606 3169; baseline 0.009 -32"><span class='ocrx_word' id='word_1_265' title='bbox 377 3087 713 3147; x_wconf 74' lang='lat' dir='ltr'>Cimmerissos,</span> <span class='ocrx_word' id='word_1_266' title='bbox 754 3102 803 3137; x_wconf 84' lang='grc' dir='ltr'><strong>σ.</strong></span> <span class='ocrx_word' id='word_1_267' title='bbox 880 3086 1095 3152; x_wconf 81' lang='lat' dir='ltr'>Cymeris</span> <span class='ocrx_word' id='word_1_268' title='bbox 1143 3096 1189 3136; x_wconf 92' lang='lat' dir='ltr'>et</span> <span class='ocrx_word' id='word_1_269' title='bbox 1225 3086 1378 3149; x_wconf 84' lang='lat' dir='ltr'>Asos,</span> <span class='ocrx_word' id='word_1_270' title='bbox 1426 3086 1484 3150; x_wconf 79' lang='grc' dir='ltr'><strong>β.</strong></span> <span class='ocrx_word' id='word_1_271' title='bbox 1558 3088 1820 3143; x_wconf 84' lang='lat' dir='ltr'>Cimmeria</span> <span class='ocrx_word' id='word_1_272' title='bbox 1866 3095 2043 3160; x_wconf 81' lang='lat' dir='ltr'>Assos,</span> <span class='ocrx_word' id='word_1_273' title='bbox 2083 3101 2217 3150; x_wconf 88' lang='lat' dir='ltr'>Pint.</span> <span class='ocrx_word' id='word_1_274' title='bbox 2273 3143 2337 3152; x_wconf 89' lang='grc'><strong>...</strong></span> <span class='ocrx_word' id='word_1_275' title='bbox 2393 3105 2606 3169; x_wconf 75' lang='lat' dir='ltr'>Lectum,</span> 
     </span>
     <span class='ocr_line' id='line_1_30' title="bbox 369 3150 2605 3233; baseline 0.008 -28"><span class='ocrx_word' id='word_1_276' title='bbox 369 3156 618 3205; x_wconf 76' lang='lat' dir='ltr'>RDado.</span> <span class='ocrx_word' id='word_1_277' title='bbox 654 3153 853 3216; x_wconf 89' lang='lat' dir='ltr'>Lecton,</span> <span class='ocrx_word' id='word_1_278' title='bbox 877 3150 978 3218; x_wconf 80' lang='grc' dir='ltr'>βγ.</span> <span class='ocrx_word' id='word_1_279' title='bbox 1006 3195 1069 3203; x_wconf 91' lang='grc'><strong>.-.</strong></span> <span class='ocrx_word' id='word_1_280' title='bbox 1096 3154 1448 3216; x_wconf 74' lang='lat' dir='ltr'>disterminata,</span> <span class='ocrx_word' id='word_1_281' title='bbox 1471 3158 1540 3206; x_wconf 95' lang='lat' dir='ltr'>D.</span> <span class='ocrx_word' id='word_1_282' title='bbox 1568 3199 1629 3208; x_wconf 81' lang='grc'><strong>-.</strong></span> <span class='ocrx_word' id='word_1_283' title='bbox 1662 3157 1963 3225; x_wconf 77' lang='lat' dir='ltr'>Polymedia,</span> <span class='ocrx_word' id='word_1_284' title='bbox 1988 3168 2058 3214; x_wconf 60' lang='grc' dir='ltr'>αἳ.</span> <span class='ocrx_word' id='word_1_285' title='bbox 2096 3166 2345 3233; x_wconf 78' lang='lat' dir='ltr'>Polymea,</span> <span class='ocrx_word' id='word_1_286' title='bbox 2368 3173 2605 3223; x_wconf 78' lang='lat' dir='ltr'>D&#39;I&#39;a&#39;d.</span> 
     </span>
     <span class='ocr_line' id='line_1_31' title="bbox 368 3220 2606 3305; baseline 0.009 -34"><span class='ocrx_word' id='word_1_287' title='bbox 368 3220 626 3281; x_wconf 86' lang='lat' dir='ltr'>Pollimea,</span> <span class='ocrx_word' id='word_1_288' title='bbox 650 3224 714 3272; x_wconf 92' lang='grc' dir='ltr'>Β.</span> <span class='ocrx_word' id='word_1_289' title='bbox 744 3261 801 3272; x_wconf 76' lang='lat'>..</span> <span class='ocrx_word' id='word_1_290' title='bbox 840 3224 1037 3282; x_wconf 79' lang='lat' dir='ltr'>civitas,</span> <span class='ocrx_word' id='word_1_291' title='bbox 1061 3224 1133 3271; x_wconf 88' lang='lat' dir='ltr'>a².</span> <span class='ocrx_word' id='word_1_292' title='bbox 1171 3222 1348 3273; x_wconf 87' lang='lat' dir='ltr'>Omitt.</span> <span class='ocrx_word' id='word_1_293' title='bbox 1366 3225 1657 3276; x_wconf 82' lang='lat' dir='ltr'>BDTa¹d.</span> <span class='ocrx_word' id='word_1_294' title='bbox 1685 3267 1747 3276; x_wconf 84' lang='grc'><strong>-.</strong></span> <span class='ocrx_word' id='word_1_295' title='bbox 1783 3239 1841 3291; x_wconf 87' lang='lat' dir='ltr'>et,</span> <span class='ocrx_word' id='word_1_296' title='bbox 1867 3233 2031 3282; x_wconf 84' lang='lat' dir='ltr'>omitt.</span> <span class='ocrx_word' id='word_1_297' title='bbox 2054 3234 2321 3287; x_wconf 83' lang='lat' dir='ltr'>RDTad.</span> <span class='ocrx_word' id='word_1_298' title='bbox 2349 3278 2411 3287; x_wconf 80' lang='grc'>-</span> <span class='ocrx_word' id='word_1_299' title='bbox 2452 3238 2606 3305; x_wconf 74' lang='lat' dir='ltr'>Chry-</span> 
     </span>
     <span class='ocr_line' id='line_1_32' title="bbox 368 3285 2605 3376; baseline 0.01 -40"><span class='ocrx_word' id='word_1_300' title='bbox 368 3305 444 3348; x_wconf 81' lang='lat' dir='ltr'>sa,</span> <span class='ocrx_word' id='word_1_301' title='bbox 467 3289 518 3338; x_wconf 90' lang='lat' dir='ltr'>D</span> <span class='ocrx_word' id='word_1_302' title='bbox 533 3290 621 3338; x_wconf 89' lang='lat' dir='ltr'>ad.</span> <span class='ocrx_word' id='word_1_303' title='bbox 670 3285 921 3352; x_wconf 76' lang='lat' dir='ltr'>Chyrissa,</span> <span class='ocrx_word' id='word_1_304' title='bbox 946 3290 1007 3339; x_wconf 88' lang='grc' dir='ltr'>Β.</span> <span class='ocrx_word' id='word_1_305' title='bbox 1055 3286 1273 3351; x_wconf 78' lang='lat' dir='ltr'>Chrissa,</span> <span class='ocrx_word' id='word_1_306' title='bbox 1296 3304 1343 3339; x_wconf 83' lang='grc' dir='ltr'><strong>σ.</strong></span> <span class='ocrx_word' id='word_1_307' title='bbox 1396 3290 1634 3356; x_wconf 71' lang='lat' dir='ltr'>Chrys-sa,</span> <span class='ocrx_word' id='word_1_308' title='bbox 1659 3294 1720 3343; x_wconf 82' lang='lat' dir='ltr'>T.</span> <span class='ocrx_word' id='word_1_309' title='bbox 1781 3296 1978 3376; x_wconf 63' lang='lat' dir='ltr'>Oryssa,</span> <span class='ocrx_word' id='word_1_310' title='bbox 2000 3295 2060 3361; x_wconf 77' lang='grc' dir='ltr'><strong>β.</strong></span> <span class='ocrx_word' id='word_1_311' title='bbox 2098 3342 2161 3352; x_wconf 90' lang='grc'><strong>....</strong></span> <span class='ocrx_word' id='word_1_312' title='bbox 2207 3302 2415 3366; x_wconf 68' lang='lat' dir='ltr'>Larisa,</span> <span class='ocrx_word' id='word_1_313' title='bbox 2438 3307 2501 3357; x_wconf 84' lang='lat' dir='ltr'>R.</span> <span class='ocrx_word' id='word_1_314' title='bbox 2539 3349 2605 3359; x_wconf 78' lang='grc'><strong>...</strong></span> 
     </span>
     <span class='ocr_line' id='line_1_33' title="bbox 368 3353 2603 3438; baseline 0.009 -33"><span class='ocrx_word' id='word_1_315' title='bbox 368 3353 495 3415; x_wconf 84' lang='lat' dir='ltr'>alia,</span> <span class='ocrx_word' id='word_1_316' title='bbox 520 3369 621 3403; x_wconf 90' lang='lat' dir='ltr'>om.</span> <span class='ocrx_word' id='word_1_317' title='bbox 638 3355 707 3404; x_wconf 91' lang='lat' dir='ltr'>D.</span> <span class='ocrx_word' id='word_1_318' title='bbox 752 3395 814 3403; x_wconf 85' lang='grc'><strong>-</strong></span> <span class='ocrx_word' id='word_1_319' title='bbox 857 3353 1163 3415; x_wconf 75' lang='lat' dir='ltr'>Zminthium,</span> <span class='ocrx_word' id='word_1_320' title='bbox 1182 3358 1247 3407; x_wconf 93' lang='grc' dir='ltr'>Β.</span> <span class='ocrx_word' id='word_1_321' title='bbox 1292 3356 1577 3423; x_wconf 74' lang='lat' dir='ltr'>Zmyntium,</span> <span class='ocrx_word' id='word_1_322' title='bbox 1601 3361 1712 3411; x_wconf 89' lang='lat' dir='ltr'>Dd.</span> <span class='ocrx_word' id='word_1_323' title='bbox 1749 3362 2017 3428; x_wconf 72' lang='lat' dir='ltr'>Smintium,</span> <span class='ocrx_word' id='word_1_324' title='bbox 2042 3381 2088 3417; x_wconf 85' lang='grc' dir='ltr'><strong>σ.</strong></span> <span class='ocrx_word' id='word_1_325' title='bbox 2125 3368 2437 3434; x_wconf 68' lang='grc' dir='ltr'>Εηιίπελοωη,</span> <span class='ocrx_word' id='word_1_326' title='bbox 2459 3369 2603 3438; x_wconf 65' lang='lat' dir='ltr'>ufir.</span> 
     </span>
     <span class='ocr_line' id='line_1_34' title="bbox 371 3418 2603 3502; baseline 0.01 -33"><span class='ocrx_word' id='word_1_327' title='bbox 371 3462 435 3471; x_wconf 84' lang='grc'><strong>.-</strong></span> <span class='ocrx_word' id='word_1_328' title='bbox 478 3419 662 3481; x_wconf 80' lang='lat' dir='ltr'>Colone,</span> <span class='ocrx_word' id='word_1_329' title='bbox 685 3422 793 3471; x_wconf 81' lang='lat' dir='ltr'>Da.</span> <span class='ocrx_word' id='word_1_330' title='bbox 842 3418 1038 3482; x_wconf 75' lang='lat' dir='ltr'>Uolane,</span> <span class='ocrx_word' id='word_1_331' title='bbox 1063 3423 1228 3473; x_wconf 87' lang='lat' dir='ltr'>RTd.</span> <span class='ocrx_word' id='word_1_332' title='bbox 1272 3425 1474 3487; x_wconf 86' lang='lat' dir='ltr'>colonia,</span> <span class='ocrx_word' id='word_1_333' title='bbox 1499 3441 1546 3483; x_wconf 84' lang='grc' dir='ltr'>σ,</span> <span class='ocrx_word' id='word_1_334' title='bbox 1572 3431 1711 3491; x_wconf 84' lang='lat' dir='ltr'>quod</span> <span class='ocrx_word' id='word_1_335' title='bbox 1732 3430 1866 3481; x_wconf 81' lang='lat' dir='ltr'>Pint.</span> <span class='ocrx_word' id='word_1_336' title='bbox 1902 3447 1969 3483; x_wconf 86' lang='lat' dir='ltr'>ex</span> <span class='ocrx_word' id='word_1_337' title='bbox 1991 3437 2102 3485; x_wconf 86' lang='lat' dir='ltr'>edd.</span> <span class='ocrx_word' id='word_1_338' title='bbox 2124 3444 2245 3487; x_wconf 81' lang='lat' dir='ltr'>vett.</span> <span class='ocrx_word' id='word_1_339' title='bbox 2270 3440 2501 3502; x_wconf 82' lang='lat' dir='ltr'>praefert.</span> <span class='ocrx_word' id='word_1_340' title='bbox 2541 3482 2603 3490; x_wconf 85' lang='grc'><strong>...</strong></span> 
     </span>
     <span class='ocr_line' id='line_1_35' title="bbox 365 3487 2602 3569; baseline 0.009 -32"><span class='ocrx_word' id='word_1_341' title='bbox 365 3487 663 3551; x_wconf 86' lang='lat' dir='ltr'>Deportant,</span> <span class='ocrx_word' id='word_1_342' title='bbox 692 3489 922 3539; x_wconf 84' lang='lat' dir='ltr'>DSadr.</span> <span class='ocrx_word' id='word_1_343' title='bbox 968 3490 1206 3552; x_wconf 80' lang='lat' dir='ltr'>deportat,</span> <span class='ocrx_word' id='word_1_344' title='bbox 1238 3491 1304 3540; x_wconf 90' lang='grc' dir='ltr'>Β.</span> <span class='ocrx_word' id='word_1_345' title='bbox 1351 3493 1628 3557; x_wconf 79' lang='lat' dir='ltr'>deportans,</span> <span class='ocrx_word' id='word_1_346' title='bbox 1652 3508 1700 3545; x_wconf 83' lang='grc' dir='ltr'><strong>σ.</strong></span> <span class='ocrx_word' id='word_1_347' title='bbox 1744 3497 2017 3563; x_wconf 82' lang='lat' dir='ltr'>deportata,</span> <span class='ocrx_word' id='word_1_348' title='bbox 2042 3505 2187 3553; x_wconf 87' lang='lat' dir='ltr'>codd.</span> <span class='ocrx_word' id='word_1_349' title='bbox 2212 3505 2419 3558; x_wconf 80' lang='lat' dir='ltr'>Barbar.</span> <span class='ocrx_word' id='word_1_350' title='bbox 2442 3503 2500 3569; x_wconf 78' lang='grc' dir='ltr'><strong>β.</strong></span> <span class='ocrx_word' id='word_1_351' title='bbox 2539 3548 2602 3557; x_wconf 69' lang='grc'>.-</span> 
     </span>
     <span class='ocr_line' id='line_1_36' title="bbox 365 3554 2603 3636; baseline 0.008 -32"><span class='ocrx_word' id='word_1_352' title='bbox 365 3554 715 3615; x_wconf 82' lang='lat' dir='ltr'>Adramiteum‚</span> <span class='ocrx_word' id='word_1_353' title='bbox 740 3569 788 3605; x_wconf 83' lang='grc' dir='ltr'><strong>σ.</strong></span> <span class='ocrx_word' id='word_1_354' title='bbox 815 3596 878 3605; x_wconf 81' lang='grc'>..</span> <span class='ocrx_word' id='word_1_355' title='bbox 904 3570 1045 3605; x_wconf 84' lang='lat' dir='ltr'>amne</span> <span class='ocrx_word' id='word_1_356' title='bbox 1069 3556 1251 3619; x_wconf 76' lang='lat' dir='ltr'>eqocia,</span> <span class='ocrx_word' id='word_1_357' title='bbox 1275 3560 1364 3608; x_wconf 73' lang='lat' dir='ltr'>R&#39;2.</span> <span class='ocrx_word' id='word_1_358' title='bbox 1390 3600 1453 3609; x_wconf 84' lang='grc'><strong>-.</strong></span> <span class='ocrx_word' id='word_1_359' title='bbox 1487 3577 1521 3609; x_wconf 88' lang='lat' dir='ltr'>a</span> <span class='ocrx_word' id='word_1_360' title='bbox 1544 3559 1829 3626; x_wconf 75' lang='lat' dir='ltr'>Rhyndaco,</span> <span class='ocrx_word' id='word_1_361' title='bbox 1854 3568 1930 3615; x_wconf 78' lang='lat' dir='ltr'>ad</span> <span class='ocrx_word' id='word_1_362' title='bbox 1952 3563 2126 3629; x_wconf 85' lang='lat' dir='ltr'>(codd.</span> <span class='ocrx_word' id='word_1_363' title='bbox 2149 3571 2386 3636; x_wconf 80' lang='lat' dir='ltr'>Barbar.)</span> <span class='ocrx_word' id='word_1_364' title='bbox 2421 3593 2457 3625; x_wconf 85' lang='lat' dir='ltr'>a</span> <span class='ocrx_word' id='word_1_365' title='bbox 2479 3574 2603 3625; x_wconf 75' lang='lat' dir='ltr'>Rin-</span> 
     </span>
     <span class='ocr_line' id='line_1_37' title="bbox 366 3622 2602 3700; baseline 0.01 -32"><span class='ocrx_word' id='word_1_366' title='bbox 366 3623 504 3684; x_wconf 82' lang='lat' dir='ltr'>daco,</span> <span class='ocrx_word' id='word_1_367' title='bbox 527 3624 617 3673; x_wconf 81' lang='lat' dir='ltr'>B2.</span> <span class='ocrx_word' id='word_1_368' title='bbox 655 3640 689 3671; x_wconf 86' lang='lat' dir='ltr'>a</span> <span class='ocrx_word' id='word_1_369' title='bbox 710 3622 941 3683; x_wconf 84' lang='lat' dir='ltr'>Rindico,</span> <span class='ocrx_word' id='word_1_370' title='bbox 965 3624 1117 3673; x_wconf 64' lang='grc' dir='ltr'><strong>ΒῙΒ.</strong></span> <span class='ocrx_word' id='word_1_371' title='bbox 1153 3622 1407 3686; x_wconf 75' lang='grc' dir='ltr'>ανῘιίᾱαεο,</span> <span class='ocrx_word' id='word_1_372' title='bbox 1431 3641 1479 3676; x_wconf 78' lang='lat' dir='ltr'>c.</span> <span class='ocrx_word' id='word_1_373' title='bbox 1508 3667 1572 3677; x_wconf 84' lang='grc'><strong>-</strong></span> <span class='ocrx_word' id='word_1_374' title='bbox 1604 3630 1784 3693; x_wconf 72' lang='grc' dir='ltr'><strong><em>Ενίτίί,</em></strong></span> <span class='ocrx_word' id='word_1_375' title='bbox 1806 3634 1878 3682; x_wconf 86' lang='lat' dir='ltr'>ita</span> <span class='ocrx_word' id='word_1_376' title='bbox 1899 3649 1993 3685; x_wconf 84' lang='lat' dir='ltr'>nos</span> <span class='ocrx_word' id='word_1_377' title='bbox 2015 3638 2305 3700; x_wconf 82' lang='lat' dir='ltr'>scripsimus</span> <span class='ocrx_word' id='word_1_378' title='bbox 2328 3642 2444 3690; x_wconf 89' lang='lat' dir='ltr'>coll.</span> <span class='ocrx_word' id='word_1_379' title='bbox 2467 3642 2602 3692; x_wconf 81' lang='lat' dir='ltr'>Eck-</span> 
     </span>
     <span class='ocr_line' id='line_1_38' title="bbox 365 3690 2600 3769; baseline 0.009 -30"><span class='ocrx_word' id='word_1_380' title='bbox 365 3690 469 3739; x_wconf 88' lang='lat' dir='ltr'>hel.</span> <span class='ocrx_word' id='word_1_381' title='bbox 495 3692 654 3739; x_wconf 85' lang='lat' dir='ltr'>doctr.</span> <span class='ocrx_word' id='word_1_382' title='bbox 678 3706 816 3740; x_wconf 88' lang='lat' dir='ltr'>num.</span> <span class='ocrx_word' id='word_1_383' title='bbox 841 3699 938 3739; x_wconf 80' lang='lat' dir='ltr'>vet.</span> <span class='ocrx_word' id='word_1_384' title='bbox 960 3697 1007 3747; x_wconf 79' lang='lat'>2,</span> <span class='ocrx_word' id='word_1_385' title='bbox 1028 3696 1141 3740; x_wconf 82' lang='lat'>581.</span> <span class='ocrx_word' id='word_1_386' title='bbox 1164 3691 1348 3753; x_wconf 81' lang='lat' dir='ltr'>Erezii,</span> <span class='ocrx_word' id='word_1_387' title='bbox 1372 3694 1531 3743; x_wconf 82' lang='lat' dir='ltr'>Hard.</span> <span class='ocrx_word' id='word_1_388' title='bbox 1554 3695 1607 3744; x_wconf 92' lang='lat' dir='ltr'>D</span> <span class='ocrx_word' id='word_1_389' title='bbox 1630 3694 1706 3759; x_wconf 62' lang='grc' dir='ltr'>(ἲ)</span> <span class='ocrx_word' id='word_1_390' title='bbox 1723 3711 1773 3761; x_wconf 77' lang='lat' dir='ltr'>r.</span> <span class='ocrx_word' id='word_1_391' title='bbox 1807 3698 1969 3762; x_wconf 84' lang='lat' dir='ltr'>Ercsi,</span> <span class='ocrx_word' id='word_1_392' title='bbox 1994 3705 2184 3754; x_wconf 73' lang='lat' dir='ltr'>Rada.</span> <span class='ocrx_word' id='word_1_393' title='bbox 2218 3705 2429 3769; x_wconf 82' lang='lat' dir='ltr'>Eressii,</span> <span class='ocrx_word' id='word_1_394' title='bbox 2454 3711 2600 3758; x_wconf 84' lang='lat' dir='ltr'>codd.</span> 
     </span>
     <span class='ocr_line' id='line_1_39' title="bbox 364 3751 2599 3836; baseline 0.009 -29"><span class='ocrx_word' id='word_1_395' title='bbox 364 3756 575 3807; x_wconf 84' lang='lat' dir='ltr'>Barbar.</span> <span class='ocrx_word' id='word_1_396' title='bbox 609 3755 799 3819; x_wconf 82' lang='lat' dir='ltr'>Eresii,</span> <span class='ocrx_word' id='word_1_397' title='bbox 821 3751 879 3818; x_wconf 78' lang='grc' dir='ltr'><strong>β.</strong></span> <span class='ocrx_word' id='word_1_398' title='bbox 906 3797 969 3805; x_wconf 82' lang='grc'><strong>-.</strong></span> <span class='ocrx_word' id='word_1_399' title='bbox 1006 3754 1389 3822; x_wconf 83' lang='lat' dir='ltr'>Miletopolitae,</span> <span class='ocrx_word' id='word_1_400' title='bbox 1414 3762 1522 3811; x_wconf 84' lang='lat' dir='ltr'>RD</span> <span class='ocrx_word' id='word_1_401' title='bbox 1533 3765 1607 3812; x_wconf 85' lang='lat' dir='ltr'>ad</span> <span class='ocrx_word' id='word_1_402' title='bbox 1630 3760 1804 3825; x_wconf 86' lang='lat' dir='ltr'>(codd.</span> <span class='ocrx_word' id='word_1_403' title='bbox 1827 3767 2082 3832; x_wconf 84' lang='lat' dir='ltr'>Barbari.)</span> <span class='ocrx_word' id='word_1_404' title='bbox 2117 3770 2437 3836; x_wconf 80' lang='lat' dir='ltr'>Milepolitae,</span> <span class='ocrx_word' id='word_1_405' title='bbox 2460 3789 2508 3825; x_wconf 83' lang='grc' dir='ltr'><strong>σ.</strong></span> <span class='ocrx_word' id='word_1_406' title='bbox 2535 3817 2599 3826; x_wconf 83' lang='grc'><strong>-.</strong></span> 
     </span>
     <span class='ocr_line' id='line_1_40' title="bbox 363 3822 2598 3902; baseline 0.009 -29"><span class='ocrx_word' id='word_1_407' title='bbox 363 3823 700 3885; x_wconf 75' lang='grc' dir='ltr'>Ροεηιαηίπτε,</span> <span class='ocrx_word' id='word_1_408' title='bbox 732 3826 796 3874; x_wconf 87' lang='lat' dir='ltr'>R.</span> <span class='ocrx_word' id='word_1_409' title='bbox 835 3864 898 3873; x_wconf 75' lang='lat'>—</span> <span class='ocrx_word' id='word_1_410' title='bbox 934 3822 1237 3886; x_wconf 80' lang='lat' dir='ltr'>Asculacae,</span> <span class='ocrx_word' id='word_1_411' title='bbox 1270 3827 1377 3875; x_wconf 83' lang='lat' dir='ltr'>Da.</span> <span class='ocrx_word' id='word_1_412' title='bbox 1428 3827 1709 3891; x_wconf 81' lang='lat' dir='ltr'>Asculatae,</span> <span class='ocrx_word' id='word_1_413' title='bbox 1743 3849 1782 3881; x_wconf 87' lang='lat' dir='ltr'>r.</span> <span class='ocrx_word' id='word_1_414' title='bbox 1834 3832 2079 3893; x_wconf 77' lang='lat' dir='ltr'>Asculaci,</span> <span class='ocrx_word' id='word_1_415' title='bbox 2110 3840 2159 3887; x_wconf 88' lang='lat' dir='ltr'>d.</span> <span class='ocrx_word' id='word_1_416' title='bbox 2210 3838 2502 3902; x_wconf 81' lang='lat' dir='ltr'>Ascelacae,</span> <span class='ocrx_word' id='word_1_417' title='bbox 2534 3844 2598 3902; x_wconf 73' lang='grc' dir='ltr'>Β.</span> 
     </span>
     <span class='ocr_line' id='line_1_41' title="bbox 362 3886 2597 3968; baseline 0.01 -30"><span class='ocrx_word' id='word_1_418' title='bbox 362 3888 681 3950; x_wconf 79' lang='lat' dir='ltr'>Aschilacae,</span> <span class='ocrx_word' id='word_1_419' title='bbox 723 3886 780 3951; x_wconf 82' lang='grc' dir='ltr'><strong>β.</strong></span> <span class='ocrx_word' id='word_1_420' title='bbox 829 3929 887 3939; x_wconf 84' lang='grc'><strong>...</strong></span> <span class='ocrx_word' id='word_1_421' title='bbox 928 3889 1199 3952; x_wconf 71' lang='lat' dir='ltr'>Polie-naci,</span> <span class='ocrx_word' id='word_1_422' title='bbox 1241 3906 1289 3941; x_wconf 84' lang='grc' dir='ltr'><strong>σ.</strong></span> <span class='ocrx_word' id='word_1_423' title='bbox 1339 3893 1646 3959; x_wconf 68' lang='grc' dir='ltr'>Ροζγάηιαοί,</span> <span class='ocrx_word' id='word_1_424' title='bbox 1687 3902 1749 3950; x_wconf 93' lang='grc' dir='ltr'>Β.</span> <span class='ocrx_word' id='word_1_425' title='bbox 1799 3939 1861 3949; x_wconf 78' lang='grc'>..</span> <span class='ocrx_word' id='word_1_426' title='bbox 1910 3900 2294 3968; x_wconf 60' lang='lat' dir='ltr'>Mandacandeni,</span> <span class='ocrx_word' id='word_1_427' title='bbox 2335 3908 2492 3959; x_wconf 77' lang='lat' dir='ltr'>Hard.</span> <span class='ocrx_word' id='word_1_428' title='bbox 2534 3912 2597 3961; x_wconf 86' lang='grc' dir='ltr'>Β.</span> 
     </span>
     <span class='ocr_line' id='line_1_42' title="bbox 362 3954 2596 4026; baseline 0.01 -21"><span class='ocrx_word' id='word_1_429' title='bbox 362 3956 783 4019; x_wconf 77' lang='lat' dir='ltr'>Mandacandeni,</span> <span class='ocrx_word' id='word_1_430' title='bbox 806 3958 957 4007; x_wconf 85' lang='lat' dir='ltr'>Dad.</span> <span class='ocrx_word' id='word_1_431' title='bbox 983 3954 1412 4022; x_wconf 77' lang='lat' dir='ltr'>Mandayandeni,</span> <span class='ocrx_word' id='word_1_432' title='bbox 1436 3957 1495 4023; x_wconf 79' lang='grc' dir='ltr'><strong>β.</strong></span> <span class='ocrx_word' id='word_1_433' title='bbox 1517 4002 1579 4012; x_wconf 83' lang='grc'><strong>....</strong></span> <span class='ocrx_word' id='word_1_434' title='bbox 1602 3965 1669 4024; x_wconf 87' lang='lat' dir='ltr'>in,</span> <span class='ocrx_word' id='word_1_435' title='bbox 1695 3968 1840 4017; x_wconf 88' lang='lat' dir='ltr'>codd.</span> <span class='ocrx_word' id='word_1_436' title='bbox 1863 3969 2076 4019; x_wconf 81' lang='lat' dir='ltr'>Barbar.</span> <span class='ocrx_word' id='word_1_437' title='bbox 2102 3972 2280 4023; x_wconf 82' lang='lat' dir='ltr'>Omitt.</span> <span class='ocrx_word' id='word_1_438' title='bbox 2304 3975 2512 4026; x_wconf 80' lang='lat' dir='ltr'>RDad.</span> <span class='ocrx_word' id='word_1_439' title='bbox 2534 4018 2596 4026; x_wconf 84' lang='grc'><strong>-</strong></span> 
     </span>
     <span class='ocr_line' id='line_1_43' title="bbox 361 4022 2602 4100; baseline 0.012 -30"><span class='ocrx_word' id='word_1_440' title='bbox 361 4022 554 4082; x_wconf 81' lang='lat' dir='ltr'>misani,</span> <span class='ocrx_word' id='word_1_441' title='bbox 577 4037 623 4073; x_wconf 89' lang='grc' dir='ltr'><strong>σ.</strong></span> <span class='ocrx_word' id='word_1_442' title='bbox 663 4064 727 4073; x_wconf 81' lang='grc'>-</span> <span class='ocrx_word' id='word_1_443' title='bbox 760 4024 1034 4084; x_wconf 80' lang='lat' dir='ltr'>Abretteni,</span> <span class='ocrx_word' id='word_1_444' title='bbox 1059 4038 1091 4071; x_wconf 77' lang='lat' dir='ltr'>a</span> <span class='ocrx_word' id='word_1_445' title='bbox 1116 4022 1287 4086; x_wconf 87' lang='lat' dir='ltr'>(codd.</span> <span class='ocrx_word' id='word_1_446' title='bbox 1310 4028 1548 4093; x_wconf 85' lang='lat' dir='ltr'>Barbar.)</span> <span class='ocrx_word' id='word_1_447' title='bbox 1591 4030 1862 4095; x_wconf 73' lang='lat' dir='ltr'>Abroeaeni,</span> <span class='ocrx_word' id='word_1_448' title='bbox 1887 4036 1950 4084; x_wconf 88' lang='grc' dir='ltr'><strong>Β.</strong></span> <span class='ocrx_word' id='word_1_449' title='bbox 1996 4034 2242 4100; x_wconf 82' lang='lat' dir='ltr'>Abrcteni,</span> <span class='ocrx_word' id='word_1_450' title='bbox 2263 4041 2416 4091; x_wconf 76' lang='lat' dir='ltr'>Ddc.</span> <span class='ocrx_word' id='word_1_451' title='bbox 2456 4084 2517 4093; x_wconf 84' lang='grc'><strong>-.</strong></span> <span class='ocrx_word' id='word_1_452' title='bbox 2554 4054 2602 4096; x_wconf 74' lang='lat' dir='ltr'>et</span> 
     </span>
     <span class='ocr_line' id='line_1_44' title="bbox 360 4087 1346 4156; baseline 0.006 -18"><span class='ocrx_word' id='word_1_453' title='bbox 360 4087 707 4154; x_wconf 68' lang='lat' dir='ltr'>Hellespontii,</span> <span class='ocrx_word' id='word_1_454' title='bbox 730 4093 884 4141; x_wconf 85' lang='lat' dir='ltr'>Dad.</span> <span class='ocrx_word' id='word_1_455' title='bbox 920 4089 1259 4156; x_wconf 79' lang='lat' dir='ltr'>ephelesponci,</span> <span class='ocrx_word' id='word_1_456' title='bbox 1283 4096 1346 4144; x_wconf 90' lang='grc' dir='ltr'>Β.</span> 
     </span>
    </p>

    <p class='ocr_par' dir='ltr' id='par_1_6' title="bbox 363 4156 2595 4373">
     <span class='ocr_line' id='line_1_45' title="bbox 430 4156 2595 4237; baseline 0.011 -32"><span class='ocrx_word' id='word_1_457' title='bbox 430 4157 460 4217; x_wconf 66' lang='grc' dir='ltr'>ξ</span> <span class='ocrx_word' id='word_1_458' title='bbox 488 4162 600 4206; x_wconf 82' lang='lat'>124.</span> <span class='ocrx_word' id='word_1_459' title='bbox 635 4156 958 4219; x_wconf 76' lang='lat' dir='ltr'>Hamaxitus,</span> <span class='ocrx_word' id='word_1_460' title='bbox 981 4159 1091 4206; x_wconf 88' lang='lat' dir='ltr'>Da.</span> <span class='ocrx_word' id='word_1_461' title='bbox 1135 4159 1422 4222; x_wconf 78' lang='lat' dir='ltr'>Amaxitus,</span> <span class='ocrx_word' id='word_1_462' title='bbox 1450 4164 1652 4214; x_wconf 85' lang='lat' dir='ltr'>Barbar.</span> <span class='ocrx_word' id='word_1_463' title='bbox 1675 4160 1732 4225; x_wconf 77' lang='grc' dir='ltr'><strong>β.</strong></span> <span class='ocrx_word' id='word_1_464' title='bbox 1785 4167 2070 4232; x_wconf 66' lang='lat' dir='ltr'>Ama-ricus,</span> <span class='ocrx_word' id='word_1_465' title='bbox 2104 4172 2363 4237; x_wconf 77' lang='lat' dir='ltr'>Rpoo’.</span> <span class='ocrx_word' id='word_1_466' title='bbox 2402 4218 2464 4226; x_wconf 80' lang='grc'><strong>-</strong></span> <span class='ocrx_word' id='word_1_467' title='bbox 2509 4177 2595 4227; x_wconf 79' lang='lat' dir='ltr'>ce.</span> 
     </span>
     <span class='ocr_line' id='line_1_46' title="bbox 365 4220 2594 4308; baseline 0.01 -36"><span class='ocrx_word' id='word_1_468' title='bbox 365 4220 556 4283; x_wconf 68' lang='lat' dir='ltr'>brania,</span> <span class='ocrx_word' id='word_1_469' title='bbox 579 4224 705 4273; x_wconf 87' lang='lat' dir='ltr'>RD.</span> <span class='ocrx_word' id='word_1_470' title='bbox 748 4223 1000 4285; x_wconf 80' lang='lat' dir='ltr'>Crebenia,</span> <span class='ocrx_word' id='word_1_471' title='bbox 1023 4226 1261 4290; x_wconf 70' lang='lat' dir='ltr'>-Tadpm</span> <span class='ocrx_word' id='word_1_472' title='bbox 1302 4271 1364 4280; x_wconf 81' lang='grc'>-.</span> <span class='ocrx_word' id='word_1_473' title='bbox 1403 4231 1523 4292; x_wconf 81' lang='lat' dir='ltr'>ipsa</span> <span class='ocrx_word' id='word_1_474' title='bbox 1553 4247 1753 4297; x_wconf 67' lang='lat' dir='ltr'>quoque,</span> <span class='ocrx_word' id='word_1_475' title='bbox 1787 4249 1838 4298; x_wconf 83' lang='lat' dir='ltr'>p.</span> <span class='ocrx_word' id='word_1_476' title='bbox 1876 4275 1938 4284; x_wconf 82' lang='grc'>-</span> <span class='ocrx_word' id='word_1_477' title='bbox 1975 4239 2117 4301; x_wconf 80' lang='lat' dir='ltr'>dicta,</span> <span class='ocrx_word' id='word_1_478' title='bbox 2141 4241 2420 4306; x_wconf 82' lang='lat' dir='ltr'>R²Dadp.</span> <span class='ocrx_word' id='word_1_479' title='bbox 2465 4244 2594 4308; x_wconf 80' lang='lat' dir='ltr'>ipsa,</span> 
     </span>
     <span class='ocr_line' id='line_1_47' title="bbox 363 4287 2591 4373; baseline 0.011 -36"><span class='ocrx_word' id='word_1_480' title='bbox 363 4289 453 4337; x_wconf 85' lang='lat' dir='ltr'>R¹.</span> <span class='ocrx_word' id='word_1_481' title='bbox 492 4327 552 4336; x_wconf 84' lang='grc'><strong>.-</strong></span> <span class='ocrx_word' id='word_1_482' title='bbox 599 4287 747 4350; x_wconf 82' lang='lat' dir='ltr'>Nees,</span> <span class='ocrx_word' id='word_1_483' title='bbox 778 4290 870 4337; x_wconf 82' lang='lat' dir='ltr'>N¹.</span> <span class='ocrx_word' id='word_1_484' title='bbox 925 4290 1055 4351; x_wconf 85' lang='lat' dir='ltr'>Nea,</span> <span class='ocrx_word' id='word_1_485' title='bbox 1092 4296 1140 4342; x_wconf 91' lang='lat' dir='ltr'>d.</span> <span class='ocrx_word' id='word_1_486' title='bbox 1179 4335 1241 4343; x_wconf 85' lang='lat'>...</span> <span class='ocrx_word' id='word_1_487' title='bbox 1278 4295 1485 4362; x_wconf 77' lang='lat' dir='ltr'>Siqium,</span> <span class='ocrx_word' id='word_1_488' title='bbox 1518 4301 1565 4349; x_wconf 88' lang='lat' dir='ltr'>d.</span> <span class='ocrx_word' id='word_1_489' title='bbox 1604 4338 1665 4348; x_wconf 82' lang='grc'>-.</span> <span class='ocrx_word' id='word_1_490' title='bbox 1706 4309 1921 4365; x_wconf 80' lang='lat' dir='ltr'>portum,</span> <span class='ocrx_word' id='word_1_491' title='bbox 1947 4306 2010 4354; x_wconf 91' lang='grc' dir='ltr'>Β.</span> <span class='ocrx_word' id='word_1_492' title='bbox 2061 4346 2121 4355; x_wconf 85' lang='grc'>-.</span> <span class='ocrx_word' id='word_1_493' title='bbox 2169 4306 2385 4373; x_wconf 76' lang='lat' dir='ltr'>influxit,</span> <span class='ocrx_word' id='word_1_494' title='bbox 2418 4315 2491 4360; x_wconf 84' lang='lat' dir='ltr'>a&#39;.</span> <span class='ocrx_word' id='word_1_495' title='bbox 2529 4351 2591 4362; x_wconf 83' lang='lat'>-.</span> 
     </span>
    </p>
   </div>
  </div>
 </body>
</html>
