2961 4861
873 360 874 363 η
912 326 1054 373 Lm.
1087 326 1183 373 VI.
1244 322 1400 371 cAP.
1433 324 1530 371 lv.
1565 325 1631 371 v,
1697 323 1892 371 sacr.
1923 326 1960 367 4.
1992 326 2027 367 5.
2461 308 2586 372 405

284 533 310 539 w
337 498 412 541 ro
456 499 583 540 Lxx
620 499 688 540 M.
743 476 906 541 Inde
961 476 1135 540 aliud
1186 474 1423 540 flumen
1480 472 1781 551 Charien,
1841 495 2002 562 gens
2061 471 2252 539 Salae
2308 475 2587 558 antiquis

336 576 802 665 Phthirophagi
846 578 1001 642 dicti
1045 587 1110 642 et
1152 576 1309 641 alias
1355 573 1579 639 Suani.
1652 574 1928 640 Flumen
1977 572 2275 639 Chobum
2319 600 2354 640 e
2403 574 2580 641 Cau-

340 701 486 744 caso
528 702 647 765 per
692 676 947 743 Suanos
989 678 1217 743 fluens.
1264 677 1439 743 Dein
1465 676 1705 755 RhoaS,
1752 675 1933 764 regio
1961 675 2318 755 Ecrectice,
2366 700 2585 743 amnes

339 776 702 867 Singames,
750 779 1088 857 Tarsuras‚
1128 778 1549 864 Astelephus,
1583 774 2036 862 Chrysorroas.
2086 774 2267 842 Gens
2296 777 2584 857 Absilae,

338 881 670 947 castellum
715 878 1153 967 Sebastopolis
1197 903 1237 943 a
1278 878 1561 943 Phaside
1604 899 1641 941 c
1683 900 1734 941 M
1774 902 1841 964 p.
1900 874 2081 943 Gens
2129 876 2583 966 Sannigarum,

336 981 647 1066 oppidum
678 980 973 1069 Cygnus,
1018 981 1257 1046 flumen
1304 989 1367 1044 et
1409 978 1721 1065 oppidum
1748 978 2012 1044 Penius,
2068 978 2327 1044 Deinde
2370 980 2586 1044 multis

335 1082 699 1148 nominibus
742 1082 1221 1148 Heniochorum
1264 1090 1512 1168 gentes.

420 1181 507 1247 V.
575 1183 634 1248 5.
698 1180 1031 1247 Subicitur
1073 1182 1268 1247 Ponti
1311 1180 1493 1268 regio
1538 1177 1780 1258 Colica,
1826 1179 1893 1243 in
1938 1202 2066 1265 qua
2107 1181 2285 1268 iuga·
2308 1179 2587 1248 Caucasi
2618 1203 2679 1246 15

335 1282 420 1346 ad
461 1281 743 1368 Ripaeos
785 1284 1019 1348 montis
1066 1291 1466 1366 torquentur,
1525 1290 1598 1344 ut
1652 1280 1898 1344 dictum
1952 1291 2070 1358 est,
2133 1282 2333 1346 altero
2387 1283 2587 1349 latere
2664 1368 2671 1374 ι

334 1383 401 1446 in
430 1382 760 1448 Euxinum
807 1395 871 1448 et
899 1382 1256 1448 Maeotium
1302 1381 1573 1458 devexa,
1621 1380 1822 1445 altero
1866 1379 1935 1444 in
1968 1378 2280 1466 Caspium
2312 1392 2376 1448 et
2402 1381 2585 1468 Hyr-

334 1482 591 1553 canium
643 1506 837 1549 mare.
910 1482 1186 1567 Reliqua
1226 1482 1415 1545 litora
1470 1480 1649 1545 ferae
1693 1480 1985 1545 nationes
2032 1491 2272 1559 tenent,
2329 1480 2584 1548 Melan-

335 1582 601 1662 chlaeni,
665 1581 906 1649 Coraxi
957 1582 1118 1647 urbe
1165 1580 1553 1647 Colchorum
1605 1579 2030 1646 Dioscuriade
2085 1582 2268 1645 iuxta
2320 1582 2588 1648 fluvium

333 1682 777 1748 Anthemunta
830 1706 1002 1747 nunc
1058 1682 1345 1759 deserta,
1406 1680 1731 1765 quondam
1783 1681 1942 1746 adeo
1988 1683 2187 1759 clara,
2248 1692 2322 1746 ut
2365 1682 2587 1747 Timo-

336 1785 593 1849 sthenes
635 1785 703 1849 in
748 1806 890 1849 eam
934 1806 1049 1848 ccc
1092 1782 1384 1848 nationes
1429 1781 1846 1847 dissimilibus
1899 1782 2142 1871 linguis
2198 1783 2590 1850 descendere

333 1884 719 1970 prodiderit3
767 1895 833 1949 et
873 1894 1100 1970 postea
1142 1907 1181 1947 a
1221 1884 1455 1948 nostris
1486 1904 1663 1947 cxxx
1690 1883 2146 1968 interpretibus
2176 1886 2437 1972 negotia
2466 1910 2585 1974 ge-

335 1996 436 2050 sta
476 1986 586 2051 ibi.
635 1984 804 2051 Sunt
849 1987 959 2069 qui
1007 1984 1327 2051 conditam
1373 2006 1514 2048 eam
1557 1983 1638 2049 ab
1679 1984 1992 2070 Amphito
2035 1996 2099 2050 et
2142 1986 2407 2053 Telchio
2453 1987 2582 2054 Ca·
2619 2011 2679 2054 16

336 2087 525 2153 storis
569 2110 645 2152 ac
686 2086 967 2152 Pollucis
1012 2087 1254 2174 aurigis
1295 2094 1550 2172 putent,
1597 2108 1636 2148 a
1680 2083 1916 2167 quibus
1961 2095 2165 2152 ortam
2208 2086 2582 2155 Heniocho-

332 2211 477 2254 rum
504 2199 763 2277 gentem
792 2189 930 2253 fere
961 2196 1234 2254 constat.
1278 2184 1346 2249 A
1368 2184 1797 2252 Dioscuriade
1827 2187 2139 2272 oppidum
2160 2187 2582 2269 Heracleum;

313 2395 503 2459 fluens,
528 2396 634 2445 Td.
664 2437 724 2445 ...
748 2393 956 2456 Deinde,
979 2395 1038 2446 P.
1067 2436 1127 2445 ....
1154 2393 1346 2455 Rhoan,
1369 2394 1478 2457 Rp.
1516 2388 1707 2456 Roban,
1733 2397 1779 2444 d.
1818 2391 1981 2456 Roan,
2004 2395 2064 2447 P.
2093 2439 2156 2447 -,
2182 2396 2448 2461 Ecrectice,
2474 2403 2575 2452 vid.

332 2464 551 2513 Ptolem.
578 2478 751 2527 geogr.
775 2464 843 2513 V.
873 2471 950 2525 lo,
978 2469 1023 2513 5.
1064 2460 1312 2526 Ceqrz‘tice‚
1335 2463 1400 2511 R.
1444 2460 1706 2523 G‘eqritice,
1730 2464 1777 2511 d.
1813 2460 2051 2525 Aqritice,
2076 2466 2178 2528 Pp.
2207 2506 2270 2515 .-
2307 2466 2587 2532 Sinqames,

332 2531 539 2580 Barbar.
576 2530 838 2595 Sinqania,
864 2533 911 2580 d.
948 2530 1176 2597 Siqania‚
1199 2526 1312 2590 Rss.
1351 2527 1583 2595 Syqama,
1605 2530 1664 2577 P.
1703 2527 1955 2592 Siqnavia,
1978 2546 2029 2594 p.
2056 2572 2118 2580 .-
2163 2532 2438 2597 Tarsuras,
2461 2538 2586 2586 Bar-

335 2598 443 2647 bar.
484 2597 709 2658 Thersos,
732 2599 819 2647 Rd
832 2614 881 2661 p.
926 2598 1123 2659 Tersos‚
1146 2599 1189 2647 P
1198 2591 1257 2657 β.
1284 2637 1347 2645 -
1370 2593 1682 2660 Astelephus,
1706 2596 1915 2647 Barbar.
1950 2598 2297 2664 Hastbelplzus,
2321 2603 2386 2652 R.
2421 2601 2587 2652 Astel-

329 2665 469 2729 pbus,
493 2666 551 2714 Ρ.
604 2662 855 2729 Astelpus,
889 2668 981 2729 dp.
1034 2662 1253 2728 Atelpos,
1285 2660 1343 2725 β.
1397 2661 1702 2728 Astelepkas,
1734 2677 1784 2727 r.
1840 2705 1904 2714 -
1964 2661 2344 2730 Chrysorrhoas,
2377 2671 2604 2731 Barbar„

332 2733 481 2794 de.
531 2729 826 2794 Cristoroas,
850 2734 908 2782 P.
956 2773 1019 2781 ...
1064 2730 1290 2797 Apsilae,
1314 2732 1449 2781 Pint.
1504 2768 1568 2779 .-.
1625 2729 1968 2795 Sebastopolis,
1995 2733 2087 2796 dp.
2145 2733 2499 2802 Sevastopolis,
2523 2740 2588 2789 R.

334 2797 685 2864 Sabastopolis,
709 2802 769 2849 P.
809 2840 871 2848 .-
907 2809 952 2849 et
973 2816 1021 2861 a,
1045 2800 1104 2848 Ρ.
1132 2840 1195 2848 -.
1217 2814 1359 2863 qens,
1384 2813 1484 2847 om.
1507 2799 1568 2848 P.
1596 2839 1659 2848 .-.
1685 2797 2042 2861 Sanniqarum‚
2067 2802 2276 2852 Barbar.
2300 2819 2350 2866 p.
2388 2804 2587 2855 Samni-

329 2881 524 2931 qarum,
570 2867 637 2915 K.
713 2865 1023 2927 Sanicarum,
1069 2867 1174 2916 Rd.
1230 2865 1524 2931 Sanqarum,
1546 2867 1606 2914 P.
1662 2906 1725 2914 -.
1779 2864 1984 2927 Penius,
2015 2861 2321 2933 OSTPdp.
2357 2871 2588 2934 Poenios,

331 2933 396 2981 R.
448 2931 639 2995 Pityus,
680 2933 896 2982 Barbar.
938 2928 996 2993 β.
1052 2973 1114 2981 .-.
1166 2941 1348 2996 qentes.
1389 2933 1519 2981 Post
1557 2932 1608 2980 h.
1649 2947 1696 2981 v.
1738 2933 1875 2981 Pint.
1917 2935 2138 2997 plurima
2179 2937 2232 2985 in
2273 2935 2335 3001 ἐξ
2380 2944 2459 2989 15.
2506 2946 2586 2990 16.

332 3000 636 3062 transponit.

401 3065 431 3126 5
461 3071 539 3115 15.
593 3064 859 3128 Subicitur,
885 3067 975 3117 3².
1030 3065 1318 3128 Subiicitur,
1343 3061 1586 3129 Pdpssr.
1644 3065 1868 3126 Subitur,
1892 3069 1985 3117 R1.
2040 3067 2184 3120 Subit
2210 3079 2322 3132 tum,
2346 3073 2483 3123 Pint.
2524 3113 2586 3125 .-

337 3131 519 3194 C'olica,
544 3132 676 3197 Spr.
714 3131 893 3195 collita,
919 3135 1023 3184 Td.
1062 3133 1295 3195 cholicha,
1320 3135 1379 3182 P.
1413 3132 1588 3197 qolita,
1610 3134 1700 3183 R2.
1738 3132 1929 3197 colitur,
1953 3136 2044 3185 ΒΗ.
2089 3136 2334 3199 Colchica,
2355 3135 2414 3199 β.
2466 3139 2587 3190 obli-

333 3216 453 3263 qua,
476 3201 612 3251 Pint.
663 3242 725 3251 .-.
770 3202 839 3262 in,
866 3216 969 3251 om.
992 3202 1051 3251 P.
1099 3242 1162 3250 .-
1211 3198 1390 3250 dictum
1415 3210 1493 3249 est
1517 3206 1563 3261 5,
1589 3204 1670 3250 97.
1697 3207 1777 3251 98.
1825 3243 1889 3251 .-
1950 3203 2216 3264 Euxinum,
2238 3220 2288 3268 p.
2323 3206 2588 3269 Eusinum,

331 3269 493 3319 RPd.
547 3309 610 3317 -
668 3278 724 3330 et,
748 3284 848 3318 om.
870 3270 929 3319 P.
986 3309 1049 3317 -
1106 3265 1390 3329 Maeotium,
1413 3267 1530 3316 ΒΡ.
1584 3266 1903 3330 Maeotidum,
1928 3271 2034 3319 Td.
2070 3268 2311 3332 Maeotin,
2381 3269 2483 3338 βγ.
2522 3315 2587 3325 ....

332 3333 714 3397 deubaceso,R¹.
740 3377 802 3384 -
829 3333 1079 3397 altera,R.
1104 3336 1153 3384 in
1169 3336 1322 3386 altero
1341 3334 1482 3396 in‚P.
1510 3375 1573 3383 -
1597 3335 1907 3399 Hyrcanum,
1927 3339 1984 3387 P.
2007 3377 2070 3386 ..-
2092 3336 2311 3400 litora‚R
2380 3343 2586 3406 TPdp.

333 3401 543 3459 litorum,
580 3398 639 3463 β.
696 3444 760 3452 .-
812 3400 1205 3462 Melanchlaeni,
1245 3404 1453 3452 Barbar.
1533 3439 1545 3451 .
1598 3401 1969 3466 Mehanclaeni,
2000 3406 2106 3455 Rd.
2160 3406 2486 3459 Menancleni
2521 3411 2592 3461 Τ.

334 3466 691 3531 Menanicleni,
707 3472 765 3520 P.
788 3511 851 3519 -..
878 3469 1108 3532 Chorasi,
1127 3472 1187 3520 P.
1208 3510 1271 3519 .-
1290 3470 1420 3520 urbe.
1448 3417 1544 3519 GC.
1567 3469 1923 3535 quinquaqinta
1946 3469 2243 3524 chorundios
2257 3494 2273 3525 .·
2291 3447 2514 3538 curtadi,
2534 3493 2585 3541 p.

332 3539 452 3585 urbe
477 3536 732 3602 ducentum
758 3536 1116 3601 quinquaqinta
1140 3537 1280 3588 milia
1295 3553 1487 3602 passus
1509 3535 1803 3587 chorinidios
1827 3537 2045 3600 curiade,
2063 3542 2123 3591 Ρ.
2152 3582 2210 3590 -.
2252 3551 2365 3591 ante
2386 3546 2585 3605 munita,

333 3616 386 3667 p.
426 3601 759 3664 Anthemuita,
783 3606 842 3654 P.
870 3645 933 3653 -
955 3604 1322 3667 Demosthenes,
1347 3607 1394 3654 d.
1421 3644 1486 3653 ....
1512 3619 1588 3666 ea,
1609 3606 1668 3655 P.
1696 3646 1759 3655 ...
1787 3603 2110 3656 dissimilibus
2136 3607 2334 3672 linquis,
2358 3611 2408 3660 R
2424 3604 2584 3661 OTd.

332 3684 463 3733 quae
502 3668 819 3721 dissimilibus
855 3669 1039 3735 linquis
1062 3681 1331 3735 uterentur,
1355 3667 1466 3733 Ρβ.
1526 3688 1653 3734 quae
1677 3672 1916 3722 similibus
1942 3671 2122 3739 linquis
2146 3683 2408 3737 uterentur,
2427 3693 2480 3742 p.
2520 3718 2584 3729 .-

324 3735 560 3802 proderit,
584 3738 647 3786 R.
695 3778 758 3786 -.
804 3756 837 3788 a
863 3739 1054 3800 nostris,
1087 3742 1192 3804 Pp.
1241 3756 1275 3789 a
1299 3738 1467 3800 nostri,
1492 3741 1554 3790 R.
1599 3741 1769 3801 nostri,
1794 3742 1898 3790 Τά.
1948 3781 2004 3789 -
2053 3750 2197 3807 qesta
2222 3743 2306 3793 ibi.
2333 3742 2459 3795 Sunt
2483 3746 2584 3808 qui,

329 3805 396 3854 R.
430 3812 572 3869 qesta
603 3815 717 3854 sunt
746 3805 819 3855 ibi
850 3806 953 3868 qui,
986 3807 1093 3856 Td.
1146 3808 1216 3858 ibi
1243 3815 1399 3872 qesta.
1433 3805 1536 3856 Sub
1561 3808 1753 3871 quibus,
1775 3808 1834 3857 P.
1889 3806 1958 3855 ibi
1974 3818 2129 3872 qesta.
2155 3807 2283 3860 Sunt
2305 3811 2408 3874 qui,
2434 3808 2583 3877 Ρβγ.

333 3870 574 3922 Ceterum
604 3878 772 3922 totum
795 3873 933 3922 hune
955 3874 1145 3936 locum,
1167 3876 1407 3924 varietate
1430 3876 1706 3938 scripturae
1728 3875 1858 3924 inter
1881 3890 1934 3924 se
1959 3885 2266 3939 comparata,
2292 3888 2585 3943 corruptum

330 3953 439 3988 esse
463 3939 689 4000 arbitror,
726 3948 778 3990 et
799 3941 996 3990 Plinius
1019 3942 1091 3991 sie
1128 3943 1296 4005 potius
1327 3942 1584 4006 scripsisse
1615 3943 1832 3992 videtur:
1870 3951 1917 3992 et
1950 3951 2130 4006 postea
2168 3946 2325 3997 nostri
2366 3944 2591 3998 CXXX

331 4005 671 4070 interpretibus
692 4006 893 4070 neqotia
914 4017 1163 4072 qesserunt
1185 4008 1269 4059 ibi.
1294 4005 1425 4057 Sunt
1448 4010 1536 4072 qui
1554 4009 1643 4058 rel.

397 4071 426 4132 ξ
457 4079 534 4123 16.
569 4071 905 4139 Amphis-trata
929 4084 974 4124 et
991 4073 1184 4137 Rhoea,
1207 4075 1607 4128 Pint.Ceterum
1623 4092 1670 4126 ν.
1690 4077 1850 4128 Solin.
1879 4083 1957 4134 15,
1982 4082 2058 4129 17.
2082 4119 2143 4129 -.
2172 4077 2417 4140 ΤΙιεῐεῘιίο,
2435 4083 2498 4132 R.
2521 4124 2583 4133 -

333 4148 493 4203 atque,
515 4141 575 4190 P.
604 4182 666 4190 .-
696 4151 886 4206 putent,
909 4145 1017 4206 Rp.
1088 4152 1243 4205 utant,
1267 4142 1427 4193 TPd.
1456 4184 1519 4192 .-
1543 4143 1915 4207 Hermodorum,
1939 4149 1998 4197 Ρ.
2026 4186 2089 4196 ...
2110 4146 2246 4211 fere,
2269 4149 2319 4198 R.
2339 4141 2583 4201 OSTdr.

317 4207 510 4269 seram,
528 4223 564 4270 p
574 4203 676 4272 βγ.
705 4209 820 4261 Om.
837 4211 898 4260 P.
927 4250 989 4260 ....
1085 4208 1433 4274 Dioscuriade,
1456 4213 1562 4261 Rd.
1603 4208 1790 4261 Cadios
1815 4215 2036 4277 curtade,
2058 4229 2108 4280 p.
2149 4210 2322 4266 Gladio
2350 4213 2583 4280 Gurtade,

333 4274 393 4322 Ρ.
451 4314 514 4324 -
569 4273 820 4341 oppidum,
843 4278 1006 4343 RPp.
1062 4276 1257 4343 oppido,
1282 4279 1386 4330 Td.
1442 4318 1506 4329 ....
1558 4276 1823 4344 Heraclea,
1847 4282 1894 4332 d.
1941 4280 2239 4346 Heracleas,
2263 4284 2483 4348 RTPp.
