2961 4861
880 352 1020 401 Lm.
1052 352 1147 401 v1.
1211 350 1367 400 cAP.
1398 352 1577 399 xxn.
1640 349 1833 399 sectr.
1865 353 1926 397 ‘A
2392 334 2517 398 433

276 524 403 591 que
436 524 666 569 earum
712 513 946 569 terram
988 500 1343 589 petentium
1385 501 1783 575 comitantur.
1829 499 1972 567 Nec
2014 502 2162 587 plus
2191 502 2519 586 quaternis

275 604 606 672 mensibus
662 604 732 669 in
788 627 955 669 anno
1007 603 1336 691 navigant.
1407 602 1660 669 Cavent
1712 625 1752 668 a
1806 603 2075 670 solstitio
2127 625 2428 669 maxume
2481 626 2520 668 c

279 706 446 785 dies,
506 715 661 770 tunc
701 704 809 771 illo
851 702 1014 768 mari
1055 703 1342 769 hiberno.
1406 702 1742 788 Hactenus
1786 725 1826 768 a
1865 704 2094 790 priscis
2137 715 2519 780 memorata3
2549 724 2614 768 84

275 807 462 872 nobis
515 805 882 892 diligentior
932 804 1161 869 notitia
1219 802 1453 869 Claudi
1510 805 1879 891 principatu
1936 805 2233 892 contigit,
2290 805 2524 894 legatis

279 907 473 973 etiam
515 930 597 973 ex
641 927 719 972 ea
757 907 966 971 insula
1009 904 1316 970 advectis.
1361 904 1442 969 Id
1485 906 1723 971 accidit
1754 906 1879 972 hoc
1905 908 2115 972 modo.
2161 906 2341 970 Anni
2367 905 2523 972 Plo-

279 1008 474 1086 cami,
521 1008 634 1091 qui
689 1007 884 1072 maris
939 1006 1120 1072 rubri
1171 1006 1450 1091 vectigal
1507 1029 1547 1069 a
1597 1006 1753 1072 fisco
1809 1007 2201 1087 redemerat,
2256 1008 2527 1074 libertus

279 1111 454 1179 circa
495 1109 807 1175 Arabiam
846 1108 1189 1196 navigans,
1242 1107 1647 1191 aquilonibus
1689 1118 1913 1194 raptus
1955 1121 2212 1195 praeter
2256 1108 2525 1175 Carma-

278 1209 471 1288 niam,
515 1233 627 1274 xv.
658 1210 763 1273 die
790 1208 1125 1294 Hippuros
1167 1218 1427 1292 portum
1472 1207 1611 1273 eius
1653 1207 1967 1286 invectus,
2012 1209 2311 1295 hospitali
2352 1211 2526 1298 regis

282 1301 622 1376 clementia
662 1332 733 1374 VI
773 1330 1069 1395 mensum
1112 1309 1399 1393 tempore
1439 1306 1727 1372 imbutus
1758 1308 2077 1393 adloquio,
2121 1311 2527 1396 percontanti

279 1421 510 1498 postea
548 1411 833 1475 narravit
872 1409 1196 1474 Romanos
1228 1409 1305 1474 'et
1351 1406 1717 1475 Caesarem.
1759 1409 2006 1475 Mirum
2046 1412 2117 1475 in
2157 1412 2420 1477 modum
2458 1412 2527 1476 in
2555 1430 2618 1474 s5

281 1512 521 1577 auditis
571 1511 885 1575 iustitiam
937 1510 1047 1576 ille
1102 1509 1426 1594 suspexit,
1489 1510 1663 1593 quod
1713 1533 1902 1595 pares
1955 1513 2241 1596 pondere
2284 1513 2528 1579 denarii

284 1621 499 1677 essent
538 1611 607 1675 in
651 1611 908 1697 captiva
948 1610 1244 1696 pecunia,
1291 1632 1440 1674 cum
1482 1609 1777 1676 diversae
1818 1612 2130 1697 imagines
2166 1612 2530 1679 indicarent

283 1737 324 1779 a
376 1713 669 1799 pluribus
725 1714 960 1790 factos3
1024 1722 1088 1776 et
1128 1711 1249 1777 hoc
1289 1733 1590 1777 maxume
1635 1712 2012 1779 sollicitatus
2056 1714 2141 1778 ad
2183 1714 2529 1780 amicitiam

280 1816 526 1902 legatos
567 1837 639 1877 1v
677 1811 876 1890 misit,
920 1812 1212 1898 principe
1254 1835 1473 1878 eorum
1515 1811 1779 1878 Rachia.
1844 1813 1951 1877 Ex
1992 1814 2072 1879 iis
2113 1817 2444 1903 cognitum
2485 1839 2529 1880 D

285 1938 428 1981 esse
472 1915 730 2001 oppida,
775 1922 1036 1999 portum
1079 1923 1301 1978 contra
1341 1913 1681 1978 meridiem
1722 1915 2088 2001 adpositum
2131 1916 2369 2003 oppido
2397 1916 2528 1982 Pa-

281 2015 680 2083 laesimundo
744 2013 1029 2078 omnium
1089 2012 1181 2078 ibi
1247 2012 1618 2092 clarissimo,
1686 2036 1763 2080 ac
1825 2015 2010 2102 regia
2071 2036 2146 2081 oc
2188 2039 2240 2081 M
2301 2018 2527 2103 plebis.

287 2115 610 2205 Stagnum
650 2117 824 2180 intus
866 2113 1173 2201 Megisba
1216 2135 1515 2179 cccnxxv
1542 2137 1593 2178 M
1631 2137 1697 2202 p.
1742 2116 2008 2195 ambitu,
2039 2117 2281 2184 insulas
2310 2120 2531 2205 pabuli
2560 2134 2623 2179 86

284 2228 536 2283 tantum
577 2216 805 2282 fertilis
851 2215 1251 2300 conplexum.
1295 2213 1403 2277 Ex
1448 2236 1525 2280 eo
1568 2214 1729 2281 duos
1773 2216 1976 2280 amnis
2016 2239 2369 2303 erumpere,
2400 2218 2532 2284 Pa-

281 2319 751 2385 laesimundum
799 2318 982 2381 iuxta
1031 2314 1342 2401 oppidum
1398 2314 1690 2379 eiusdem
1736 2316 2010 2381 nominis
2051 2317 2425 2383 influentem
2466 2321 2534 2384 in

282 2430 542 2507 portum
582 2442 657 2484 111
698 2417 916 2497 alveiS,
961 2439 1008 2481 v
1051 2416 1404 2482 stadiorum
1432 2415 1774 2492 artissimo,
1810 2440 1902 2480 xv
1930 2417 2340 2503 amplissimo,
2371 2421 2531 2486 alte-

283 2544 430 2586 rum
471 2521 566 2584 ‘ad
622 2517 1090 2605 septentriones
1141 2515 1523 2600 Indiamque
1577 2538 1868 2594 versum,
1941 2516 2204 2602 Cydara
2259 2522 2534 2588 nomine.

284 2621 681 2687 Proxumum
739 2643 881 2685 esse
931 2617 1157 2682 Indiae
1212 2616 1716 2704 promontorium
1769 2619 1943 2700 quod
2000 2631 2267 2685 vocetur
2313 2620 2531 2688 Colia-

288 2746 455 2801 cum,
502 2721 829 2805 quatridui
871 2718 1300 2806 navigatione,
1344 2716 1558 2782 medio
1599 2717 1670 2782 in
1714 2740 1908 2783 cursu
1954 2716 2124 2786 Solis
2166 2721 2377 2787 insula
2419 2747 2530 2790 oc-

287 2835 602 2891 currente.
687 2821 877 2887 Mare
941 2821 1012 2884 id
1073 2821 1285 2886 colore
1348 2818 1655 2905 perviridi
1670 2866 1689 2896 ,
1755 2831 2092 2905 praeterea
2154 2823 2531 2891 fruticosum
2560 2842 2622 2888 87

285 3029 649 3097 AniplocamuS,
681 3029 817 3080 Rob.
853 3068 917 3076 -.
953 3022 1215 3092 vectiyalia
1228 3025 1378 3088 fisco,
1409 3025 1545 3075 Rob.
1579 3064 1644 3074 ..
1686 3021 2021 3089 Carmaniam,
2044 3030 2107 3080 Β.
2156 3026 2475 3093 Carminiam,
2500 3035 2533 3082 d

289 3098 461 3162 (codd.
481 3099 696 3150 Salmas.
721 3111 884 3146 exerc.
907 3110 958 3158 p.
987 3098 1100 3143 786.
1125 3109 1169 3142 a.
1197 3089 1285 3153 G.)
1321 3090 1622 3153 Armeniam,
1644 3092 1775 3143 Rob.
1802 3134 1865 3142 -
1902 3094 2088 3156 ἀίεὸιιε,
2114 3099 2161 3146 (1.
2199 3138 2262 3146 -
2300 3114 2533 3152 mensum.

287 3169 352 3296 ἒξ..
389 3167 632 3297 migne-ium,
657 3159 889 3293 dssflss-
916 3162 1279 3226 percunctanti,
1303 3162 1435 3211 Rob.
1467 3159 1793 3224 percontandi,
1816 3162 1927 3212 Rd.
1961 3203 2025 3212 ...
2058 3164 2301 3228 narravit,
2324 3158 2533 3218 ROTd

316 3236 447 3284 Rob.
512 3232 776 3292 enarravit,
843 3267 855 3281 .

357 3300 386 3361 ξ
413 3308 492 3352 85.
529 3300 644 3351 Rex
668 3309 824 3349 autem
857 3297 1046 3357 mirum,
1068 3296 1134 3346 K.
1173 3335 1236 3345 ....
1273 3293 1322 3343 in
1352 3292 1557 3356 modum,
1592 3295 1726 3345 Rob.
1769 3296 1972 3357 modum,
1996 3299 2105 3348 Rd.
2143 3340 2208 3349 -
2244 3302 2294 3351 in
2321 3299 2532 3363 auditis,

286 3368 496 3419 Barbar.
530 3371 563 3418 d
597 3364 778 3429 (Rob.)
832 3363 1090 3425 inauditis,
1125 3358 1184 3425 β.
1229 3363 1280 3440 in
1299 3361 1538 3440 auditae,
1571 3363 1635 3413 Β.
1681 3361 1812 3412 inter
1844 3363 2039 3426 audita,
2074 3367 2140 3416 K.
2179 3408 2242 3460 „5
2278 3369 2532 3425 iustitiam,

287 3437 420 3486 Rob.
471 3436 676 3495 iustitia,
700 3436 764 3485 Β.
817 3432 1028 3493 iusticia,
1053 3433 1101 3481 d.
1154 3430 1388 3480 insanam
1411 3429 1736 3480 Romanorum
1757 3447 1894 3481 suam
1918 3449 2073 3497 susp„
2097 3436 2163 3485 K.
2201 3475 2264 3484 .-
2293 3452 2460 3499 pares,
2485 3439 2531 3485 d.

281 3503 445 3566 paris,
468 3505 531 3554 Β.
564 3501 698 3566 pari,
720 3503 851 3551 Rob.
891 3541 955 3549 -.
975 3499 1153 3563 factos
1179 3507 1240 3559 et,
1265 3499 1297 3546 d
1321 3495 1508 3559 (Βοὴ.)
1527 3498 1699 3562 factos
1724 3515 1799 3560 ex,
1824 3501 1914 3549 R'2.
1937 3500 2085 3564 facto
2108 3517 2184 3562 ex,
2206 3503 2297 3552 R'.
2325 3543 2389 3550 -.
2422 3501 2533 3552 Ra-

289 3568 461 3629 chaia‚
484 3571 548 3619 Β.
587 3609 650 3618 .-
688 3567 782 3629 his,
814 3569 947 3618 Βοὴ.
986 3607 1049 3615 -
1085 3562 1488 3627 Palaesimundo,
1522 3567 1656 3615 Pint.
1691 3567 1798 3616 Rd.
1844 3567 2214 3630 Palesimundo,
2241 3565 2301 3630 β.
2345 3568 2533 3619 Pelesi-

287 3636 483 3697 mundo,
514 3637 644 3686 Rob.
684 3676 747 3684 ..
784 3633 942 3698 reyia,
973 3635 1121 3684 RTd
1153 3631 1324 3696 (codd.
1359 3632 1577 3683 Salmas.
1604 3648 1768 3683 exerc.
1791 3648 1844 3698 p.
1874 3638 1984 3685 786.
2010 3636 2059 3684 ὴ.
2086 3634 2173 3698 Ο.)
2228 3635 2373 3700 reqio,
2399 3637 2532 3686 Rob.

288 3704 475 3769 reyiae,
498 3698 558 3764 β.
603 3705 802 3767 rafiam,
835 3715 871 3765 r
901 3703 1025 3750 vitio
1053 3716 1332 3765 operarum.
1371 3699 1611 3750 Ceterum
1634 3702 1764 3750 hacc
1784 3703 1951 3762 verba,
1988 3715 2117 3764 quae
2139 3717 2229 3766 per
2252 3718 2305 3752 se
2329 3705 2534 3766 quidem

287 3771 486 3820 nullam
508 3770 616 3819 vitii
641 3771 979 3832 suspicionem
1001 3776 1224 3826 movent,
1251 3768 1390 3816 omni
1421 3783 1562 3817 nexu
1585 3768 1917 3831 grammatico
1944 3784 2060 3817 cum
2085 3771 2425 3832 superioribus
2450 3786 2532 3820 ca-

288 3846 418 3899 rent,
436 3839 569 3886 unde
587 3838 764 3886 coniici
786 3837 935 3886 facile
952 3843 1138 3900 potest,
1159 3835 1409 3884 nonnulla
1425 3836 1511 3884 hic
1527 3850 1663 3900 pone
1685 3850 1866 3884 vocem
1890 3835 2172 3886 clarissimo
2191 3839 2453 3888 excidisse.
2468 3879 2532 3890 .-

290 3903 369 3964 M,
393 3906 645 3968 expunxit
667 3905 882 3954 Salmas.
1120 3906 1125 3911 ’

296 4006 301 4011 ·
358 3971 388 4033 ἓ
414 3979 494 4023 86.
539 3971 839 4022 CCCLXX
847 3970 905 4032 V,
937 3962 1136 4020 ROTd
1170 3966 1355 4032 (Rob.)
1404 3964 1663 4018 GCLXX
1672 3967 1728 4029 V,
1762 3963 1820 4030 β.
1857 4008 1922 4018 ..-.
1958 3971 2159 4033 ambitu,
2194 3972 2327 4022 Rob.
2376 3973 2533 4024 ambi-

290 4048 402 4098 tum,
425 4040 529 4089 Rd.
559 4080 622 4088 -
657 4036 1079 4099 Palesimundum,
1109 4038 1242 4088 Βοὴ.
1275 4032 1333 4098 β.
1372 4075 1436 4084 .-
1466 4046 1682 4100 pontum,
1715 4027 1772 4085 θ.
1811 4077 1875 4084 -.
1911 4037 2175 4099 artissimo,
2197 4042 2303 4090 Rd.
2341 4039 2532 4091 altissi-

289 4122 379 4168 mo,
403 4108 536 4156 Rob.
584 4106 869 4165 arctissimo,
891 4101 994 4170 βγ.
1033 4145 1097 4155 -.
1133 4103 1496 4170 septena-iones,
1519 4095 1714 4154 ΒθΤᾱ
1738 4100 1923 4167 (Βοὴ.)
1965 4108 2350 4170 septentrionem,
2372 4103 2430 4170 β.
2468 4148 2531 4158 .-

289 4184 513 4300 zacchar,
536 4176 641 4226 Td.
661 4215 725 4224 -
748 4171 1007 4235 Coliacum,
1029 4173 1165 4223 Pint.
1190 4174 1255 4222 ad
1272 4172 1400 4223 Mel.
1418 4169 1517 4221 111.
1540 4174 1585 4233 7,
1606 4176 1652 4221 5.
1689 4169 2006 4223 Confirmant
2023 4166 2241 4226 ΒΘΤᾱ.
2276 4174 2533 4240 Οοίαίονω,

337 4275 349 4289 .
390 4281 452 4290 .-
488 4242 770 4302 incurrente,
794 4243 898 4291 Td.
2513 4249 2519 4254 '

360 4306 389 4367 ξ
416 4314 499 4358 87.
543 4310 609 4372 in,
631 4310 721 4359 Rd
754 4306 944 4371 (Βοὴ.)
982 4349 1039 4357 ..
1063 4308 1374 4372 fructicosis,
1398 4308 1466 4357 Τ.

290 4375 444 4423 Ριηῑ.
479 4376 521 4424 Ι.
2047 4373 2127 4438 28
