2961 4861
344 322 467 391 138
1035 341 1444 392 nArunAms
1488 342 1880 392 msromxs

342 495 552 560 tillans
605 496 1060 560 transcucurrit
1112 496 1262 559 solis
1314 518 1544 560 occasu
1595 495 1677 560 L.
1722 494 1980 560 Valerio
2032 492 2111 559 C.
2155 494 2368 561 Mario
2422 521 2573 563 con-

341 594 607 660 sulibus.

425 693 731 762 XXXV.
806 697 910 762 35.
967 694 1323 761 Scintillam
1376 720 1413 761 e
1464 697 1650 764 stella
1700 698 1933 762 cadere
1976 710 2043 762 et
2091 698 2314 783 augeri
2370 711 2575 763 terrae

341 796 960 882 adpropinquantem
1002 820 1077 863 ac
1130 809 1470 884 postquam
1521 800 1714 864 lunae
1770 799 2212 885 magnitudine
2264 800 2440 865 facta
2491 801 2578 865 sit

339 897 647 963 inluxisse
691 922 813 966 ceu
853 900 1070 965 nubilo
1112 900 1218 964 die
1240 948 1260 977 ‚
1316 900 1466 965 dein
1521 924 1669 966 cum
1724 902 1793 964 in
1847 902 2097 967 caelum
2149 923 2221 965 se
2260 900 2579 986 reciperet

339 998 701 1083 lampadem
762 1001 1001 1065 factam
1025 1048 1044 1078 ‚
1122 1000 1321 1065 semel
1381 1022 1685 1083 umquam
1748 1001 2042 1085 proditur
2103 998 2228 1065 Cn.
2296 998 2578 1066 Octavio

344 1095 424 1163 C.
491 1096 824 1165 Scribonio
882 1100 1267 1166 consulibus.
1352 1099 1542 1166 Vidit
1595 1100 1665 1164 id
1724 1098 1984 1167 Silanus
2038 1102 2379 1187 proconsul
2429 1124 2577 1165 cum

341 1201 649 1265 comitatu
693 1223 828 1266 suo.

426 1299 769 1367 XXXVI.
833 1303 937 1366 36.
981 1301 1159 1367 Fieri
1201 1301 1507 1367 videntur
1549 1314 1617 1366 et
1658 1301 1988 1367 discursus
2027 1302 2355 1367 stellarum
2387 1325 2575 1367 num·

341 1423 536 1484 quam
579 1414 839 1486 temere,
882 1412 959 1467 ut
999 1425 1127 1467 non
1169 1425 1252 1466 ex
1294 1425 1372 1467 ea
1410 1412 1596 1486 parte
1642 1414 1853 1468 truces
1895 1402 2073 1468 venti
2115 1404 2493 1469 cooriantur.

425 1500 802 1568 XXXVII.
869 1503 972 1567 37.
1016 1502 1361 1567 Exsistunt
1386 1503 1608 1568 stellae
1637 1516 1704 1568 et
1733 1504 1802 1566 in
1839 1504 1999 1567 mari
2043 1505 2378 1587 terrisque.
2422 1503 2578 1568 Vidi
2607 1524 2702 1567 101

341 1602 670 1667 nocturnis
711 1603 989 1668 militum
1028 1603 1266 1691 vigiliis
1306 1603 1637 1668 inhaerere
1664 1604 1838 1689 ‚pilis
1886 1626 2006 1691 pro
2048 1606 2215 1671 vallo
2257 1606 2580 1693 fulgorem

344 1702 562 1789 effigie
593 1725 691 1783 ea,
736 1714 802 1769 et
838 1704 1154 1770 antemnis
1196 1705 1638 1793 navigantium
1680 1706 1946 1790 aliisque
1986 1706 2248 1771 navium
2288 1707 2579 1793 partibus

345 1825 468 1868 ceu
507 1804 712 1869 vocali
754 1804 1032 1888 quodam
1075 1827 1232 1870 sono
1272 1806 1579 1869 insistunt
1615 1815 1693 1869 ut
1731 1806 2024 1872 volucres
2065 1808 2287 1873 sedem
2316 1831 2399 1873 ex
2428 1808 2580 1872 sede

343 1913 698 1981 mutantes3
743 1927 976 1990 graves
999 1953 1018 1983 ,
1065 1928 1213 1970 cum
1255 1906 1574 1971 solitariae
1617 1929 1852 1973 venere
1866 1956 1887 1984 ,
1931 1920 2420 1995 mergentesque
2461 1931 2577 1973 na-

345 2002 523 2090 vigia
572 2013 639 2067 et
694 2003 749 2067 si
803 2005 872 2067 in
925 2006 1177 2070 carinae
1225 2006 1356 2069 ima
1397 2006 1755 2071 deciderint
1775 2056 1794 2085 ‚
1854 2020 2195 2075 exurentes
2211 2036 2230 2088 3
2288 2010 2581 2097 geminae

345 2114 562 2168 autem
605 2103 915 2169 salutares
958 2116 1025 2169 et
1064 2105 1354 2193 prosperi
1398 2128 1627 2171 cursus
1667 2110 2104 2193 praenuntiae,
2151 2133 2422 2194 quarum
2463 2110 2579 2174 ad·

344 2215 545 2270 ventu
571 2205 785 2293 fugari
814 2205 1016 2270 diram
1057 2206 1232 2272 illam
1272 2228 1351 2271 ac
1389 2207 1704 2272 minacem
1731 2210 2240 2295 appellatamque
2266 2212 2583 2277 Helenam

348 2305 586 2371 ferunt.
656 2304 749 2369 Et
813 2306 895 2372 ob
957 2306 1026 2370 id
1078 2305 1327 2372 Polluci
1391 2317 1458 2371 et
1514 2304 1773 2372 Castori
1828 2309 1898 2372 id
1952 2333 2184 2376 nomen
2239 2311 2585 2400 adsignant

350 2429 590 2492 eosque
632 2407 701 2472 in
741 2409 903 2474 mari
944 2409 1103 2475 deos
1144 2409 1463 2474 invocant.
1522 2407 1876 2474 Hominum
1917 2434 2174 2497 quoque
2216 2414 2429 2500 capita
2466 2437 2582 2480 ve·

351 2510 654 2596 spertinis
694 2533 929 2599 magno
970 2511 1310 2598 praesagio
1353 2511 1877 2600 circumfulgent3
1943 2515 2158 2578 omnia
2196 2515 2440 2580 incerta
2478 2538 2585 2580 ra-

355 2611 528 2675 tione
573 2621 639 2673 et
678 2610 748 2674 in
788 2622 1055 2676 naturae
1097 2612 1428 2677 maiestate
1471 2612 1710 2677 abdita.
1926 2668 1931 2675 .

436 2707 847 2774 XXXVIII.
923 2711 1026 2775 38.
1085 2710 1424 2777 Hactenus
1478 2713 1564 2779 de
1621 2714 1861 2779 mundo
1911 2715 2054 2802 ipso
2107 2717 2582 2802 sideribusque3
2617 2734 2715 2779 102

424 2943 812 3004 transcucurrit,
854 2942 1059 2994 BTad.
1119 2944 1446 3006 transcurrit,
1487 2946 1532 2996 P
1575 2944 1839 3010 (Robert.)
1870 2943 1928 3010 β.
1977 2988 2039 2997 .-.
2085 2965 2330 3011 occasum,
2371 2951 2474 3000 Pa.
2523 2992 2585 2999 -

354 3030 381 3062 e
421 3010 593 3074 stella,
632 3012 763 3062 Pad
795 3009 1074 3075 (Robert.)
1131 3019 1178 3060 et
1213 3009 1386 3073 stella,
1426 3013 1491 3063 R.
1562 3022 1611 3061 et
1651 3010 1869 3076 stellam,
1921 3015 1982 3065 T.
2038 3056 2101 3065 -
2155 3017 2296 3067 lunae
2344 3018 2588 3082 maqnitu-

355 3077 495 3142 dine,
536 3083 611 3130 ad
645 3077 816 3141 (codd.
851 3078 1094 3141 Gelenii.)
1157 3078 1302 3129 lunae
1343 3078 1758 3143 maynitudinem‚
1799 3083 1862 3132 R.
1916 3083 1967 3132 in
2001 3080 2149 3132 lunae
2189 3082 2589 3147 maynitudinem,

352 3148 446 3198 Pr.
485 3188 548 3197 ...
578 3148 732 3209 facte,
756 3149 856 3198 R'.
897 3188 959 3197 .-.
997 3144 1263 3208 illussisse,
1289 3150 1335 3198 d.
1365 3187 1428 3197 ....
1454 3145 1554 3209 die,
1579 3150 1684 3199 BT
1700 3140 1798 3200 81>
1809 3151 1964 3198 adro
1981 3146 2246 3214 (Robert.)
2283 3150 2405 3213 diei,
2427 3147 2485 3214 β.
2524 3193 2587 3202 .-

352 3212 548 3275 deinde,
571 3215 631 3263 P.
670 3254 731 3263 ...
769 3231 877 3263 cum
898 3213 1051 3275 caelo,
1073 3214 1280 3266 Robert.
1307 3255 1370 3265 -.
1395 3213 1655 3278 receperit,
1679 3217 1738 3266 P.
1764 3258 1827 3266 .-.
1864 3232 2127 3280 nunquam,
2151 3219 2211 3268 P.
2240 3259 2304 3268 ..
2348 3216 2417 3280 C„
2443 3220 2588 3270 Rad.

356 3278 594 3341 Claudio,
618 3281 677 3330 P.
716 3320 778 3328 ...
817 3278 888 3342 id,
912 3281 1115 3332 RPST
1135 3274 1252 3331 Bar
1275 3279 1536 3345 (Robert.)
1573 3281 1677 3343 hoc,
1701 3279 1845 3350 ᾶβγ.
1885 3285 2001 3335 Om.
2026 3286 2226 3335 Richel.
2264 3326 2327 3335 ...
2364 3282 2589 3346 Silanus,

351 3346 506 3410 Pigh.
530 3347 699 3395 annal.
726 3351 773 3407 3,
797 3352 915 3396 294.
953 3347 1272 3398 Confirmant
1292 3350 1446 3402 RST
1463 3341 1600 3399 Odr.
1637 3346 1871 3411 Sillanus‚
1895 3352 2095 3402 nichel.
2140 3351 2326 3414 lianus,
2351 3370 2383 3402 a
2405 3350 2589 3414 (Rob.)

350 3411 587 3474 lucinius,
610 3413 671 3462 P.
706 3412 928 3463 Licinius
952 3410 1203 3478 Syllam-3,
1224 3410 1284 3475 β.
1323 3457 1387 3465 ...
1421 3434 1542 3477 cum,
1566 3418 1714 3468 Rad.
1752 3417 1823 3480 in,
1847 3419 1904 3468 P.
1940 3460 2004 3468 -
2041 3436 2233 3480 cursus,
2257 3421 2321 3470 Τ.
2361 3461 2422 3469 -
2460 3430 2590 3469 tene-

357 3479 425 3541 ri,
449 3481 509 3530 P.
548 3519 611 3527 .-
649 3486 815 3541 ventu,
838 3481 898 3530 P.
938 3519 1001 3528 ...
1038 3496 1132 3544 quo
1157 3481 1403 3542 oriantur,
1425 3485 1489 3532 R.

424 3546 453 3607 5
483 3551 595 3596 101.
631 3544 866 3595 Ετίεωηε
898 3544 1089 3606 stellae,
1119 3548 1228 3598 Rd.
1272 3546 1357 3597 Ex
1388 3546 1466 3597 his
1492 3557 1599 3599 tunc
1631 3549 1817 3613 stellae,
1855 3568 1903 3601 a.
1954 3550 2038 3600 E:
2071 3550 2153 3601 his
2186 3563 2300 3603 tunc
2326 3552 2591 3618 procellas,

354 3615 480 3665 Phr
503 3610 750 3674 (Robert.,
774 3613 993 3665 carbon.
1028 3622 1081 3663 et
1110 3614 1197 3663 alii
1230 3630 1311 3680 ap.
1345 3614 1595 3678 Bezzon.)
1628 3618 1860 3682 procella,
1885 3634 1932 3668 σ.
1971 3660 2033 3668 ...
2065 3620 2211 3684 pilos,
2235 3622 2295 3671 P.
2336 3661 2397 3670 ...
2418 3621 2591 3688 sulyo·

356 3697 473 3743 rem,
505 3684 609 3733 Rd.
638 3679 912 3748 sulyurem,
954 3681 1014 3730 P.
1054 3677 1338 3744 sulyurum,
1373 3684 1516 3734 Kar.
1564 3723 1627 3734 ..
1672 3685 1872 3752 effiyies.
1919 3684 2047 3747 Eae,
2079 3688 2178 3737 Kr.
2226 3729 2288 3736 -
2336 3688 2591 3747 antemnis,

357 3751 503 3801 Bac.
553 3749 799 3810 antennis,
831 3749 891 3797 P.
943 3786 1003 3795 ....
1050 3745 1220 3797 sedere
1256 3764 1282 3796 e
1323 3748 1457 3809 sede,
1489 3753 1551 3801 P.
1598 3792 1662 3801 ...
1710 3751 1957 3814 solitarie,
1991 3756 2049 3803 P.
2089 3795 2151 3803 ..
2188 3756 2257 3816 in,
2293 3769 2394 3805 om.
2429 3758 2488 3806 P.
2529 3795 2589 3804 ,-

353 3814 625 3877 decidunt,
663 3818 723 3866 P.
763 3856 826 3864 -
862 3814 1110 3876 salutare,
1143 3814 1240 3866 3¹.
1278 3856 1340 3865 ...
1375 3821 1739 3881 praenuntiae,
1771 3822 1836 3869 R.
1874 3823 2107 3882 nunciae,
2142 3821 2342 3872 TPad.
2381 3864 2443 3871 -
2482 3839 2590 3872 con-

357 3890 521 3941 ventu,
561 3884 622 3932 P.
680 3922 740 3931 ...
795 3880 990 3943 duram,
1022 3883 1083 3933 P.
1140 3923 1203 3932 ...
1254 3882 1456 3944 Polluci,
1498 3885 1562 3935 R.
1618 3925 1681 3934 ...
1736 3896 1783 3935 et
1829 3884 2045 3949 Castori,
2084 3889 2192 3939 PR
2229 3885 2285 3950 (e
2324 3888 2481 3952 corr.)
2534 3904 2594 3938 ac

359 3946 584 4011 Castori,
609 3951 656 3998 d.
692 3949 982 4011 accusawri,
1015 3966 1060 4000 a.
1101 3989 1164 3999 .-
1199 3966 1380 4013 nomen,
1405 3951 1560 4002 RPa.
1598 3966 1790 4015 numen,
1815 3950 1956 4017 ᾱβγ.
1985 3996 2046 4003 .-
2080 3952 2215 4016 deos,
2239 3958 2401 4006 omitt.
2422 3955 2591 4007 R¹a¹.

358 4017 478 4066 deos
513 4016 568 4065 in
592 4018 734 4077 mari,
759 4019 806 4067 d.
844 4058 906 4066 -
940 4027 1123 4078 vocant,
1152 4017 1233 4068 (1¹.
1270 4060 1332 4069 ..
1368 4016 1648 4081 Nominum,
1682 4021 1741 4070 P.
1780 4061 1841 4070 ..
1877 4022 2193 4085 vespertinis,
2227 4021 2592 4076 RTPSa¹d¹.

360 4083 662 4200 uespertjitti‘s
694 4081 852 4202 garis,
886 4080 1141 4151 a²d²ssr.
1194 4086 1276 4136 Ita
1307 4101 1458 4151 saepe
1491 4086 1753 4137 matutinis
1784 4089 1908 4138 dicit
1941 4089 2073 4138 Plin.
2114 4130 2174 4138 ...
2197 4091 2408 4158 fialycnt,
2431 4092 2492 4142 P.
2530 4132 2590 4139 -

357 4150 604 4278 αὸξοῗόἐ.
638 4187 864 4279 acanus,
889 4220 953 4270 R.
992 4261 1052 4269 -
1090 4218 1270 4270 mundo
1292 4222 1410 4285 ipso,
1435 4222 1535 4272 BP
1551 4212 1724 4273 Oadr.
1773 4221 1880 4287 ipso
1902 4223 2094 4285 mundo,
2117 4220 2174 4285 β.
2215 4265 2274 4273 -
2313 4224 2595 4289 syderibus,
