<?xml version="1.0" encoding="UTF-8"?>
<!DOCTYPE html PUBLIC "-//W3C//DTD XHTML 1.0 Transitional//EN"
    "http://www.w3.org/TR/xhtml1/DTD/xhtml1-transitional.dtd">
<html xmlns="http://www.w3.org/1999/xhtml" xml:lang="en" lang="en">
 <head>
  <title>
</title>
<meta http-equiv="Content-Type" content="text/html;charset=utf-8" />
  <meta name='ocr-system' content='tesseract 3.04.00' />
  <meta name='ocr-capabilities' content='ocr_page ocr_carea ocr_par ocr_line ocrx_word'/>
</head>
<body>
  <div class='ocr_page' id='page_1' title='image "./cplinisecundina00sillgoog_0101.png"; bbox 0 0 2961 4861; ppageno 0'>
   <div class='ocr_carea' id='block_1_1' title="bbox 1182 368 2492 412">
    <p class='ocr_par' dir='ltr' id='par_1_1' title="bbox 1182 368 2492 412">
     <span class='ocr_line' id='line_1_1' title="bbox 1182 368 2492 412; baseline -0.001 0"><span class='ocrx_word' id='word_1_1' title='bbox 1182 368 1562 412; x_wconf 70' lang='lat' dir='ltr'><strong>PRAEFATIO.</strong></span> <span class='ocrx_word' id='word_1_2' title='bbox 2332 370 2492 412; x_wconf 82' lang='lat' dir='ltr'><strong>xle</strong></span> 
     </span>
    </p>
   </div>
   <div class='ocr_carea' id='block_1_2' title="bbox 178 516 2494 4381">
    <p class='ocr_par' dir='ltr' id='par_1_2' title="bbox 209 516 2494 699">
     <span class='ocr_line' id='line_1_2' title="bbox 212 516 2494 597; baseline 0 -18"><span class='ocrx_word' id='word_1_3' title='bbox 212 529 360 579; x_wconf 86' lang='lat' dir='ltr'><strong>tem</strong></span> <span class='ocrx_word' id='word_1_4' title='bbox 394 522 598 581; x_wconf 76' lang='lat' dir='ltr'><strong>vitulos</strong></span> <span class='ocrx_word' id='word_1_5' title='bbox 626 523 875 579; x_wconf 72' lang='lat' dir='ltr'><strong>marinos</strong></span> <span class='ocrx_word' id='word_1_6' title='bbox 903 520 1271 597; x_wconf 81' lang='lat' dir='ltr'><strong>provocavit;</strong></span> <span class='ocrx_word' id='word_1_7' title='bbox 1303 521 1399 581; x_wconf 88' lang='lat' dir='ltr'><strong>vel</strong></span> <span class='ocrx_word' id='word_1_8' title='bbox 1420 516 1525 592; x_wconf 89' lang='grc'><strong>32,</strong></span> <span class='ocrx_word' id='word_1_9' title='bbox 1551 518 1676 593; x_wconf 86' lang='grc'><strong>27.,</strong></span> <span class='ocrx_word' id='word_1_10' title='bbox 1707 520 1810 581; x_wconf 90' lang='lat' dir='ltr'><strong>ubi</strong></span> <span class='ocrx_word' id='word_1_11' title='bbox 1836 519 1923 577; x_wconf 89' lang='lat' dir='ltr'><strong>B¹</strong></span> <span class='ocrx_word' id='word_1_12' title='bbox 1952 522 2199 596; x_wconf 84' lang='lat' dir='ltr'><strong>vestigia</strong></span> <span class='ocrx_word' id='word_1_13' title='bbox 2222 541 2401 581; x_wconf 84' lang='lat' dir='ltr'><strong>verae</strong></span> <span class='ocrx_word' id='word_1_14' title='bbox 2432 531 2494 580; x_wconf 86' lang='lat' dir='ltr'><strong>et</strong></span> 
     </span>
     <span class='ocr_line' id='line_1_3' title="bbox 209 628 2491 699; baseline 0.002 -13"><span class='ocrx_word' id='word_1_15' title='bbox 209 629 285 687; x_wconf 88' lang='lat' dir='ltr'><strong>in</strong></span> <span class='ocrx_word' id='word_1_16' title='bbox 335 630 552 699; x_wconf 75' lang='lat' dir='ltr'><strong>ceteris</strong></span> <span class='ocrx_word' id='word_1_17' title='bbox 589 630 858 689; x_wconf 87' lang='lat' dir='ltr'><strong>omnibus</strong></span> <span class='ocrx_word' id='word_1_18' title='bbox 898 629 1066 688; x_wconf 87' lang='lat' dir='ltr'><strong>codd.</strong></span> <span class='ocrx_word' id='word_1_19' title='bbox 1112 635 1379 689; x_wconf 86' lang='lat' dir='ltr'><strong>servatae</strong></span> <span class='ocrx_word' id='word_1_20' title='bbox 1408 638 1471 689; x_wconf 89' lang='lat' dir='ltr'><strong>et</strong></span> <span class='ocrx_word' id='word_1_21' title='bbox 1497 649 1534 687; x_wconf 94' lang='lat' dir='ltr'><strong>a</strong></span> <span class='ocrx_word' id='word_1_22' title='bbox 1559 628 1903 688; x_wconf 88' lang='lat' dir='ltr'><strong>Dioscoride</strong></span> <span class='ocrx_word' id='word_1_23' title='bbox 1932 630 2311 689; x_wconf 86' lang='lat' dir='ltr'><strong>confirmatae</strong></span> <span class='ocrx_word' id='word_1_24' title='bbox 2341 633 2491 691; x_wconf 87' lang='lat' dir='ltr'><strong>scri·</strong></span> 
     </span>
    </p>

    <p class='ocr_par' dir='ltr' id='par_1_3' title="bbox 178 734 2493 4187">
     <span class='ocr_line' id='line_1_4' title="bbox 178 734 2490 815; baseline 0.001 -21"><span class='ocrx_word' id='word_1_25' title='bbox 178 810 185 813; x_wconf 11' lang='lat'>*</span> <span class='ocrx_word' id='word_1_26' title='bbox 210 745 457 813; x_wconf 84' lang='lat' dir='ltr'><strong>pturae</strong></span> <span class='ocrx_word' id='word_1_27' title='bbox 472 739 739 815; x_wconf 76' lang='lat' dir='ltr'><strong>friabilec</strong></span> <span class='ocrx_word' id='word_1_28' title='bbox 759 737 957 809; x_wconf 87' lang='lat' dir='ltr'><strong>habet,</strong></span> <span class='ocrx_word' id='word_1_29' title='bbox 981 755 1116 795; x_wconf 87' lang='lat' dir='ltr'><strong>cum</strong></span> <span class='ocrx_word' id='word_1_30' title='bbox 1135 735 1223 795; x_wconf 87' lang='grc' dir='ltr'><strong>Β2</strong></span> <span class='ocrx_word' id='word_1_31' title='bbox 1241 738 1434 814; x_wconf 88' lang='lat' dir='ltr'><strong>inepte</strong></span> <span class='ocrx_word' id='word_1_32' title='bbox 1455 738 1751 815; x_wconf 75' lang='lat' dir='ltr'><strong>scripserit</strong></span> <span class='ocrx_word' id='word_1_33' title='bbox 1763 740 2013 815; x_wconf 75' lang='lat' dir='ltr'><strong>sraqz‘les</strong></span> <span class='ocrx_word' id='word_1_34' title='bbox 2024 762 2048 807; x_wconf 91' lang='grc'><strong>,·</strong></span> <span class='ocrx_word' id='word_1_35' title='bbox 2077 739 2178 798; x_wconf 83' lang='lat' dir='ltr'><strong>vel</strong></span> <span class='ocrx_word' id='word_1_36' title='bbox 2198 734 2304 811; x_wconf 93' lang='grc'><strong>32,</strong></span> <span class='ocrx_word' id='word_1_37' title='bbox 2325 734 2490 814; x_wconf 85' lang='grc'><strong>128.,</strong></span> 
     </span>
     <span class='ocr_line' id='line_1_5' title="bbox 210 844 2492 924; baseline 0.001 -19"><span class='ocrx_word' id='word_1_38' title='bbox 210 847 337 905; x_wconf 86' lang='lat' dir='ltr'><strong>ubi</strong></span> <span class='ocrx_word' id='word_1_39' title='bbox 371 866 507 905; x_wconf 88' lang='lat' dir='ltr'><strong>cum</strong></span> <span class='ocrx_word' id='word_1_40' title='bbox 537 848 718 923; x_wconf 86' lang='lat' dir='ltr'><strong>vulgo</strong></span> <span class='ocrx_word' id='word_1_41' title='bbox 743 853 904 905; x_wconf 86' lang='lat' dir='ltr'><strong>recte</strong></span> <span class='ocrx_word' id='word_1_42' title='bbox 932 846 1219 904; x_wconf 81' lang='lat' dir='ltr'><strong>scribatur</strong></span> <span class='ocrx_word' id='word_1_43' title='bbox 1244 848 1622 924; x_wconf 77' lang='lat' dir='ltr'><strong>defervefacta</strong></span> <span class='ocrx_word' id='word_1_44' title='bbox 1635 889 1653 919; x_wconf 88' lang='lat'><strong>,</strong></span> <span class='ocrx_word' id='word_1_45' title='bbox 1693 844 1780 904; x_wconf 84' lang='grc' dir='ltr'><strong>Βι</strong></span> <span class='ocrx_word' id='word_1_46' title='bbox 1807 845 1929 904; x_wconf 84' lang='lat' dir='ltr'><strong>levi</strong></span> <span class='ocrx_word' id='word_1_47' title='bbox 1955 865 2157 906; x_wconf 87' lang='lat' dir='ltr'><strong>errore</strong></span> <span class='ocrx_word' id='word_1_48' title='bbox 2184 845 2363 906; x_wconf 88' lang='lat' dir='ltr'><strong>habet</strong></span> <span class='ocrx_word' id='word_1_49' title='bbox 2389 851 2492 908; x_wconf 77' lang='lat' dir='ltr'><strong>dc·</strong></span> 
     </span>
     <span class='ocr_line' id='line_1_6' title="bbox 197 953 2493 1034; baseline 0.001 -20"><span class='ocrx_word' id='word_1_50' title='bbox 197 960 582 1034; x_wconf 71' lang='lat' dir='ltr'><strong>serv-efacta,</strong></span> <span class='ocrx_word' id='word_1_51' title='bbox 613 956 772 1031; x_wconf 91' lang='lat' dir='ltr'><strong>quod</strong></span> <span class='ocrx_word' id='word_1_52' title='bbox 797 974 904 1031; x_wconf 85' lang='lat' dir='ltr'><strong>per</strong></span> <span class='ocrx_word' id='word_1_53' title='bbox 929 953 1016 1011; x_wconf 85' lang='grc' dir='ltr'><strong>Β2</strong></span> <span class='ocrx_word' id='word_1_54' title='bbox 1044 955 1199 1013; x_wconf 90' lang='lat' dir='ltr'><strong>male</strong></span> <span class='ocrx_word' id='word_1_55' title='bbox 1226 964 1320 1013; x_wconf 91' lang='lat' dir='ltr'><strong>est</strong></span> <span class='ocrx_word' id='word_1_56' title='bbox 1344 955 1765 1031; x_wconf 91' lang='lat' dir='ltr'><strong>interpolatum</strong></span> <span class='ocrx_word' id='word_1_57' title='bbox 1791 956 1852 1013; x_wconf 91' lang='lat' dir='ltr'><strong>in</strong></span> <span class='ocrx_word' id='word_1_58' title='bbox 1882 957 1952 1014; x_wconf 81' lang='lat' dir='ltr'><strong>de</strong></span> <span class='ocrx_word' id='word_1_59' title='bbox 1965 959 2140 1033; x_wconf 78' lang='lat' dir='ltr'><strong>farre</strong></span> <span class='ocrx_word' id='word_1_60' title='bbox 2155 960 2322 1032; x_wconf 82' lang='lat' dir='ltr'><strong>sacta</strong></span> <span class='ocrx_word' id='word_1_61' title='bbox 2333 978 2357 1025; x_wconf 82' lang='lat'><strong>‚-</strong></span> <span class='ocrx_word' id='word_1_62' title='bbox 2396 958 2493 1016; x_wconf 88' lang='lat' dir='ltr'><strong>vel</strong></span> 
     </span>
     <span class='ocr_line' id='line_1_7' title="bbox 212 1059 2488 1141; baseline -0 -17"><span class='ocrx_word' id='word_1_63' title='bbox 212 1060 350 1137; x_wconf 83' lang='lat'><strong>35,</strong></span> <span class='ocrx_word' id='word_1_64' title='bbox 387 1059 516 1136; x_wconf 71' lang='lat'><strong>38„</strong></span> <span class='ocrx_word' id='word_1_65' title='bbox 559 1064 663 1123; x_wconf 90' lang='lat' dir='ltr'><strong>ubi</strong></span> <span class='ocrx_word' id='word_1_66' title='bbox 700 1084 811 1141; x_wconf 94' lang='lat' dir='ltr'><strong>pro</strong></span> <span class='ocrx_word' id='word_1_67' title='bbox 840 1067 991 1123; x_wconf 81' lang='lat' dir='ltr'><strong>orcis</strong></span> <span class='ocrx_word' id='word_1_68' title='bbox 1017 1061 1103 1120; x_wconf 87' lang='lat' dir='ltr'><strong>B¹</strong></span> <span class='ocrx_word' id='word_1_69' title='bbox 1146 1063 1324 1122; x_wconf 87' lang='lat' dir='ltr'><strong>habet</strong></span> <span class='ocrx_word' id='word_1_70' title='bbox 1351 1066 1539 1134; x_wconf 75' lang='lat' dir='ltr'><strong>arcis,</strong></span> <span class='ocrx_word' id='word_1_71' title='bbox 1580 1062 1677 1122; x_wconf 83' lang='lat'><strong>13²</strong></span> <span class='ocrx_word' id='word_1_72' title='bbox 1707 1081 1784 1121; x_wconf 82' lang='lat' dir='ltr'><strong>ex</strong></span> <span class='ocrx_word' id='word_1_73' title='bbox 1810 1061 2253 1139; x_wconf 74' lang='lat' dir='ltr'><strong>interpolatione</strong></span> <span class='ocrx_word' id='word_1_74' title='bbox 2281 1068 2488 1127; x_wconf 78' lang='lat' dir='ltr'><strong>urceis.</strong></span> 
     </span>
     <span class='ocr_line' id='line_1_8' title="bbox 212 1172 2493 1247; baseline 0 -15"><span class='ocrx_word' id='word_1_75' title='bbox 212 1172 311 1232; x_wconf 88' lang='lat' dir='ltr'><strong>Et</strong></span> <span class='ocrx_word' id='word_1_76' title='bbox 352 1172 472 1231; x_wconf 88' lang='lat' dir='ltr'><strong>hae</strong></span> <span class='ocrx_word' id='word_1_77' title='bbox 512 1172 749 1247; x_wconf 88' lang='lat' dir='ltr'><strong>quidem</strong></span> <span class='ocrx_word' id='word_1_78' title='bbox 785 1173 1107 1231; x_wconf 89' lang='lat' dir='ltr'><strong>deteriores</strong></span> <span class='ocrx_word' id='word_1_79' title='bbox 1148 1172 1434 1230; x_wconf 88' lang='lat' dir='ltr'><strong>lectiones</strong></span> <span class='ocrx_word' id='word_1_80' title='bbox 1476 1190 1687 1231; x_wconf 90' lang='lat' dir='ltr'><strong>manus</strong></span> <span class='ocrx_word' id='word_1_81' title='bbox 1716 1173 2006 1231; x_wconf 87' lang='lat' dir='ltr'><strong>secundae</strong></span> <span class='ocrx_word' id='word_1_82' title='bbox 2035 1182 2198 1232; x_wconf 85' lang='lat' dir='ltr'><strong>ortae</strong></span> <span class='ocrx_word' id='word_1_83' title='bbox 2226 1182 2393 1247; x_wconf 85' lang='lat' dir='ltr'><strong>sunt,</strong></span> <span class='ocrx_word' id='word_1_84' title='bbox 2441 1174 2493 1233; x_wconf 89' lang='lat' dir='ltr'><strong>si</strong></span> 
     </span>
     <span class='ocr_line' id='line_1_9' title="bbox 215 1279 2489 1358; baseline 0.001 -18"><span class='ocrx_word' id='word_1_85' title='bbox 215 1282 383 1357; x_wconf 86' lang='lat' dir='ltr'><strong>quid</strong></span> <span class='ocrx_word' id='word_1_86' title='bbox 412 1281 611 1353; x_wconf 83' lang='lat' dir='ltr'><strong>video,</strong></span> <span class='ocrx_word' id='word_1_87' title='bbox 641 1299 719 1338; x_wconf 85' lang='lat' dir='ltr'><strong>ex</strong></span> <span class='ocrx_word' id='word_1_88' title='bbox 745 1279 958 1354; x_wconf 80' lang='lat' dir='ltr'><strong>glossis</strong></span> <span class='ocrx_word' id='word_1_89' title='bbox 985 1281 1411 1355; x_wconf 81' lang='lat' dir='ltr'><strong>marginalibus</strong></span> <span class='ocrx_word' id='word_1_90' title='bbox 1439 1279 1531 1339; x_wconf 92' lang='lat' dir='ltr'><strong>illi</strong></span> <span class='ocrx_word' id='word_1_91' title='bbox 1559 1280 1745 1339; x_wconf 87' lang='lat' dir='ltr'><strong>codici</strong></span> <span class='ocrx_word' id='word_1_92' title='bbox 1771 1280 2089 1358; x_wconf 84' lang='lat' dir='ltr'><strong>archetypo</strong></span> <span class='ocrx_word' id='word_1_93' title='bbox 2115 1283 2236 1340; x_wconf 90' lang='lat' dir='ltr'><strong>iam</strong></span> <span class='ocrx_word' id='word_1_94' title='bbox 2262 1283 2489 1342; x_wconf 83' lang='lat' dir='ltr'><strong>adscri-</strong></span> 
     </span>
     <span class='ocr_line' id='line_1_10' title="bbox 214 1388 2488 1467; baseline 0 -19"><span class='ocrx_word' id='word_1_95' title='bbox 214 1392 380 1467; x_wconf 88' lang='lat' dir='ltr'><strong>ptis,</strong></span> <span class='ocrx_word' id='word_1_96' title='bbox 403 1391 560 1449; x_wconf 90' lang='lat' dir='ltr'><strong>unde</strong></span> <span class='ocrx_word' id='word_1_97' title='bbox 573 1388 1025 1464; x_wconf 88' lang='lat' dir='ltr'><strong>Bambergensis</strong></span> <span class='ocrx_word' id='word_1_98' title='bbox 1053 1398 1146 1447; x_wconf 90' lang='lat' dir='ltr'><strong>est</strong></span> <span class='ocrx_word' id='word_1_99' title='bbox 1163 1390 1517 1465; x_wconf 77' lang='lat' dir='ltr'><strong>descriptae,</strong></span> <span class='ocrx_word' id='word_1_100' title='bbox 1541 1407 1687 1464; x_wconf 88' lang='lat' dir='ltr'><strong>quas</strong></span> <span class='ocrx_word' id='word_1_101' title='bbox 1707 1390 2003 1461; x_wconf 90' lang='lat' dir='ltr'><strong>librarius,</strong></span> <span class='ocrx_word' id='word_1_102' title='bbox 2026 1409 2101 1449; x_wconf 91' lang='lat' dir='ltr'><strong>ne</strong></span> <span class='ocrx_word' id='word_1_103' title='bbox 2122 1391 2264 1465; x_wconf 87' lang='lat' dir='ltr'><strong>quid</strong></span> <span class='ocrx_word' id='word_1_104' title='bbox 2284 1394 2488 1452; x_wconf 88' lang='lat' dir='ltr'><strong>arche-</strong></span> 
     </span>
     <span class='ocr_line' id='line_1_11' title="bbox 214 1497 2489 1577; baseline 0.001 -21"><span class='ocrx_word' id='word_1_105' title='bbox 214 1499 364 1577; x_wconf 81' lang='lat' dir='ltr'><strong>typi</strong></span> <span class='ocrx_word' id='word_1_106' title='bbox 401 1498 651 1575; x_wconf 88' lang='lat' dir='ltr'><strong>periret,</strong></span> <span class='ocrx_word' id='word_1_107' title='bbox 695 1497 820 1557; x_wconf 86' lang='lat' dir='ltr'><strong>sive</strong></span> <span class='ocrx_word' id='word_1_108' title='bbox 861 1498 1044 1556; x_wconf 88' lang='lat' dir='ltr'><strong>bonas</strong></span> <span class='ocrx_word' id='word_1_109' title='bbox 1085 1498 1211 1556; x_wconf 83' lang='lat' dir='ltr'><strong>sive</strong></span> <span class='ocrx_word' id='word_1_110' title='bbox 1249 1498 1439 1555; x_wconf 89' lang='lat' dir='ltr'><strong>malas</strong></span> <span class='ocrx_word' id='word_1_111' title='bbox 1466 1498 1716 1574; x_wconf 86' lang='lat' dir='ltr'><strong>repetiit.</strong></span> <span class='ocrx_word' id='word_1_112' title='bbox 1759 1498 1919 1557; x_wconf 88' lang='lat' dir='ltr'><strong>Hinc</strong></span> <span class='ocrx_word' id='word_1_113' title='bbox 1944 1500 2123 1559; x_wconf 88' lang='lat' dir='ltr'><strong>huius</strong></span> <span class='ocrx_word' id='word_1_114' title='bbox 2150 1519 2363 1559; x_wconf 89' lang='lat' dir='ltr'><strong>manus</strong></span> <span class='ocrx_word' id='word_1_115' title='bbox 2391 1520 2489 1561; x_wconf 87' lang='lat' dir='ltr'><strong>se·</strong></span> 
     </span>
     <span class='ocr_line' id='line_1_12' title="bbox 217 1606 2487 1687; baseline 0 -20"><span class='ocrx_word' id='word_1_116' title='bbox 217 1609 470 1667; x_wconf 86' lang='lat' dir='ltr'><strong>eundae</strong></span> <span class='ocrx_word' id='word_1_117' title='bbox 497 1608 617 1666; x_wconf 91' lang='lat' dir='ltr'><strong>duo</strong></span> <span class='ocrx_word' id='word_1_118' title='bbox 644 1625 865 1682; x_wconf 89' lang='lat' dir='ltr'><strong>genera</strong></span> <span class='ocrx_word' id='word_1_119' title='bbox 891 1606 1299 1678; x_wconf 87' lang='lat' dir='ltr'><strong>discernenda,</strong></span> <span class='ocrx_word' id='word_1_120' title='bbox 1344 1607 1601 1664; x_wconf 89' lang='lat' dir='ltr'><strong>alterum</strong></span> <span class='ocrx_word' id='word_1_121' title='bbox 1628 1608 2096 1667; x_wconf 79' lang='lat' dir='ltr'><strong>emendationum</strong></span> <span class='ocrx_word' id='word_1_122' title='bbox 2123 1628 2331 1668; x_wconf 90' lang='lat' dir='ltr'><strong>manus</strong></span> <span class='ocrx_word' id='word_1_123' title='bbox 2360 1611 2487 1687; x_wconf 89' lang='lat' dir='ltr'><strong>pri-</strong></span> 
     </span>
     <span class='ocr_line' id='line_1_13' title="bbox 216 1713 2488 1792; baseline 0 -17"><span class='ocrx_word' id='word_1_124' title='bbox 216 1735 370 1775; x_wconf 84' lang='lat' dir='ltr'><strong>mae</strong></span> <span class='ocrx_word' id='word_1_125' title='bbox 401 1715 627 1774; x_wconf 87' lang='lat' dir='ltr'><strong>calamo</strong></span> <span class='ocrx_word' id='word_1_126' title='bbox 655 1715 856 1792; x_wconf 84' lang='lat' dir='ltr'><strong>lapsae</strong></span> <span class='ocrx_word' id='word_1_127' title='bbox 871 1758 888 1786; x_wconf 91' lang='lat'>‚</span> <span class='ocrx_word' id='word_1_128' title='bbox 932 1717 1187 1773; x_wconf 89' lang='lat' dir='ltr'><strong>alterum</strong></span> <span class='ocrx_word' id='word_1_129' title='bbox 1215 1713 1508 1772; x_wconf 90' lang='lat' dir='ltr'><strong>malarum</strong></span> <span class='ocrx_word' id='word_1_130' title='bbox 1537 1715 1855 1772; x_wconf 86' lang='lat' dir='ltr'><strong>lectionum</strong></span> <span class='ocrx_word' id='word_1_131' title='bbox 1886 1723 1947 1772; x_wconf 86' lang='lat' dir='ltr'><strong>et</strong></span> <span class='ocrx_word' id='word_1_132' title='bbox 1971 1716 2488 1791; x_wconf 85' lang='lat' dir='ltr'><strong>interpolationum</strong></span> 
     </span>
     <span class='ocr_line' id='line_1_14' title="bbox 219 1822 2487 1900; baseline 0 -17"><span class='ocrx_word' id='word_1_133' title='bbox 219 1844 308 1884; x_wconf 85' lang='lat' dir='ltr'><strong>ex</strong></span> <span class='ocrx_word' id='word_1_134' title='bbox 332 1824 602 1900; x_wconf 82' lang='lat' dir='ltr'><strong>margine</strong></span> <span class='ocrx_word' id='word_1_135' title='bbox 617 1823 831 1882; x_wconf 83' lang='lat' dir='ltr'><strong>codicis</strong></span> <span class='ocrx_word' id='word_1_136' title='bbox 851 1823 1151 1900; x_wconf 85' lang='lat' dir='ltr'><strong>archetypi</strong></span> <span class='ocrx_word' id='word_1_137' title='bbox 1170 1823 1232 1880; x_wconf 90' lang='lat' dir='ltr'><strong>in</strong></span> <span class='ocrx_word' id='word_1_138' title='bbox 1245 1822 1742 1895; x_wconf 90' lang='lat' dir='ltr'><strong>Bambergensem</strong></span> <span class='ocrx_word' id='word_1_139' title='bbox 1765 1829 2290 1899; x_wconf 87' lang='lat' dir='ltr'><strong>transgressarum‚</strong></span> <span class='ocrx_word' id='word_1_140' title='bbox 2309 1843 2487 1899; x_wconf 87' lang='lat' dir='ltr'><strong>quam</strong></span> 
     </span>
     <span class='ocr_line' id='line_1_15' title="bbox 220 1929 2487 2011; baseline 0.001 -20"><span class='ocrx_word' id='word_1_141' title='bbox 220 1950 438 1991; x_wconf 87' lang='lat' dir='ltr'><strong>meam</strong></span> <span class='ocrx_word' id='word_1_142' title='bbox 479 1932 823 1990; x_wconf 79' lang='lat' dir='ltr'><strong>sententiam</strong></span> <span class='ocrx_word' id='word_1_143' title='bbox 851 1948 891 1989; x_wconf 87' lang='lat' dir='ltr'><strong>a</strong></span> <span class='ocrx_word' id='word_1_144' title='bbox 917 1947 1064 1989; x_wconf 87' lang='lat' dir='ltr'><strong>vero</strong></span> <span class='ocrx_word' id='word_1_145' title='bbox 1092 1947 1210 1988; x_wconf 91' lang='lat' dir='ltr'><strong>non</strong></span> <span class='ocrx_word' id='word_1_146' title='bbox 1237 1929 1557 1989; x_wconf 87' lang='lat' dir='ltr'><strong>abhorrere</strong></span> <span class='ocrx_word' id='word_1_147' title='bbox 1584 1930 1843 2008; x_wconf 79' lang='lat' dir='ltr'><strong>inprimis</strong></span> <span class='ocrx_word' id='word_1_148' title='bbox 1870 1931 2018 1990; x_wconf 84' lang='lat' dir='ltr'><strong>illud</strong></span> <span class='ocrx_word' id='word_1_149' title='bbox 2045 1935 2115 1992; x_wconf 80' lang='lat' dir='ltr'><strong>de</strong></span> <span class='ocrx_word' id='word_1_150' title='bbox 2128 1937 2302 2010; x_wconf 79' lang='lat' dir='ltr'><strong>farre</strong></span> <span class='ocrx_word' id='word_1_151' title='bbox 2316 1938 2487 2011; x_wconf 78' lang='lat' dir='ltr'><strong>facta</strong></span> 
     </span>
     <span class='ocr_line' id='line_1_16' title="bbox 221 2039 2485 2125; baseline 0 -24"><span class='ocrx_word' id='word_1_152' title='bbox 221 2044 453 2101; x_wconf 89' lang='lat' dir='ltr'><strong>docere</strong></span> <span class='ocrx_word' id='word_1_153' title='bbox 491 2040 756 2111; x_wconf 86' lang='lat' dir='ltr'><strong>videtur,</strong></span> <span class='ocrx_word' id='word_1_154' title='bbox 796 2040 954 2114; x_wconf 89' lang='lat' dir='ltr'><strong>quod</strong></span> <span class='ocrx_word' id='word_1_155' title='bbox 994 2040 1286 2114; x_wconf 81' lang='lat' dir='ltr'><strong>quomodo</strong></span> <span class='ocrx_word' id='word_1_156' title='bbox 1323 2040 1512 2125; x_wconf 86' lang='lat' dir='ltr'><strong>ipsam</strong></span> <span class='ocrx_word' id='word_1_157' title='bbox 1552 2039 1766 2098; x_wconf 89' lang='lat' dir='ltr'><strong>codicis</strong></span> <span class='ocrx_word' id='word_1_158' title='bbox 1802 2043 2104 2119; x_wconf 84' lang='lat' dir='ltr'><strong>archetypi</strong></span> <span class='ocrx_word' id='word_1_159' title='bbox 2131 2044 2485 2119; x_wconf 87' lang='lat' dir='ltr'><strong>scripturam</strong></span> 
     </span>
     <span class='ocr_line' id='line_1_17' title="bbox 225 2149 2486 2229; baseline 0.001 -19"><span class='ocrx_word' id='word_1_160' title='bbox 225 2150 534 2223; x_wconf 84' lang='lat' dir='ltr'><strong>exhibeat,</strong></span> <span class='ocrx_word' id='word_1_161' title='bbox 577 2168 749 2208; x_wconf 92' lang='lat' dir='ltr'><strong>nemo</strong></span> <span class='ocrx_word' id='word_1_162' title='bbox 778 2149 1245 2221; x_wconf 86' lang='lat' dir='ltr'><strong>demonstrabit,-</strong></span> <span class='ocrx_word' id='word_1_163' title='bbox 1259 2168 1392 2207; x_wconf 90' lang='lat' dir='ltr'><strong>cum</strong></span> <span class='ocrx_word' id='word_1_164' title='bbox 1424 2168 1554 2207; x_wconf 90' lang='lat' dir='ltr'><strong>eam</strong></span> <span class='ocrx_word' id='word_1_165' title='bbox 1581 2149 1777 2225; x_wconf 86' lang='lat' dir='ltr'><strong>potius</strong></span> <span class='ocrx_word' id='word_1_166' title='bbox 1805 2150 1869 2208; x_wconf 87' lang='lat' dir='ltr'><strong>in</strong></span> <span class='ocrx_word' id='word_1_167' title='bbox 1895 2154 2270 2229; x_wconf 68' lang='lat' dir='ltr'><strong>deserv-efacta</strong></span> <span class='ocrx_word' id='word_1_168' title='bbox 2295 2153 2486 2212; x_wconf 89' lang='lat' dir='ltr'><strong>inesse</strong></span> 
     </span>
     <span class='ocr_line' id='line_1_18' title="bbox 224 2257 2483 2336; baseline 0.001 -17"><span class='ocrx_word' id='word_1_169' title='bbox 224 2261 314 2319; x_wconf 88' lang='lat' dir='ltr'><strong>sit</strong></span> <span class='ocrx_word' id='word_1_170' title='bbox 355 2257 766 2319; x_wconf 87' lang='lat' dir='ltr'><strong>certissimum.</strong></span> <span class='ocrx_word' id='word_1_171' title='bbox 819 2259 907 2319; x_wconf 90' lang='lat' dir='ltr'><strong>Ut</strong></span> <span class='ocrx_word' id='word_1_172' title='bbox 943 2267 1140 2318; x_wconf 90' lang='lat' dir='ltr'><strong>tamen</strong></span> <span class='ocrx_word' id='word_1_173' title='bbox 1176 2259 1427 2317; x_wconf 89' lang='lat' dir='ltr'><strong>lectores</strong></span> <span class='ocrx_word' id='word_1_174' title='bbox 1466 2257 1643 2318; x_wconf 87' lang='lat' dir='ltr'><strong>huius</strong></span> <span class='ocrx_word' id='word_1_175' title='bbox 1685 2259 1954 2317; x_wconf 84' lang='lat' dir='ltr'><strong>editionis</strong></span> <span class='ocrx_word' id='word_1_176' title='bbox 1982 2262 2275 2333; x_wconf 86' lang='lat' dir='ltr'><strong>viderent,</strong></span> <span class='ocrx_word' id='word_1_177' title='bbox 2307 2280 2483 2336; x_wconf 87' lang='lat' dir='ltr'><strong>quam</strong></span> 
     </span>
     <span class='ocr_line' id='line_1_19' title="bbox 227 2366 2483 2447; baseline 0.002 -22"><span class='ocrx_word' id='word_1_178' title='bbox 227 2378 547 2428; x_wconf 84' lang='lat' dir='ltr'><strong>externam</strong></span> <span class='ocrx_word' id='word_1_179' title='bbox 592 2369 848 2446; x_wconf 87' lang='lat' dir='ltr'><strong>speciem</strong></span> <span class='ocrx_word' id='word_1_180' title='bbox 888 2376 1136 2444; x_wconf 88' lang='lat' dir='ltr'><strong>utraque</strong></span> <span class='ocrx_word' id='word_1_181' title='bbox 1176 2386 1386 2426; x_wconf 90' lang='lat' dir='ltr'><strong>manus</strong></span> <span class='ocrx_word' id='word_1_182' title='bbox 1425 2368 1488 2425; x_wconf 92' lang='lat' dir='ltr'><strong>in</strong></span> <span class='ocrx_word' id='word_1_183' title='bbox 1531 2368 1725 2426; x_wconf 89' lang='lat' dir='ltr'><strong>codice</strong></span> <span class='ocrx_word' id='word_1_184' title='bbox 1765 2366 2196 2445; x_wconf 87' lang='lat' dir='ltr'><strong>Bambergensi</strong></span> <span class='ocrx_word' id='word_1_185' title='bbox 2233 2389 2378 2447; x_wconf 90' lang='lat' dir='ltr'><strong>prae</strong></span> <span class='ocrx_word' id='word_1_186' title='bbox 2420 2389 2483 2429; x_wconf 91' lang='lat' dir='ltr'><strong>se</strong></span> 
     </span>
     <span class='ocr_line' id='line_1_20' title="bbox 223 2474 2482 2566; baseline 0.001 -29"><span class='ocrx_word' id='word_1_187' title='bbox 223 2478 441 2550; x_wconf 81' lang='lat' dir='ltr'><strong>ferret,</strong></span> <span class='ocrx_word' id='word_1_188' title='bbox 466 2478 803 2555; x_wconf 86' lang='lat' dir='ltr'><strong>exemplum</strong></span> <span class='ocrx_word' id='word_1_189' title='bbox 830 2479 967 2543; x_wconf 57' lang='lat' dir='ltr'><strong>eius⁴</strong></span> <span class='ocrx_word' id='word_1_190' title='bbox 983 2478 1264 2555; x_wconf 87' lang='lat' dir='ltr'><strong>proposui</strong></span> <span class='ocrx_word' id='word_1_191' title='bbox 1291 2477 1426 2536; x_wconf 91' lang='lat' dir='ltr'><strong>libri</strong></span> <span class='ocrx_word' id='word_1_192' title='bbox 1452 2475 1793 2536; x_wconf 87' lang='lat' dir='ltr'>XXXVII.</span> <span class='ocrx_word' id='word_1_193' title='bbox 1826 2480 1890 2547; x_wconf 77' lang='lat'><strong>§§</strong></span> <span class='ocrx_word' id='word_1_194' title='bbox 1921 2474 2299 2566; x_wconf 67' lang='lat' dir='ltr'>203-2Q5„</span> <span class='ocrx_word' id='word_1_195' title='bbox 2331 2498 2482 2554; x_wconf 88' lang='lat' dir='ltr'><strong>quae</strong></span> 
     </span>
     <span class='ocr_line' id='line_1_21' title="bbox 225 2586 2479 2661; baseline 0 -15"><span class='ocrx_word' id='word_1_196' title='bbox 225 2594 395 2646; x_wconf 82' lang='lat' dir='ltr'><strong>totae</strong></span> <span class='ocrx_word' id='word_1_197' title='bbox 432 2587 509 2645; x_wconf 89' lang='lat' dir='ltr'><strong>ad</strong></span> <span class='ocrx_word' id='word_1_198' title='bbox 544 2588 721 2645; x_wconf 89' lang='lat' dir='ltr'><strong>fidem</strong></span> <span class='ocrx_word' id='word_1_199' title='bbox 758 2587 921 2644; x_wconf 87' lang='lat' dir='ltr'><strong>illius</strong></span> <span class='ocrx_word' id='word_1_200' title='bbox 959 2595 1100 2645; x_wconf 83' lang='lat' dir='ltr'><strong>sunt</strong></span> <span class='ocrx_word' id='word_1_201' title='bbox 1135 2604 1468 2661; x_wconf 86' lang='lat' dir='ltr'><strong>expressae.</strong></span> <span class='ocrx_word' id='word_1_202' title='bbox 1511 2587 1583 2643; x_wconf 89' lang='lat' dir='ltr'><strong>In</strong></span> <span class='ocrx_word' id='word_1_203' title='bbox 1620 2586 1959 2645; x_wconf 83' lang='lat' dir='ltr'><strong>universum</strong></span> <span class='ocrx_word' id='word_1_204' title='bbox 1985 2595 2183 2645; x_wconf 89' lang='lat' dir='ltr'><strong>autem</strong></span> <span class='ocrx_word' id='word_1_205' title='bbox 2210 2589 2400 2647; x_wconf 86' lang='lat' dir='ltr'><strong>codex</strong></span> <span class='ocrx_word' id='word_1_206' title='bbox 2425 2589 2479 2647; x_wconf 92' lang='lat' dir='ltr'>B</span> 
     </span>
     <span class='ocr_line' id='line_1_22' title="bbox 226 2694 2478 2773; baseline 0.001 -19"><span class='ocrx_word' id='word_1_207' title='bbox 226 2696 484 2754; x_wconf 91' lang='lat' dir='ltr'><strong>summis</strong></span> <span class='ocrx_word' id='word_1_208' title='bbox 513 2695 827 2754; x_wconf 87' lang='lat' dir='ltr'><strong>virtutibus</strong></span> <span class='ocrx_word' id='word_1_209' title='bbox 855 2695 1087 2767; x_wconf 89' lang='lat' dir='ltr'><strong>eminet,</strong></span> <span class='ocrx_word' id='word_1_210' title='bbox 1118 2694 1440 2753; x_wconf 88' lang='lat' dir='ltr'><strong>innumeris</strong></span> <span class='ocrx_word' id='word_1_211' title='bbox 1467 2695 1615 2753; x_wconf 84' lang='lat' dir='ltr'><strong>locis</strong></span> <span class='ocrx_word' id='word_1_212' title='bbox 1643 2701 1750 2753; x_wconf 90' lang='lat' dir='ltr'><strong>aut</strong></span> <span class='ocrx_word' id='word_1_213' title='bbox 1775 2713 1975 2754; x_wconf 85' lang='lat' dir='ltr'><strong>veram</strong></span> <span class='ocrx_word' id='word_1_214' title='bbox 2005 2694 2352 2773; x_wconf 80' lang='lat' dir='ltr'><strong>scripturam</strong></span> <span class='ocrx_word' id='word_1_215' title='bbox 2383 2716 2478 2757; x_wconf 90' lang='lat' dir='ltr'><strong>so-</strong></span> 
     </span>
     <span class='ocr_line' id='line_1_23' title="bbox 221 2803 2476 2881; baseline 0.002 -19"><span class='ocrx_word' id='word_1_216' title='bbox 221 2805 327 2862; x_wconf 87' lang='lat' dir='ltr'><strong>lus</strong></span> <span class='ocrx_word' id='word_1_217' title='bbox 357 2803 593 2863; x_wconf 85' lang='lat' dir='ltr'><strong>exhibet</strong></span> <span class='ocrx_word' id='word_1_218' title='bbox 618 2814 725 2863; x_wconf 86' lang='lat' dir='ltr'><strong>aut</strong></span> <span class='ocrx_word' id='word_1_219' title='bbox 749 2805 960 2863; x_wconf 84' lang='lat' dir='ltr'><strong>leviter</strong></span> <span class='ocrx_word' id='word_1_220' title='bbox 989 2812 1298 2880; x_wconf 89' lang='lat' dir='ltr'><strong>corruptus</strong></span> <span class='ocrx_word' id='word_1_221' title='bbox 1327 2804 1606 2881; x_wconf 84' lang='lat' dir='ltr'><strong>originem</strong></span> <span class='ocrx_word' id='word_1_222' title='bbox 1637 2805 2003 2881; x_wconf 87' lang='lat' dir='ltr'><strong>corruptelae</strong></span> <span class='ocrx_word' id='word_1_223' title='bbox 2023 2812 2355 2865; x_wconf 88' lang='lat' dir='ltr'><strong>ceterorum</strong></span> <span class='ocrx_word' id='word_1_224' title='bbox 2380 2826 2476 2866; x_wconf 91' lang='lat' dir='ltr'><strong>co-</strong></span> 
     </span>
     <span class='ocr_line' id='line_1_24' title="bbox 224 2912 2478 2992; baseline 0.002 -22"><span class='ocrx_word' id='word_1_225' title='bbox 224 2913 429 2972; x_wconf 79' lang='lat' dir='ltr'><strong>dicum</strong></span> <span class='ocrx_word' id='word_1_226' title='bbox 469 2913 775 2990; x_wconf 86' lang='lat' dir='ltr'><strong>patefacit,</strong></span> <span class='ocrx_word' id='word_1_227' title='bbox 816 2912 1290 2989; x_wconf 88' lang='lat' dir='ltr'><strong>interpolationes</strong></span> <span class='ocrx_word' id='word_1_228' title='bbox 1328 2931 1537 2970; x_wconf 90' lang='lat' dir='ltr'><strong>eorum</strong></span> <span class='ocrx_word' id='word_1_229' title='bbox 1573 2913 1856 2985; x_wconf 85' lang='lat' dir='ltr'><strong>ostendit,</strong></span> <span class='ocrx_word' id='word_1_230' title='bbox 1896 2933 2083 2990; x_wconf 84' lang='lat' dir='ltr'><strong>parva</strong></span> <span class='ocrx_word' id='word_1_231' title='bbox 2120 2915 2478 2992; x_wconf 87' lang='lat' dir='ltr'><strong>glossemata</strong></span> 
     </span>
     <span class='ocr_line' id='line_1_25' title="bbox 224 2994 2474 3098; baseline 0.002 -20"><span class='ocrx_word' id='word_1_232' title='bbox 224 3039 310 3078; x_wconf 87' lang='lat' dir='ltr'><strong>ex</strong></span> <span class='ocrx_word' id='word_1_233' title='bbox 359 2994 654 3098; x_wconf 81' lang='lat' dir='ltr'><strong>asyndetis</strong></span> <span class='ocrx_word' id='word_1_234' title='bbox 703 3022 1071 3098; x_wconf 88' lang='lat' dir='ltr'><strong>potissimum</strong></span> <span class='ocrx_word' id='word_1_235' title='bbox 1133 3039 1253 3080; x_wconf 90' lang='lat' dir='ltr'><strong>non</strong></span> <span class='ocrx_word' id='word_1_236' title='bbox 1299 3021 1610 3080; x_wconf 88' lang='lat' dir='ltr'><strong>intellectis</strong></span> <span class='ocrx_word' id='word_1_237' title='bbox 1670 3030 1803 3079; x_wconf 89' lang='lat' dir='ltr'><strong>orta</strong></span> <span class='ocrx_word' id='word_1_238' title='bbox 1864 3030 2150 3081; x_wconf 83' lang='lat' dir='ltr'><strong>removet.</strong></span> <span class='ocrx_word' id='word_1_239' title='bbox 2235 3023 2331 3082; x_wconf 86' lang='lat' dir='ltr'><strong>Ne</strong></span> <span class='ocrx_word' id='word_1_240' title='bbox 2379 3035 2474 3083; x_wconf 91' lang='lat' dir='ltr'><strong>ta-</strong></span> 
     </span>
     <span class='ocr_line' id='line_1_26' title="bbox 224 3127 2474 3204; baseline 0.001 -17"><span class='ocrx_word' id='word_1_241' title='bbox 224 3148 367 3188; x_wconf 90' lang='lat' dir='ltr'><strong>men</strong></span> <span class='ocrx_word' id='word_1_242' title='bbox 416 3147 587 3188; x_wconf 89' lang='lat' dir='ltr'><strong>caeco</strong></span> <span class='ocrx_word' id='word_1_243' title='bbox 637 3130 833 3190; x_wconf 90' lang='lat' dir='ltr'><strong>studio</strong></span> <span class='ocrx_word' id='word_1_244' title='bbox 870 3148 1005 3189; x_wconf 91' lang='lat' dir='ltr'><strong>eum</strong></span> <span class='ocrx_word' id='word_1_245' title='bbox 1047 3147 1392 3204; x_wconf 88' lang='lat' dir='ltr'><strong>sequamur,</strong></span> <span class='ocrx_word' id='word_1_246' title='bbox 1442 3147 1561 3185; x_wconf 89' lang='lat' dir='ltr'><strong>non</strong></span> <span class='ocrx_word' id='word_1_247' title='bbox 1608 3129 1785 3185; x_wconf 92' lang='lat' dir='ltr'><strong>modo</strong></span> <span class='ocrx_word' id='word_1_248' title='bbox 1831 3127 2132 3203; x_wconf 87' lang='lat' dir='ltr'><strong>ingentem</strong></span> <span class='ocrx_word' id='word_1_249' title='bbox 2167 3149 2474 3189; x_wconf 88' lang='lat' dir='ltr'><strong>numerum</strong></span> 
     </span>
     <span class='ocr_line' id='line_1_27' title="bbox 223 3234 2476 3316; baseline 0 -20"><span class='ocrx_word' id='word_1_250' title='bbox 223 3256 499 3298; x_wconf 87' lang='lat' dir='ltr'><strong>errorum</strong></span> <span class='ocrx_word' id='word_1_251' title='bbox 538 3257 648 3315; x_wconf 91' lang='lat' dir='ltr'><strong>per</strong></span> <span class='ocrx_word' id='word_1_252' title='bbox 685 3239 1103 3316; x_wconf 87' lang='lat' dir='ltr'><strong>negligentiam</strong></span> <span class='ocrx_word' id='word_1_253' title='bbox 1139 3237 1361 3295; x_wconf 79' lang='lat' dir='ltr'><strong>librarii</strong></span> <span class='ocrx_word' id='word_1_254' title='bbox 1394 3243 1683 3308; x_wconf 35' lang='lat' dir='ltr'><strong>‚natorum</strong></span> <span class='ocrx_word' id='word_1_255' title='bbox 1724 3234 1931 3308; x_wconf 89' lang='lat' dir='ltr'><strong>habet,</strong></span> <span class='ocrx_word' id='word_1_256' title='bbox 1974 3256 2109 3295; x_wconf 91' lang='lat' dir='ltr'><strong>cum</strong></span> <span class='ocrx_word' id='word_1_257' title='bbox 2149 3246 2209 3297; x_wconf 90' lang='lat' dir='ltr'><strong>et</strong></span> <span class='ocrx_word' id='word_1_258' title='bbox 2247 3239 2476 3298; x_wconf 89' lang='lat' dir='ltr'><strong>litterae</strong></span> 
     </span>
     <span class='ocr_line' id='line_1_28' title="bbox 224 3341 2473 3419; baseline 0.002 -16"><span class='ocrx_word' id='word_1_259' title='bbox 224 3348 387 3403; x_wconf 87' lang='lat' dir='ltr'><strong>male</strong></span> <span class='ocrx_word' id='word_1_260' title='bbox 425 3348 788 3418; x_wconf 90' lang='lat' dir='ltr'><strong>omittantur,</strong></span> <span class='ocrx_word' id='word_1_261' title='bbox 829 3347 918 3404; x_wconf 90' lang='lat' dir='ltr'><strong>uti</strong></span> <span class='ocrx_word' id='word_1_262' title='bbox 958 3341 1061 3418; x_wconf 85' lang='lat'><strong>35,</strong></span> <span class='ocrx_word' id='word_1_263' title='bbox 1096 3341 1241 3403; x_wconf 90' lang='grc'><strong>142.</strong></span> <span class='ocrx_word' id='word_1_264' title='bbox 1279 3363 1389 3419; x_wconf 90' lang='lat' dir='ltr'><strong>pro</strong></span> <span class='ocrx_word' id='word_1_265' title='bbox 1421 3346 1483 3402; x_wconf 84' lang='lat' dir='ltr'><strong>in</strong></span> <span class='ocrx_word' id='word_1_266' title='bbox 1510 3354 1636 3403; x_wconf 83' lang='lat' dir='ltr'><strong>arte</strong></span> <span class='ocrx_word' id='word_1_267' title='bbox 1663 3345 1820 3402; x_wconf 90' lang='lat' dir='ltr'><strong>male</strong></span> <span class='ocrx_word' id='word_1_268' title='bbox 1847 3345 1907 3402; x_wconf 89' lang='lat' dir='ltr'><strong>in</strong></span> <span class='ocrx_word' id='word_1_269' title='bbox 1938 3364 2008 3403; x_wconf 91' lang='lat' dir='ltr'><strong>eo</strong></span> <span class='ocrx_word' id='word_1_270' title='bbox 2038 3348 2310 3406; x_wconf 89' lang='lat' dir='ltr'><strong>scribitur</strong></span> <span class='ocrx_word' id='word_1_271' title='bbox 2338 3351 2473 3419; x_wconf 80' lang='lat' dir='ltr'><strong>inte,</strong></span> 
     </span>
     <span class='ocr_line' id='line_1_29' title="bbox 226 3453 2469 3529; baseline 0.002 -19"><span class='ocrx_word' id='word_1_272' title='bbox 226 3461 291 3510; x_wconf 92' lang='lat' dir='ltr'><strong>et</strong></span> <span class='ocrx_word' id='word_1_273' title='bbox 315 3454 755 3513; x_wconf 85' lang='lat' dir='ltr'><strong>terminationes</strong></span> <span class='ocrx_word' id='word_1_274' title='bbox 785 3473 996 3514; x_wconf 83' lang='lat' dir='ltr'><strong>vocum</strong></span> <span class='ocrx_word' id='word_1_275' title='bbox 1024 3464 1265 3529; x_wconf 91' lang='lat' dir='ltr'><strong>propter</strong></span> <span class='ocrx_word' id='word_1_276' title='bbox 1292 3453 1732 3511; x_wconf 88' lang='lat' dir='ltr'><strong>similitudinem</strong></span> <span class='ocrx_word' id='word_1_277' title='bbox 1759 3454 1997 3512; x_wconf 90' lang='lat' dir='ltr'><strong>illarum</strong></span> <span class='ocrx_word' id='word_1_278' title='bbox 2020 3456 2469 3529; x_wconf 87' lang='lat' dir='ltr'><strong>confundantur,</strong></span> 
     </span>
     <span class='ocr_line' id='line_1_30' title="bbox 226 3555 2471 3638; baseline 0.003 -20"><span class='ocrx_word' id='word_1_279' title='bbox 226 3561 319 3618; x_wconf 89' lang='lat' dir='ltr'><strong>uti</strong></span> <span class='ocrx_word' id='word_1_280' title='bbox 348 3555 453 3632; x_wconf 87' lang='lat'><strong>35,</strong></span> <span class='ocrx_word' id='word_1_281' title='bbox 489 3556 632 3619; x_wconf 84' lang='lat'>141.</span> <span class='ocrx_word' id='word_1_282' title='bbox 674 3563 1036 3620; x_wconf 79' lang='lat' dir='ltr'><strong>Leontiscum</strong></span> <span class='ocrx_word' id='word_1_283' title='bbox 1063 3562 1308 3621; x_wconf 79' lang='lat' dir='ltr'><strong>Aratum</strong></span> <span class='ocrx_word' id='word_1_284' title='bbox 1345 3561 1404 3620; x_wconf 89' lang='lat' dir='ltr'><strong>in</strong></span> <span class='ocrx_word' id='word_1_285' title='bbox 1446 3580 1518 3620; x_wconf 90' lang='lat' dir='ltr'><strong>eo</strong></span> <span class='ocrx_word' id='word_1_286' title='bbox 1559 3563 1773 3637; x_wconf 89' lang='lat' dir='ltr'><strong>legitur</strong></span> <span class='ocrx_word' id='word_1_287' title='bbox 1807 3582 1917 3638; x_wconf 88' lang='lat' dir='ltr'><strong>pro</strong></span> <span class='ocrx_word' id='word_1_288' title='bbox 1944 3565 2283 3626; x_wconf 74' lang='lat' dir='ltr'><strong>Leontiscus</strong></span> <span class='ocrx_word' id='word_1_289' title='bbox 2311 3566 2471 3625; x_wconf 81' lang='lat' dir='ltr'><strong>Ara-</strong></span> 
     </span>
     <span class='ocr_line' id='line_1_31' title="bbox 228 3669 2472 3742; baseline 0.003 -16"><span class='ocrx_word' id='word_1_290' title='bbox 228 3678 368 3742; x_wconf 81' lang='lat' dir='ltr'><strong>tum,</strong></span> <span class='ocrx_word' id='word_1_291' title='bbox 415 3687 622 3727; x_wconf 85' lang='lat' dir='ltr'><strong>verum</strong></span> <span class='ocrx_word' id='word_1_292' title='bbox 652 3669 827 3727; x_wconf 89' lang='lat' dir='ltr'><strong>etiam</strong></span> <span class='ocrx_word' id='word_1_293' title='bbox 854 3669 1183 3740; x_wconf 80' lang='lat' dir='ltr'><strong>maioribus</strong></span> <span class='ocrx_word' id='word_1_294' title='bbox 1198 3671 1441 3730; x_wconf 85' lang='lat' dir='ltr'><strong>subinde</strong></span> <span class='ocrx_word' id='word_1_295' title='bbox 1469 3672 1625 3729; x_wconf 81' lang='lat' dir='ltr'><strong>vitiis</strong></span> <span class='ocrx_word' id='word_1_296' title='bbox 1653 3671 1903 3731; x_wconf 85' lang='lat' dir='ltr'><strong>laborat.</strong></span> <span class='ocrx_word' id='word_1_297' title='bbox 1960 3674 2119 3731; x_wconf 87' lang='lat' dir='ltr'><strong>Nam</strong></span> <span class='ocrx_word' id='word_1_298' title='bbox 2159 3682 2217 3732; x_wconf 89' lang='lat' dir='ltr'><strong>et</strong></span> <span class='ocrx_word' id='word_1_299' title='bbox 2254 3674 2472 3732; x_wconf 84' lang='lat' dir='ltr'><strong>multas</strong></span> 
     </span>
     <span class='ocr_line' id='line_1_32' title="bbox 230 3777 2473 3854; baseline 0.003 -19"><span class='ocrx_word' id='word_1_300' title='bbox 230 3777 594 3854; x_wconf 85' lang='lat' dir='ltr'><strong>corruptelas</strong></span> <span class='ocrx_word' id='word_1_301' title='bbox 622 3778 698 3835; x_wconf 90' lang='lat' dir='ltr'><strong>ad</strong></span> <span class='ocrx_word' id='word_1_302' title='bbox 726 3778 998 3837; x_wconf 86' lang='lat' dir='ltr'><strong>maiorem</strong></span> <span class='ocrx_word' id='word_1_303' title='bbox 1029 3788 1275 3838; x_wconf 88' lang='lat' dir='ltr'><strong>aetatem</strong></span> <span class='ocrx_word' id='word_1_304' title='bbox 1304 3782 1636 3839; x_wconf 86' lang='lat' dir='ltr'><strong>recedentes</strong></span> <span class='ocrx_word' id='word_1_305' title='bbox 1664 3782 1860 3853; x_wconf 88' lang='lat' dir='ltr'><strong>habet,</strong></span> <span class='ocrx_word' id='word_1_306' title='bbox 1890 3783 1979 3840; x_wconf 91' lang='lat' dir='ltr'><strong>uti</strong></span> <span class='ocrx_word' id='word_1_307' title='bbox 2007 3778 2113 3853; x_wconf 88' lang='grc'><strong>32,</strong></span> <span class='ocrx_word' id='word_1_308' title='bbox 2141 3777 2200 3841; x_wconf 87' lang='grc'><strong>5.</strong></span> <span class='ocrx_word' id='word_1_309' title='bbox 2228 3794 2473 3842; x_wconf 80' lang='lat' dir='ltr'><strong>ventrem</strong></span> 
     </span>
     <span class='ocr_line' id='line_1_33' title="bbox 230 3886 2472 3969; baseline 0.004 -27"><span class='ocrx_word' id='word_1_310' title='bbox 230 3903 339 3960; x_wconf 91' lang='lat' dir='ltr'><strong>pro</strong></span> <span class='ocrx_word' id='word_1_311' title='bbox 379 3887 644 3946; x_wconf 82' lang='lat' dir='ltr'><strong>Venerem</strong></span> <span class='ocrx_word' id='word_1_312' title='bbox 684 3906 819 3946; x_wconf 90' lang='lat' dir='ltr'><strong>cum</strong></span> <span class='ocrx_word' id='word_1_313' title='bbox 862 3889 1118 3947; x_wconf 90' lang='lat' dir='ltr'><strong>secunda</strong></span> <span class='ocrx_word' id='word_1_314' title='bbox 1158 3888 1403 3947; x_wconf 86' lang='lat' dir='ltr'><strong>lectione</strong></span> <span class='ocrx_word' id='word_1_315' title='bbox 1444 3892 1776 3961; x_wconf 80' lang='lat' dir='ltr'><strong>invenerim,</strong></span> <span class='ocrx_word' id='word_1_316' title='bbox 1820 3886 1925 3962; x_wconf 84' lang='lat'><strong>32,</strong></span> <span class='ocrx_word' id='word_1_317' title='bbox 1969 3886 2070 3948; x_wconf 92' lang='grc'><strong>13.</strong></span> <span class='ocrx_word' id='word_1_318' title='bbox 2101 3893 2322 3967; x_wconf 75' lang='lat' dir='ltr'><strong>pithiae</strong></span> <span class='ocrx_word' id='word_1_319' title='bbox 2360 3910 2472 3969; x_wconf 90' lang='lat' dir='ltr'><strong>pro</strong></span> 
     </span>
     <span class='ocr_line' id='line_1_34' title="bbox 229 3994 2470 4073; baseline 0.003 -21"><span class='ocrx_word' id='word_1_320' title='bbox 229 3996 502 4067; x_wconf 76' lang='lat' dir='ltr'><strong>anthiam,</strong></span> <span class='ocrx_word' id='word_1_321' title='bbox 533 3996 691 4071; x_wconf 88' lang='lat' dir='ltr'><strong>quod</strong></span> <span class='ocrx_word' id='word_1_322' title='bbox 719 3997 830 4056; x_wconf 84' lang='lat' dir='ltr'><strong>viri</strong></span> <span class='ocrx_word' id='word_1_323' title='bbox 856 3997 1009 4056; x_wconf 88' lang='lat' dir='ltr'><strong>docti</strong></span> <span class='ocrx_word' id='word_1_324' title='bbox 1041 4016 1116 4055; x_wconf 85' lang='lat' dir='ltr'><strong>ex</strong></span> <span class='ocrx_word' id='word_1_325' title='bbox 1143 3995 1359 4056; x_wconf 83' lang='lat' dir='ltr'><strong>Ovidio</strong></span> <span class='ocrx_word' id='word_1_326' title='bbox 1388 3999 1612 4055; x_wconf 89' lang='lat' dir='ltr'><strong>dudum</strong></span> <span class='ocrx_word' id='word_1_327' title='bbox 1641 4008 2050 4073; x_wconf 89' lang='lat' dir='ltr'><strong>reposuerunt,</strong></span> <span class='ocrx_word' id='word_1_328' title='bbox 2094 3995 2200 4072; x_wconf 83' lang='grc'><strong>32,</strong></span> <span class='ocrx_word' id='word_1_329' title='bbox 2234 3994 2335 4058; x_wconf 87' lang='grc'><strong>63.</strong></span> <span class='ocrx_word' id='word_1_330' title='bbox 2364 4020 2470 4058; x_wconf 90' lang='lat' dir='ltr'><strong>no-</strong></span> 
     </span>
     <span class='ocr_line' id='line_1_35' title="bbox 231 4100 2469 4187; baseline 0.003 -25"><span class='ocrx_word' id='word_1_331' title='bbox 231 4121 350 4162; x_wconf 80' lang='lat' dir='ltr'><strong>men</strong></span> <span class='ocrx_word' id='word_1_332' title='bbox 401 4107 665 4165; x_wconf 64' lang='lat' dir='ltr'><strong>creatura</strong></span> <span class='ocrx_word' id='word_1_333' title='bbox 712 4125 823 4182; x_wconf 90' lang='lat' dir='ltr'><strong>pro</strong></span> <span class='ocrx_word' id='word_1_334' title='bbox 872 4109 1313 4177; x_wconf 78' lang='lat' dir='ltr'><strong>nomenclatura,</strong></span> <span class='ocrx_word' id='word_1_335' title='bbox 1365 4100 1470 4177; x_wconf 88' lang='lat'><strong>35,</strong></span> <span class='ocrx_word' id='word_1_336' title='bbox 1515 4102 1578 4163; x_wconf 87' lang='lat'><strong>4.</strong></span> <span class='ocrx_word' id='word_1_337' title='bbox 1617 4108 2039 4182; x_wconf 76' lang='lat' dir='ltr'><strong>fiqurabundus</strong></span> <span class='ocrx_word' id='word_1_338' title='bbox 2085 4111 2322 4168; x_wconf 77' lang='lat' dir='ltr'><strong>crimine</strong></span> <span class='ocrx_word' id='word_1_339' title='bbox 2361 4130 2469 4187; x_wconf 91' lang='lat' dir='ltr'><strong>pro</strong></span> 
     </span>
    </p>

    <p class='ocr_par' dir='ltr' id='par_1_4' title="bbox 223 4210 2468 4294">
     <span class='ocr_line' id='line_1_36' title="bbox 223 4210 2468 4294; baseline 0.003 -23"><span class='ocrx_word' id='word_1_340' title='bbox 223 4213 543 4287; x_wconf 75' lang='lat' dir='ltr'><strong>fiqurarum</strong></span> <span class='ocrx_word' id='word_1_341' title='bbox 572 4217 919 4289; x_wconf 79' lang='lat' dir='ltr'><strong>discrimine,</strong></span> <span class='ocrx_word' id='word_1_342' title='bbox 961 4210 1065 4288; x_wconf 85' lang='lat'><strong>35,</strong></span> <span class='ocrx_word' id='word_1_343' title='bbox 1102 4211 1243 4274; x_wconf 84' lang='lat'>144.</span> <span class='ocrx_word' id='word_1_344' title='bbox 1275 4217 1429 4274; x_wconf 83' lang='lat' dir='ltr'><strong>illam</strong></span> <span class='ocrx_word' id='word_1_345' title='bbox 1470 4234 1597 4274; x_wconf 82' lang='lat' dir='ltr'><strong>cum</strong></span> <span class='ocrx_word' id='word_1_346' title='bbox 1626 4234 1734 4291; x_wconf 86' lang='lat' dir='ltr'><strong>pro</strong></span> <span class='ocrx_word' id='word_1_347' title='bbox 1762 4217 2023 4290; x_wconf 76' lang='lat' dir='ltr'><strong>Iliacum,</strong></span> <span class='ocrx_word' id='word_1_348' title='bbox 2063 4223 2124 4274; x_wconf 89' lang='lat' dir='ltr'><strong>et</strong></span> <span class='ocrx_word' id='word_1_349' title='bbox 2149 4217 2468 4294; x_wconf 86' lang='lat' dir='ltr'><strong>glossema-</strong></span> 
     </span>
    </p>

    <p class='ocr_par' dir='ltr' id='par_1_5' title="bbox 2009 4332 2061 4381">
     <span class='ocr_line' id='line_1_37' title="bbox 2009 4332 2061 4381; baseline 0 -2"><span class='ocrx_word' id='word_1_350' title='bbox 2009 4332 2061 4381; x_wconf 90' lang='lat' dir='ltr'>D</span> 
     </span>
    </p>
   </div>
  </div>
 </body>
</html>
