2961 4861
898 345 1039 393 mn.
1072 347 1147 392 11.
1206 345 1361 393 car.
1395 348 1516 394 xv,
1551 348 1699 395 xv1.
1765 347 1959 395 snc‘r.
1988 352 2055 395 13.
2473 331 2596 398 123

322 495 701 562 mantibus.
759 494 935 563 Huic
974 519 1262 564 connexa
1288 498 1701 564 latitudinum
1745 498 2035 587 signiferi
2078 499 2598 584 obliquitatisque
2624 522 2689 567 es

325 619 556 661 eausa
585 607 701 664 est.
751 596 882 661 Per
921 597 1093 663 hunc
1137 598 1355 663 stellae
1399 618 1559 682 quas
1603 599 1881 665 diximus
1926 600 2220 665 feruntur
2262 623 2383 666 nec
2424 600 2598 666 aliud

323 691 680 763 habitatur
721 698 787 762 in
833 696 1020 762 terris
1064 720 1257 782 quam
1311 699 1485 782 quod
1535 700 1628 764 illi
1672 700 1990 778 subiacet,
2044 700 2294 783 reliqua
2345 724 2384 765 a
2435 693 2599 787 polis

326 799 674 881 squalent.
748 795 1023 864 Veneris
1069 809 1315 863 tantum
1359 799 1543 866 stella
1586 801 1842 866 excedit
1885 823 2035 866 eum
2075 800 2244 866 binis
2286 801 2598 887 partibus,

329 921 523 982 quae
579 921 772 964 causa
821 899 1221 987 intellegitur
1274 900 1532 965 efficere
1584 909 1660 965 ut
1709 901 2024 985 quaedam
2075 902 2370 967 animalia
2414 913 2478 966 et
2531 903 2600 967 in

328 1000 632 1065 desertis
675 999 897 1065 mundi
939 1010 1302 1066 nascantur.
1375 998 1570 1066 Luna
1612 1003 1868 1086 quoque
1909 1024 2027 1088 per
2070 1012 2268 1067 totam
2309 999 2598 1068 latitudi-

328 1123 506 1167 nem
550 1101 687 1166 eius
730 1111 1005 1187 vagatur
1027 1147 1046 1177 ,
1105 1101 1223 1165 sed
1275 1101 1533 1170 omnino
1584 1123 1715 1168 non
1769 1104 2087 1169 excedens
2129 1125 2306 1180 eam3
2373 1103 2455 1169 ab
2497 1104 2600 1169 his

329 1199 652 1266 Mercuri
698 1201 880 1265 stella
919 1202 1243 1267 laxissime
1265 1251 1284 1283 ,
1327 1213 1404 1268 ut
1443 1213 1656 1268 tamen
1700 1225 1735 1269 e
1780 1204 2095 1270 duodenis
2137 1202 2427 1291 partibus
2471 1205 2601 1291 (tot

332 1303 530 1368 enim
584 1311 735 1367 sunt
783 1301 1171 1392 latitudinis)
1225 1325 1354 1368 non
1406 1304 1681 1389 amplius
1735 1315 2000 1370 octonas
2051 1316 2341 1390 pererret
2389 1328 2600 1389 neque

330 1404 473 1468 has
516 1403 866 1487 aequaliter
908 1403 1026 1469 sed
1069 1405 1230 1469 duas
1271 1406 1486 1471 medio
1531 1407 1671 1471 eius
1717 1417 1782 1471 et
1825 1429 2022 1492 supra
2064 1417 2385 1491 quattuor,
2431 1407 2601 1471 infra

334 1504 538 1569 duas.
615 1501 731 1570 Sol
800 1504 1032 1569 deinde
1095 1504 1309 1570 medio
1368 1506 1574 1571 fertur
1624 1507 1792 1572 inter
1844 1508 2004 1574 duas
2056 1507 2258 1593 partis
2309 1507 2598 1571 flexuoso
2626 1526 2690 1573 67

336 1604 706 1669 draconum
747 1593 963 1670 meatu
1005 1605 1356 1689 inaequalis
1379 1655 1398 1684 ,
1452 1605 1687 1672 Martis
1744 1609 1927 1673 stella
1979 1619 2279 1692 quattuor
2331 1609 2597 1686 medias,

334 1706 529 1771 Iovis
581 1707 859 1771 mediam
911 1716 982 1772 'et
1034 1723 1231 1791 super
1284 1730 1425 1771 eam
1479 1707 1640 1772 duas
1663 1755 1682 1786 ,
1744 1706 2008 1773 Saturni
2060 1709 2312 1774 duabus
2351 1719 2430 1772 ut
2482 1708 2597 1774 sol.

335 1804 541 1871 Haec
584 1807 708 1871 erit
758 1807 1171 1872 latitudinum
1222 1809 1385 1872 ratio
1443 1809 1528 1871 ad
1579 1819 1869 1873 austrum
1921 1808 2447 1873 descendentium
2490 1819 2602 1873 aut

248 1913 249 1920 ’
338 1906 439 1971 ad
483 1907 848 1991 aquilonem
899 1907 1332 1973 subeuntium.
1404 1906 1553 1972 Hac
1609 1918 1899 1975 constare
1929 1907 2010 1973 et
2052 1909 2307 1973 tertiam
2335 1908 2520 1990 ,illam
2561 1929 2602 1974 a

343 2017 531 2071 terra
585 2007 1000 2072 subeuntium
1052 2009 1119 2072 in
1175 2007 1423 2073 caelum
1477 2019 1544 2074 et
1597 2009 1841 2094 pariter
1894 2009 2113 2073 scandi
2156 2031 2298 2074 eam
2341 2031 2599 2094 quoque

341 2099 824 2174 existumavere
852 2108 1142 2194 plerique
1171 2109 1355 2188 falso,
1403 2110 1515 2193 qui
1551 2121 1626 2175 ut
1669 2121 2097 2198 coarguantur
2125 2111 2470 2198 aperienda
2500 2119 2599 2175 est

342 2209 689 2294 suptilitas,
718 2210 1008 2275 inmensa
1051 2220 1117 2276 et
1158 2203 1362 2275 omnis
1418 2233 1528 2276 eas
1587 2210 1898 2297 conplexa
1956 2235 2200 2278 causas.
2279 2210 2601 2278 Convenit
2626 2233 2691 2277 ss

341 2310 570 2375 stellas
620 2311 689 2377 in
744 2333 981 2376 occasu
1030 2312 1395 2397 vespertino
1438 2334 1787 2397 proxumas
1832 2323 1975 2378 esse
2019 2324 2226 2379 terrae
2271 2322 2338 2377 et
2379 2312 2597 2375 altitu-

343 2412 506 2477 dine
561 2422 628 2477 et
685 2413 1023 2480 latitudine
1081 2424 1470 2496 exortusque
1524 2413 1876 2479 matutinos
1928 2414 1996 2478 in
2051 2413 2231 2480 initio
2289 2412 2600 2496 cuiusque

341 2513 493 2578 fieri
518 2561 537 2592 ,
595 2516 900 2581 stationes
941 2516 1010 2579 in
1054 2515 1282 2580 mediis
1323 2514 1736 2579 latitudinum
1778 2514 2061 2579 articulis
2084 2563 2101 2594 ,
2161 2536 2325 2599 quae
2367 2524 2601 2578 vocant

346 2615 671 2700 ecliptica.
740 2615 1022 2682 Perinde
1078 2616 1446 2682 confessum
1492 2625 1593 2681 est
1632 2624 1878 2680 motum
1917 2617 2139 2704 augeri
2183 2616 2488 2734 quamdiu
2527 2614 2601 2680 in
2677 2618 2686 2621 “

347 2717 568 2782 vicino
598 2717 726 2781 sint
754 2728 994 2797 terrae,
1029 2741 1176 2783 cum
1203 2692 1599 2783 abscedant
1579 2740 1648 2780 111
1676 2716 2107 2797 altitudinem,
2137 2718 2358 2784 minui.
2385 2714 2598 2798 Quae

344 2819 518 2884 ratio
559 2820 749 2885 lunae
798 2842 1099 2886 maxume
1152 2817 1651 2886 sublimitatibus
1705 2818 2115 2904 adprobatur.
2186 2821 2417 2907 Aeque
2468 2840 2599 2884 non

427 3023 457 3083 ἓ
483 3030 563 3075 66.
603 2976 891 3087 latitudine,
925 3027 988 3076 Τ.
1027 3067 1089 3076 .-
1128 2980 1352 3087 diximus,
1387 3026 1489 3076 Pa.
1538 3022 1760 3084 dicimus,
1785 3025 1946 3075 R'rd.
1991 3024 2112 3073 Vid.
2141 3021 2386 3083 §31.32.
2422 3024 2598 3086 -se-

248 3141 255 3150 ,
349 3101 542 3153 runtur,
568 3087 779 3142 RTOP
793 3096 879 3144 ad.
916 3104 1137 3144 errantes
1147 3094 1402 3156 seruntur
1425 3088 1485 3153 β.
1520 3131 1582 3139 -.
1618 3108 1690 3150 ne,
1713 3091 1775 3139 P.
1804 3130 1866 3137 -
1904 3105 1953 3151 a,
1980 3089 2146 3137 omitt.
2171 3090 2217 3138 P
2240 3086 2505 3152 (Robert.)
2532 3131 2595 3138 -

347 3167 518 3221 tamen,
554 3160 613 3210 Ρ.
653 3200 716 3208 ..-
755 3176 859 3210 eum
901 3170 1073 3222 tamen,
1114 3161 1321 3210 Robert.
1360 3199 1423 3206 -.
1459 3156 1659 3222 intelley
1660 3156 1772 3216 itur,
1806 3157 1869 3204 R.
1916 3195 1981 3203 ..
2028 3155 2187 3216 etiam,
2222 3157 2431 3206 Robert.
2478 3157 2599 3208 Om.

346 3226 408 3276 P.
448 3268 511 3276 -
547 3227 715 3277 mundi
748 3224 994 3292 partibus,
1038 3227 1248 3277 Robert.
1296 3265 1359 3273 -
1405 3240 1528 3284 eam,
1572 3224 1696 3272 ΒΤ.
1751 3239 1867 3283 eum,
1900 3217 2187 3287 Ραᾱσβγ.
2236 3264 2300 3272 -
2335 3225 2412 3283 iis,
2446 3236 2493 3271 σ.
2540 3263 2592 3271 ..

348 3293 589 3355 Mercuri,
614 3296 712 3343 R'.
753 3332 816 3342 ...
852 3293 1009 3351 stella,
1044 3309 1144 3342 om.
1168 3294 1228 3342 P.
1265 3332 1327 3341 .-
1365 3290 1624 3350 latissime,
1649 3291 1709 3339 P.
1737 3329 1800 3338 -
1836 3290 2199 3353 ετρ1οιιιΒῙ.
2237 3305 2279 3351 e,
2304 3294 2391 3340 ad.
2429 3299 2512 3352 est,
2525 3291 2596 3340 Ρ

346 3361 410 3409 In
434 3362 694 3411 Rrasura.
733 3399 795 3408 -..
833 3330 1131 3421 latitudinis,
1153 3361 1214 3409 P.
1251 3354 1556 3418 latitudines,
1593 3357 1700 3411 Ba.
1739 3354 2018 3418 latitudine,
2042 3358 2091 3407 d.
2118 3396 2181 3406 -
2216 3366 2282 3420 et,
2306 3358 2455 3409 Rad.
2481 3357 2598 3418 sed,

348 3427 407 3475 P.
448 3467 511 3475 ....
551 3426 701 3487 intra,
725 3429 794 3476 K.

417 3491 556 3552 567.
592 3463 766 3554 medio,
808 3494 1044 3544 B¹Pad.
1095 3489 1455 3558 quodammodo,
1491 3492 1592 3541 R2.
1630 3533 1693 3540 -
1731 3490 1933 3554 medias,
1966 3492 2064 3542 Pa.
2101 3488 2305 3554 mediis,
2325 3493 2488 3543 R'rd.
2531 3532 2593 3540 -.

350 3559 560 3621 duabus,
593 3561 691 3609 R2.
737 3601 800 3609 .-
847 3511 1185 3623 Summaque
1138 3562 1245 3610 Td.
1293 3600 1356 3610 ....
1404 3557 1610 3620 duabus,
1650 3551 1867 3610 ORTd.
1928 3559 2071 3619 duas,
2108 3552 2203 3620 aB.
2263 3529 2407 3620 duae,
2430 3560 2490 3610 P.
2529 3586 2632 3608 -x

346 3637 399 3677 ut
417 3627 504 3689 sol,
530 3596 665 3676 delet
685 3627 840 3677 Kalb.
881 3668 943 3677 .-
980 3628 1286 3679 subeuntium
1319 3643 1381 3677 ac
1405 3635 1646 3699 constare
1678 3627 1738 3676 P.
1776 3666 1840 3676 ..-
1878 3627 1949 3677 ad
1970 3636 2165 3686 terram,
2189 3627 2255 3676 R.
2295 3667 2358 3675 -
2393 3628 2444 3676 in
2479 3640 2593 3675 cae-

348 3694 446 3745 lum
462 3697 658 3759 pariter
680 3703 727 3744 et
748 3692 1137 3746 descendentium
1162 3710 1365 3775 quo-que,
1388 3695 1454 3745 K.
1507 3702 1555 3743 et
1568 3709 1663 3759 per
1685 3709 1812 3744 aera
1838 3709 2028 3758 quoque
2052 3692 2459 3753 descendentium,
2483 3694 2592 3743 Da-

278 3821 283 3825 *
346 3763 439 3813 lec.
479 3802 541 3811 ....
579 3777 686 3812 eam
727 3763 892 3812 lineae
936 3764 1288 3827 suprascripsit
1320 3764 1419 3812 R2.
1468 3802 1531 3810 .-
1531 3776 1679 3829 que,
1713 3763 1761 3812 (1.
1801 3802 1864 3810 -
1901 3771 1946 3811 et
1957 3761 2119 3825 falso
2150 3761 2210 3810 P.
2249 3799 2313 3809 -..
2350 3760 2452 3823 qui,
2484 3773 2591 3809 non

1337 3856 1361 3884 0

260 3894 267 3895 ’
347 3896 502 3995 habet
534 3897 634 3947 3¹.
682 3938 742 3945 ...
785 3905 1125 3963 coar-quantur,
1158 3900 1206 3947 d.
1262 3899 1352 3962 qui
1387 3904 1679 3962 arguantur,
1720 3896 1784 3944 R.
1840 3904 2140 3959 arquantur,
2181 3895 2281 3945 Pa.
2317 3934 2381 3942 .-
2422 3894 2589 3953 omnib,

346 3964 495 4090 Pl}
471 4037 550 4081 68.
580 4029 822 4094 proximo,
847 4032 1034 4081 ΒΛ...
1063 4040 1108 4080 et
1128 4029 1377 4082 altitudine
1402 4042 1448 4081 et
1469 4027 1745 4091 latitudine,
1770 4032 1895 4080 R²a
1910 4031 1987 4079 ²d.
2037 4037 2085 4078 et
2109 4027 2382 4087 altitudine,
2408 4029 2586 4077 R'a2.

348 4106 397 4146 et
427 4096 705 4158 latitudine,
737 4098 797 4148 P.
843 4107 891 4147 et
929 4095 1192 4148 latitudine
1225 4107 1272 4148 et
1309 4097 1589 4157 altitudine,
1620 4092 1722 4160 βγ.
1772 4137 1834 4145 ...
1884 4096 1954 4157 in,
1990 4111 2090 4146 om.
2128 4099 2176 4147 d.
2225 4136 2287 4144 -.
2332 4095 2587 4156 stationes,

345 4164 580 4216 RPad2.
625 4164 868 4226 stationis,
901 4165 1013 4221 ST.
1057 4164 1273 4225 stationi,
1299 4167 1380 4215 ‹1¹.
1429 4155 1493 4214 ..⁸-
1528 4172 1739 4226 vocatur,
1763 4164 1822 4214 P.
1861 4204 1924 4213 -
1972 4162 2253 4231 aeylyptice,
2290 4162 2388 4212 1³¹.
2426 4162 2590 4226 aecly-

342 4234 497 4295 ptica,
521 4234 619 4282 R2.
659 4273 720 4281 ..-
759 4233 939 4282 vicinos
976 4232 1027 4283 in
1061 4240 1248 4293 terrae,
1285 4234 1346 4282 R.
1392 4242 1524 4291 sunt,
1558 4231 1617 4280 P.
1656 4272 1719 4279 -
1756 4229 2046 4292 ascendant,
2078 4231 2137 4281 P.
2176 4270 2239 4280 -.
2276 4227 2587 4293 latitudinem,

346 4300 470 4348 R¹a
491 4302 522 4348 ¹.
565 4340 624 4348 -
675 4299 1085 4360 sublimitatibus,
1131 4315 1231 4349 0111.
1265 4301 1314 4350 (1.
1368 4299 1551 4350 Altera
1588 4313 1768 4348 manus
1812 4298 1927 4347 voci
1959 4297 2169 4349 maxime
2209 4297 2480 4363 praemisit.
