2961 4861
385 310 513 373 476
1089 325 1498 374 sumnus
1539 325 1932 374 merom

467 477 577 541 39.
616 474 748 541 His
787 474 1099 541 addemus
1142 476 1492 541 etiamnum
1530 498 1729 541 unam
1755 473 2048 542 Graecae
2083 475 2483 542 inventionis
2522 477 2653 544 sci-
2676 499 2763 545 211

385 577 625 642 entiam
661 578 765 642 vel
818 577 1355 660 exquisitissimae
1395 576 1801 661 suptilitatis,
1843 587 1920 640 ut
1958 576 2118 641 nihil
2159 576 2329 641 desit
2366 578 2443 642 in
2488 600 2651 665 spe-

384 677 622 744 eundo
650 688 963 743 terrarum
998 677 1131 740 situ
1162 675 1586 760 indicatisque
1619 675 1993 761 regiom’bus
2026 687 2349 755 noscatur,
2398 687 2470 742 et
2496 699 2653 743 cum

386 801 518 864 qua
571 778 803 862 cuique
861 778 1133 842 societas
1189 776 1275 841 m‘t
1344 776 1483 842 sive
1554 775 1852 862 cognatio
1908 776 2159 841 dierum
2217 800 2298 843 ac
2352 778 2654 843 noctium

380 879 749 963 quibusque
784 878 954 943 inter
990 901 1063 943 se
1098 899 1291 963 pares
1326 877 1596 942 umbrae
1633 887 1701 942 et
1734 898 1944 960 aequa
1978 878 2202 943 mundi
2242 878 2651 944 convexitas.

386 979 568 1066 Ergo
618 979 927 1043 reddetur
985 980 1108 1045 hoc
1167 979 1363 1044 etiam
1425 990 1765 1062 terraeque
1826 979 2168 1045 universae
2224 979 2295 1043 in
2352 980 2655 1044 membra

387 1080 547 1146 caeli
590 1080 989 1165 digerentur.
1051 1079 1253 1147 Plura
1307 1091 1459 1146 sunt
1509 1090 1727 1145 autem
1780 1088 2113 1168 segmenta
2161 1080 2422 1159 mundi,
2482 1103 2654 1165 quae

387 1181 592 1245 nostri
633 1182 909 1246 circulos
949 1182 1379 1267 appellavere,
1423 1180 1666 1247 Graeci
1705 1183 2068 1268 parallelos.

471 1280 816 1348 XXXIV.
857 1282 1265 1368 Principium
1298 1282 1497 1349 habet
1524 1282 1750 1347 Indiae
1786 1305 1939 1368 pars
1977 1304 2169 1348 versa
2203 1282 2289 1347 ad
2328 1291 2652 1347 austrum.
2677 1304 2773 1351 212

388 1383 583 1449 Patet,
635 1405 843 1467 usque
893 1383 1209 1448 Arabiam
1258 1394 1330 1449 et
1379 1383 1563 1448 rubri
1611 1383 1812 1449 maris
1866 1383 2142 1449 adcolas.
2207 1380 2656 1449 Continentur

390 1481 692 1562 Gedrosi,
739 1482 1087 1562 Carmanii,
1127 1484 1392 1561 Persae,
1433 1484 1764 1568 Elymaei,
1808 1484 2212 1568 Parthyene,
2257 1485 2460 1564 Aria,
2512 1482 2649 1550 Su-

392 1585 590 1662 siane,
612 1583 1107 1671 Mesopotamia,
1149 1582 1451 1651 Seleucia
1493 1585 1940 1673 cognominata
1963 1584 2346 1669 Babylonia,
2392 1585 2655 1652 Arabia

391 1687 477 1751 ad
516 1687 752 1752 Petras
792 1708 1023 1770 usque,
1071 1684 1267 1771 Syria
1310 1685 1548 1765 Coele,
1589 1686 1955 1764 Pelusium,
1999 1686 2299 1772 Aegypti
2336 1686 2654 1752 inferiora

394 1809 562 1870 quae
590 1785 813 1871 Κόρα
865 1797 1135 1852 vocatur
1173 1786 1649 1864 Alexandriae,
1699 1786 1970 1852 Africae
2018 1786 2368 1866 maritima,
2429 1784 2650 1871 Cyre-

391 1888 577 1953 naica
601 1888 846 1974 oppida
869 1887 1104 1965 omnia,
1137 1887 1461 1972 Thapsus,
1490 1887 1949 1965 Adrumetum,
1981 1884 2254 1973 Clupea,
2288 1885 2647 1976 Carthago,

394 1986 614 2064 Utica,
655 1999 931 2072 uterque
957 1987 1206 2073 Hippo,
1237 1988 1564 2066 Numidia,
1592 1984 2004 2052 Mauretania
2025 1997 2325 2071 utraque,
2353 1988 2646 2052 Atlanti-

396 2091 545 2154 cum
584 2110 782 2166 mare,
827 2090 1161 2153 columnae
1199 2087 1527 2155 Herculis.
1578 2087 1662 2152 In
1701 2088 1824 2153 hoc
1861 2088 2022 2153 caeli
2057 2087 2505 2173 circumplexu
2534 2112 2648 2154 ae·

395 2188 682 2273 quinocti
724 2189 829 2254 die
868 2188 1082 2253 medio
1121 2188 1464 2255 umbilicus
1478 2238 1499 2267 ,
1559 2211 1750 2271 quem
1800 2211 2185 2275 gnomonem
2223 2200 2491 2268 vocant,
2551 2212 2650 2255 vn

395 2289 600 2376 pedes
640 2289 874 2378 longus
914 2289 1212 2355 umbram
1251 2312 1382 2354 non
1422 2291 1701 2375 amplius
1737 2314 1809 2355 Π
1848 2290 2051 2376 pedes
2090 2291 2355 2375 longam
2396 2289 2646 2369 reddit3

393 2391 603 2458 noctis
630 2413 787 2458 vero
814 2390 1070 2476 dieique
1095 2389 1468 2479 longissima
1512 2390 1723 2476 spatia
1759 2389 1956 2457 horas
1992 2413 2111 2457 ΧΠ
2157 2390 2647 2475 aequinoctialis

393 2492 666 2571 habent,
719 2492 1103 2560 brevissima
1143 2515 1226 2558 ex
1267 2492 1585 2557 contrario
1626 2516 1693 2558 x.
1761 2489 2056 2576 Sequens
2099 2494 2377 2558 circulus
2419 2493 2648 2578 incipit
2673 2516 2770 2561 21³

399 2592 483 2657 ab
521 2593 713 2658 India
763 2598 1074 2680 vergente
1125 2594 1212 2658 ad
1267 2615 1569 2658 occasum
1583 2640 1604 2671 ,
1657 2593 1839 2658 vadit
1884 2616 2004 2679 per
2054 2594 2301 2658 medios
2341 2593 2643 2673 Parthos,
2753 2608 2770 2617 “

393 2692 822 2779 Persepolim,
882 2693 1101 2757 citima
1139 2692 1460 2771 Persidis,
1510 2693 1828 2759 Arabiam
1869 2693 2258 2774 citeriorem,
2311 2693 2644 2775 Iudaeam,

463 2921 493 2982 ξ
517 2923 633 2968 211.
684 2917 950 2979 scientiam,
972 2917 1047 2968 Β*
1071 2913 1260 2979 (Rob.)
1308 2915 1611 2974 sententiam,
1635 2912 1784 2983 ᾶβγ.
1838 2954 1901 2967 -.
1955 2916 2230 2982 spectando,
2253 2921 2363 2970 Rd.
2417 2928 2644 2984 spectato,

396 2988 528 3039 Rob.
564 2986 844 3052 inspectata,
866 3002 907 3035 r.
943 3026 1006 3034 -.
1045 3002 1149 3034 cum
1174 3002 1275 3049 qua
1297 2985 1480 3048 cuique,
1504 2985 1554 3034 R
1571 2979 1731 3034 &Td.
1768 2999 1893 3049 quae
1919 2984 2090 3049 cuique
2114 3003 2296 3048 earum,
2317 2982 2377 3045 β.
2416 3006 2517 3037 cum
2541 3005 2646 3053 qua

396 3054 566 3119 cuique
601 3070 787 3114 earum,
819 3067 869 3117 r.
916 3067 1232 3117 quaecunque
1251 3069 1424 3111 eorum,
1449 3051 1583 3101 Rob.
1631 3093 1695 3101 -.
1726 3069 1892 3117 pares,
1916 3053 2083 3103 R'rd.
2112 3063 2301 3119 partes,
2325 3055 2457 3104 Rob.
2480 3051 2538 3116 β.
2575 3096 2641 3106 .-

401 3130 656 3185 terraeque
678 3121 940 3170 universae
966 3161 1029 3169 .-
1055 3116 1346 3183 diqerentur,
1370 3113 1577 3169 ROTd
1600 3116 1786 3182 (Rob.)
1835 3128 2067 3184 terraque
2101 3120 2339 3170 universa
2363 3163 2427 3171 -
2453 3122 2645 3185 diyere-

400 3198 494 3250 eur,
516 3183 577 3249 β.
630 3229 694 3238 -.
747 3196 862 3237 sunt
883 3196 1035 3237 autem
1056 3196 1306 3251 seymenta,
1329 3186 1460 3236 Rob.
1512 3187 1610 3237 sint
1630 3195 1887 3250 seymenta,
1910 3187 1975 3236 R.
2023 3197 2142 3237 sunt
2162 3198 2409 3252 seymenta
2433 3187 2567 3252 haec,
2594 3191 2643 3239 d.

397 3264 516 3306 sunt
537 3263 702 3304 autem
726 3253 846 3304 haec
867 3263 1120 3318 seymenta,
1142 3248 1245 3318 ssr.

468 3354 499 3415 ξ
524 3361 639 3405 212.
692 3355 846 3413 habet,
866 3357 903 3419 td
927 3351 1113 3416 (Rob.)
1165 3355 1355 3417 habent,
1377 3346 1499 3406 ΒΘ.
1554 3394 1617 3403 ..
1675 3350 1950 3416 Carmanii,
1985 3354 2198 3419 Persae,
2230 3356 2337 3407 Td.
2394 3353 2644 3418 Carmani,

400 3422 608 3484 Persae,
630 3423 761 3474 Rob.
796 3420 1007 3483 Persae,
1030 3422 1095 3471 R.
1131 3420 1334 3483 Persae,
1362 3420 1608 3484 Carmani,
1630 3416 1734 3485 βγ.
1760 3462 1823 3471 ..
1846 3421 2106 3486 Pelusium,
2129 3424 2263 3473 Rob.
2298 3422 2512 3501 Pelusig,
2536 3426 2644 3475 Rd.

403 3549 467 3558 ....
490 3507 728 3571 inferiora
749 3521 876 3569 quae
896 3505 1064 3562 chora,
1079 3497 1371 3570 R0<Rob.)
1394 3508 1604 3569 inferior
1622 3523 1749 3571 quae
1765 3507 1928 3570 corha,
1941 3509 2047 3558 Td.
2073 3506 2372 3571 inferiorque
2389 3525 2484 3558 ora
2502 3524 2645 3574 quae,

399 3570 459 3636 β.
492 3572 749 3625 Pelusium
771 3572 876 3636 Aey
941 3572 998 3633 ti,
1021 3572 1261 3636 iaeffraque
1284 3590 1378 3625 ora
1399 3574 1629 3626 Rhacota
1659 3583 1853 3636 vocata,
1885 3589 2016 3625 nunc
2038 3573 2374 3636 Alexandria,
2407 3576 2542 3626 Pint-
2581 3615 2644 3626 ...

401 3639 736 3702 Alexandria,
768 3591 1073 3702 OTffizob.)
1110 3679 1175 3689 ....
1218 3639 1497 3706 cyrenaice,
1521 3644 1570 3692 d.
1608 3683 1671 3691 .-
1708 3650 1923 3707 uterque,
1947 3643 1999 3693 R
2017 3635 2159 3693 θΤᾶ
2183 3641 2370 3706 (Rob.)
2415 3651 2641 3708 utraque,

401 3705 460 3773 β.
502 3751 567 3760 .-
614 3718 877 3773 utrumque,
900 3709 948 3757 d.
996 3749 1055 3757 ...
1106 3706 1447 3774 circumplexu,
1472 3710 1598 3760 Rdr
1631 3706 1811 3772 (Rob.)
1856 3710 2186 3773 circumflexu,
2216 3704 2319 3775 βγ.
2368 3751 2432 3759 -.
2478 3711 2644 3770 medic,

402 3778 553 3828 RTd
576 3772 760 3839 (Rob.)
796 3774 1010 3837 dimidio,
1033 3793 1072 3825 r.
1109 3774 1289 3839 media,
1311 3771 1416 3839 βγ.
1455 3817 1519 3826 -.
1556 3777 1776 3826 umbram
1798 3818 1862 3827 -.
1889 3775 2049 3827 reddit
2069 3793 2169 3827 om.
2211 3779 2302 3827 R1.
2340 3818 2403 3828 ...
2441 3777 2643 3842 lorcyum,

404 3861 508 3895 om.
533 3845 597 3895 Τ.
644 3886 707 3894 ..
755 3842 1081 3908 lonyissimae,
1112 3836 1167 3894 θ.
1216 3884 1280 3893 -.
1327 3843 1424 3895 XI
1435 3844 1487 3895 V
1502 3842 1670 3903 horas,
1692 3845 1800 3894 Rd.
1845 3843 1997 3894 horas
2010 3843 2177 3906 XIV,
2201 3840 2305 3909 βγ.
2355 3885 2418 3894 ...
2466 3848 2643 3905 breves,

404 3914 537 3963 Rob.
577 3953 639 3961 ...
676 3928 752 3973 ex,
776 3913 825 3962 R
843 3904 932 3960 86.
954 3908 1141 3974 (Rob.)
1177 3929 1226 3973 a,
1248 3907 1307 3973 β.
1345 3927 1385 3973 e,
1407 3926 1458 3976 r.
1497 3953 1559 3961 ...
1596 3912 1671 3973 X,
1699 3927 1801 3962 om.
1827 3915 1873 3961 d.

472 4015 502 4076 5
529 4018 642 4062 213.
679 4028 902 4073 occasu-⁴3,
925 4013 990 4062 R.
1036 4054 1098 4062 .-
1146 4022 1192 4062 et
1217 4012 1505 4073 vadit‚Td.
1543 4053 1607 4061 -.
1653 4012 1844 4074 medios,
1866 4013 1959 4063 Rd
1984 4011 2167 4075 (Rob.)
2201 4011 2396 4074 Medos,
2428 4006 2540 4063 0¹1³.
2578 4054 2640 4063 ...-

405 4079 661 4140 Αναὸἰαηὶ,
695 4078 967 4130 citeriorem
1002 4078 1260 4140 Iudaeam,
1298 4080 1505 4130 Barbar.
1560 4121 1622 4129 -
1676 4079 1987 4142 Idumaeam,
2027 4082 2103 4131 R2
2144 4076 2328 4142 (Rob.)
2380 4078 2642 4140 Iudaeam,

405 4146 538 4195 R'd·
578 4186 639 4195 ..
675 4146 1030 4212 Hierosolyma,
1054 4147 1284 4198 Oudend.
1310 4149 1375 4197 ad
1408 4145 1547 4197 Suet.
1571 4148 1710 4210 Aug.
1737 4151 1818 4197 93.
1843 4147 1962 4197 coll.
1991 4154 2037 4208 5,
2063 4151 2142 4200 70.
2173 4153 2250 4198 72.
2277 4153 2359 4209 27,
2390 4154 2468 4198 15.
2505 4148 2643 4198 Con-

405 4214 573 4263 firmat
611 4215 672 4262 R.
724 4212 1126 4278 Hierosolymam,
1160 4217 1193 4264 d
1224 4211 1411 4276 (Rob.)
1434 4208 1537 4278 βγ.
1593 4255 1656 4263 .-
1709 4213 1881 4279 Iopen,
1913 4217 1976 4266 R.
2032 4257 2094 4266 .-
2156 4215 2456 4277 Cae-varient,
2480 4217 2541 4266 R.
2579 4256 2643 4265 -.

2893 89 2924 464 <

2895 487 2924 1284 ἒ

2909 1457 2924 1794 ³

2911 1825 2925 2296 ³

2923 2700 2924 2743 l

2919 2756 2924 2781 s

2921 2796 2924 2829 Ἰ
