2961 4861
315 291 438 355 232
1016 310 1421 358 NATURAms
1467 309 1855 358 HISTORIAE

313 458 834 542 Laestrygonum
877 457 1083 522 sedes.
1130 457 1320 523 Ultra
1365 459 1490 525 fuit
1530 460 1841 546 oppidum
1883 457 2118 543 Pylae,
2166 468 2265 523 est
2309 457 2558 524 colonia

315 558 691 623 Minturnae
732 556 877 622 Liri
929 580 1115 623 amne
1167 560 1371 637 divisa
1429 559 1617 626 Clani
1670 560 2024 646 appellato,
2081 559 2405 644 oppidum·
2424 608 2431 613 -
2447 556 2556 624 Si-

316 681 573 739 nuessa,
631 668 988 723 extremum
1042 659 1111 722 in
1154 659 1404 724 adiecto
1445 659 1659 738 Latio,
1717 683 1911 744 quam
1963 660 2226 744 quidam
2270 657 2559 746 Sinopen

315 761 538 826 dixere
591 758 955 824 vocitatam.
1029 757 1204 823 Hinc
1260 760 1419 824 felix
1470 753 1581 826 illa
1636 758 2023 846 Campania3
2096 760 2181 826 ab
2236 759 2360 825 hoc
2414 759 2559 825 sinu
2586 778 2652 823 so
2728 776 2731 777 ’

312 860 631 945 incipiunt
671 857 913 923 vitiferi
958 859 1154 924 colles
1202 870 1267 924 et
1311 861 1684 925 temulentia
1725 860 1953 926 nobilis
1998 882 2152 924 suco
2190 883 2311 945 per
2352 856 2560 924 omnis

316 971 516 1026 terras
557 957 800 1028 incluto
844 967 1038 1040 atque
1084 958 1190 1044 (ut
1229 967 1483 1024 veteres
1527 958 1780 1044 dixere)
1824 982 2144 1045 summum
2169 958 2396 1043 Liberi
2436 982 2556 1045 pae-

316 1061 429 1125 tris
474 1081 619 1124 cum
668 1054 907 1123 Cerere
954 1054 1298 1124 certamen.
1371 1058 1548 1124 Hinc
1594 1057 1805 1125 Setini
1851 1069 1919 1124 et
1963 1057 2252 1125 Caecubi
2294 1070 2558 1145 proten-

315 1162 555 1225 duntur
585 1157 737 1246 ‚agri
749 1183 769 1236 3
813 1158 914 1223 his
951 1159 1307 1245 iunguntur
1335 1158 1616 1238 Falerni,
1666 1157 1914 1225 Caleni.
1959 1159 2147 1227 Dein
2165 1170 2563 1248 consurgunt

314 1259 605 1337 Massici,
654 1256 942 1323 Gaurani
988 1255 1482 1342 Surrentinique
1525 1269 1793 1326 montes.
1848 1259 1951 1325 Ibi
1993 1258 2308 1325 Laborini
2352 1260 2562 1345 campi

318 1369 692 1426 sternuntur
746 1368 812 1429 et
862 1358 932 1422 in
986 1357 1249 1423 delicias
1303 1358 1502 1425 alicae
1544 1359 1782 1445 politur
1826 1359 2075 1425 messis.
2148 1359 2334 1425 Haec
2375 1359 2563 1425 litora
2586 1380 2645 1425 61

317 1460 606 1526 fontibus
650 1457 873 1524 calidis
916 1457 1209 1543 rigantur
1251 1470 1637 1543 praeterque
1682 1469 1896 1524 cetera
1935 1459 2004 1523 in
2048 1468 2181 1524 toto
2210 1461 2371 1525 mari
2401 1482 2555 1525 oon-

319 1560 531 1644 chylio
574 1569 640 1623 et
679 1559 857 1644 pisce
900 1558 1098 1623 nobili
1139 1558 1544 1623 adnotantur.
1589 1558 1926 1642 Nusquam
1956 1560 2338 1647 generosior
2380 1560 2561 1626 oleae

315 1663 544 1746 liquor.
589 1659 680 1723 Et
719 1658 842 1724 hoc
886 1681 1139 1743 quoque
1185 1668 1508 1724 certamen
1549 1658 1863 1724 humanae
1906 1660 2251 1746 voluptatis
2294 1671 2562 1727 tenuere

321 1759 501 1839 Osci,
550 1757 807 1836 Graeci,
852 1757 1106 1837 Umbri,
1152 1757 1372 1837 Tusci,
1422 1756 1754 1845 Campani.
1809 1759 1890 1824 In
1931 1783 2044 1825 ora
2087 1757 2260 1826 Savo
2302 1760 2560 1841 fluvius,

318 1861 711 1941 Volturnum
753 1859 1063 1945 oppidum
1115 1881 1262 1923 cum
1315 1881 1523 1937 amne,
1582 1858 1947 1939 Liternum,
2008 1858 2254 1926 Cumae
2301 1857 2563 1927 Chalci-

323 1961 639 2038 densium,
693 1957 1043 2036 Misenum,
1099 1968 1323 2043 portus
1364 1957 1691 2038 Baiarum,
1746 1957 1958 2039 Bauli,
2011 1960 2190 2026 lacus
2243 1960 2567 2027 Lucrinus

328 2071 394 2126 et
421 2061 728 2125 Avernus
770 2059 953 2122 iuxta
996 2080 1190 2141 quem
1223 2055 1642 2123 Cimmerium
1685 2058 1995 2145 oppidum
2028 2060 2370 2143 quondam,
2415 2061 2567 2127 dein

320 2159 575 2226 Puteoli
631 2152 876 2237 colonia
916 2156 1358 2222 Dicaearchea
1418 2158 1575 2222 dicti
1628 2168 1904 2243 postque
1945 2158 2290 2248 Phlegraei
2334 2163 2564 2248 campi,

247 2274 254 2278 '
321 2261 685 2328 Acherusia
726 2259 913 2344 palus
947 2256 1171 2324 Cumis
1214 2257 1444 2323 vicina.
1490 2257 1716 2325 Litore
1758 2270 1977 2328 autem
2018 2259 2323 2347 Neapolis
2370 2260 2564 2328 Chal-
2593 2283 2658 2328 62

385 2437 564 2499 Pirae,
597 2437 666 2486 A.
709 2432 853 2501 Pylo,
877 2427 997 2485 RB.
1036 2474 1098 2483 ....
1134 2441 1222 2496 est,
1254 2434 1322 2483 A.
1359 2430 1538 2484 Omitt.
1568 2427 1728 2496 Rssr.
1772 2473 1835 2482 .-
1891 2429 2057 2496 clani,
2091 2437 2229 2487 Pint.
2266 2452 2294 2487 e
2316 2438 2558 2489 Strab.-5.

319 2522 370 2570 p.
405 2512 521 2556 233.
564 2501 790 2565 Glanico,
820 2498 994 2562 RAss.
1038 2498 1213 2562 Glani,
1237 2515 1286 2564 γ.
1326 2540 1390 2549 ....
1426 2497 1696 2565 appellata,
1719 2500 1788 2550 A.
1824 2541 1889 2549 .-
1926 2501 2170 2566 oppidum,
2194 2505 2356 2555 omitt.
2389 2507 2556 2556 RAo.

319 2575 388 2623 Et
421 2572 587 2621 fateor
616 2572 722 2619 hoc
751 2584 939 2619 nomen
971 2582 1214 2631 perquam
1248 2568 1376 2616 mihi
1410 2575 1703 2636 suspectum
1738 2582 1864 2629 esse,
1889 2584 2005 2617 cum
2028 2570 2323 2621 Sinuessam
2345 2588 2450 2622 non
2472 2574 2566 2622 mi·

319 2655 415 2689 nus
438 2653 498 2688 ac
514 2639 800 2687 Minturnas
822 2637 1079 2685 coloniam
1100 2635 1257 2684 fuisse
1280 2641 1477 2684 constet
1494 2631 1630 2695 (Liv.
1646 2630 1863 2697 10,21.).
1897 2635 2033 2685 Hinc
2056 2640 2423 2688 emendandum
2440 2649 2567 2703 puto

321 2714 539 2756 extrema
565 2704 630 2765 in,
661 2706 798 2753 unde
827 2711 1088 2752 extremum
1119 2704 1171 2752 in
1203 2700 1443 2751 facillime
1478 2703 1597 2751 oriri
1628 2703 1812 2766 potuit.
1850 2742 1914 2752 .-.
1950 2701 2142 2754 adiecto
2160 2701 2327 2766 Latio,
2357 2707 2566 2756 Barbar-

318 2773 389 2822 A.
435 2771 628 2821 adiectu
648 2768 814 2830 Latio,
837 2771 901 2819 R.
939 2767 1123 2819 abiecto
1144 2767 1280 2828 Lati,
1304 2783 1351 2818 σ.
1391 2807 1453 2816 -.
1492 2768 1731 2833 Sinopem,
1754 2781 1805 2832 r.

388 2841 418 2904 ξ
445 2844 524 2888 60.
573 2834 864 2903 Campwzia,
896 2837 962 2886 A.
1013 2832 1288 2913 Campania
1320 2844 1403 2897 est,
1435 2832 1647 2899 Rdssn
1689 2876 1753 2884 -
1799 2836 2040 2899 vitifer-es,
2063 2835 2130 2886 A.
2167 2876 2231 2885 ..
2274 2836 2470 2900 nobilis,
2493 2840 2564 2889 A.

321 2904 616 2967 nobili,Rd.
644 2944 707 2953 -.
744 2903 913 2967 omnis,
937 2918 985 2953 σ.
1013 2943 1076 2952 -.
1112 2903 1302 2964 zncluto,
1326 2905 1389 2953 R.
1407 2943 1480 2952 ,.-
1523 2900 1778 2964 Caecubio,
1801 2905 1851 2953 B
1870 2905 1902 2951 ¹.
1938 2943 2001 2952 -
2033 2902 2411 2967 protenduntur,
2434 2906 2487 2954 A
2505 2899 2564 2956 θ.

321 2973 650 3033 obtenduntur,
685 2967 843 3032 Rdss.
893 3012 955 3020 -
1001 2970 1079 3032 iis,
1119 2984 1167 3020 σ.
1214 3010 1277 3019 .-.
1321 2977 1633 3036 consur-qum,
1667 2969 1736 3019 A.
1775 2970 2004 3035 sunqunt,
2044 2971 2151 3022 Rd.
2195 3012 2258 3020 .-
2305 2969 2566 3034 Leburint',

320 3042 553 3092 RATd.
599 3039 852 3101 Leborini,
883 3033 941 3088 θ.
980 3078 1042 3087 ...
1074 3036 1278 3103 politur,
1313 3037 1366 3087 A
1390 3033 1563 3098 (codd.
1587 3034 1822 3098 Barbar.)
1862 3036 2148 3101 populatur,
2171 3032 2331 3103 Bor.
2372 3039 2565 3104 populi-

323 3117 420 3171 tus,
446 3109 551 3159 Td.
583 3106 825 3173 politura,
848 3108 914 3156 Κ.
954 3146 1017 3155 ..-
1062 3107 1249 3167 messis,
1272 3105 1381 3155 BA
1406 3100 1576 3166 (codd.
1599 3101 1836 3167 Barbar.)
1871 3104 2063 3165 mensis,
2090 3106 2194 3154 Τὰ.
2241 3106 2354 3155 Iam
2375 3108 2565 3157 Barba-

319 3192 407 3226 rus
429 3177 568 3224 hunc
591 3177 766 3224 locum
787 3183 921 3224 recte
954 3181 1031 3224 est
1064 3174 1433 3237 interpretatae,
1467 3186 1749 3235 provocans
1774 3174 1841 3221 ad
1867 3177 1945 3232 18,
1975 3177 2086 3221 112.
2121 3174 2191 3222 Et
2212 3173 2423 3223 verbum
2455 3174 2566 3237 qui-

322 3244 439 3291 dem
468 3241 624 3305 polire
658 3242 810 3289 etiam
846 3242 958 3290 aliis
990 3242 1119 3290 locis
1151 3241 1386 3290 latiorem
1419 3240 1759 3303 significatum
1790 3239 2082 3302 apparandi,
2108 3240 2334 3301 curandi,
2368 3242 2566 3291 colendi

321 3309 502 3368 habet3
526 3308 625 3355 vid.
655 3312 733 3365 19,
762 3313 840 3356 18.
888 3306 1076 3356 Iterum
1110 3305 1284 3358 deinde
1316 3306 1472 3356 linum
1505 3307 1558 3355 in
1579 3304 1681 3368 filo
1705 3303 1910 3371 politur,
1944 3303 2126 3355 illisum
2147 3308 2320 3355 crebro
2344 3306 2398 3356 t’n
2433 3306 2569 3358 silice

322 3390 383 3424 ex
407 3389 559 3437 aqua.
593 3374 790 3422 Ennius
823 3388 902 3435 ap.
925 3374 1059 3423 Non.
1083 3389 1134 3436 p.
1161 3380 1241 3423 94.
1298 3374 1389 3424 lati
1410 3374 1589 3437 campi,
1615 3390 1734 3436 quos
1757 3372 1889 3436 qerit
1908 3372 2097 3437 Africa
2120 3381 2255 3424 terra
2272 3372 2473 3437 politos,
2496 3376 2565 3424 id.

322 3441 441 3490 ibid.
466 3447 658 3490 rastros
683 3440 825 3489 dente
829 3440 992 3503 faber
1008 3438 1166 3502 capsit
1186 3457 1341 3490 causa
1353 3438 1582 3504 poliendi
1599 3442 1727 3503 ayri,
1747 3441 1886 3503 quod
1908 3441 2132 3490 imitatus
2157 3450 2233 3491 est
2248 3441 2414 3491 Varro
2425 3443 2565 3492 RB.

235 3502 251 3514 ‘
322 3508 422 3558 111.
448 3514 495 3570 2,
523 3513 567 3557 5.
615 3506 799 3571 politus
821 3504 1019 3555 cultura
1026 3504 1241 3569 fundus.
1286 3509 1515 3556 Maxime
1549 3508 1652 3556 huc
1682 3507 1806 3557 facit
1840 3506 2113 3557 Columell.
2139 3508 2211 3558 11.
2249 3514 2330 3569 21,
2355 3514 2404 3558 ὃ.
2441 3509 2568 3571 sru-

323 3585 479 3626 menta
501 3572 819 3640 expolitior-a,
855 3573 970 3622 coll.
1004 3574 1137 3623 Plin.
1164 3580 1246 3635 33,
1283 3581 1395 3624 122.
1434 3575 1523 3637 qui
1553 3574 1758 3623 minium
1780 3576 1832 3624 in
1857 3574 2063 3634 qffi'cim‘s
2081 3572 2290 3637 poliunt.
2327 3574 2567 3626 Ceterum

322 3643 576 3694 Barbarus
601 3642 754 3691 etiam
771 3638 1031 3705 poliuntur
1053 3642 1229 3690 mensis
1252 3642 1355 3704 legi
1378 3656 1530 3705 posse
1554 3643 1640 3702 ait,
1657 3643 1792 3691 Pint.
1810 3640 1985 3706 populi
2009 3640 2149 3691 totius
2173 3642 2365 3703 mensis,
2387 3644 2565 3693 Daleo.

322 3708 571 3777 colliqitur
593 3710 764 3760 messis
789 3708 1016 3758 coniecit.
1069 3710 1150 3759 De
1183 3710 1393 3772 vulgata
1415 3710 1662 3772 scriptura
1685 3709 2022 3759 Schneiderus
2047 3723 2253 3772 quoque
2276 3711 2341 3759 ad
2365 3709 2567 3760 Colum.

327 3778 396 3832 11.
421 3785 469 3828 6.
495 3784 542 3827 3.
566 3793 615 3841 p.
642 3783 721 3827 69.
746 3792 853 3826 non
875 3777 1086 3826 dubitat.

239 3877 242 3880 -
392 3844 422 3905 ξ
450 3851 529 3895 61.
574 3843 819 3910 conchylio
854 3852 899 3894 et
920 3843 1061 3909 pisce
1093 3841 1259 3905 nobili,
1284 3845 1429 3893 codd.
1452 3835 1659 3893 Barbar.
1699 3885 1761 3893 ..„
1812 3844 2117 3905 Volturnum,
2145 3845 2214 3893 A.
2264 3841 2566 3904 Vulturnum,

324 3908 465 3975 dssr.
509 3909 777 3973 URurnum,
801 3913 864 3962 R.
887 3953 949 3960 ..-
969 3909 1189 3973 Licerno,
1210 3912 1260 3961 R
1283 3909 1337 3972 (o
1359 3926 1426 3960 ex
1449 3908 1605 3972 corr.)
1632 3952 1694 3960 ...
1734 3909 1917 3973 Curae,
1939 3926 1988 3960 σ.
2022 3928 2082 3962 cu
2107 3910 2244 3971 haec,
2267 3911 2331 3960 R.
2352 3950 2416 3960 -.
2439 3907 2568 3960 Bal-

323 3976 642 4040 chidensium‚
665 3980 730 4029 R.
767 4020 831 4028 .-
866 3977 1136 4041 Baiarum,
1159 3980 1285 4029 ΒΑ.
1324 3979 1587 4039 barbarus,
1612 3980 1715 4028 Td.
1757 4019 1818 4027 .-.
1858 3977 2136 4039 Gimerium,
2161 3992 2210 4028 σ.
2251 4018 2313 4027 -.
2357 3976 2567 4038 Periolt',

323 4045 374 4094 R
393 4047 424 4093 ¹.
452 4085 515 4093 .-.
538 4044 749 4107 colonia,
772 4046 822 4095 R
837 4047 931 4096 ²A.
959 4044 1161 4108 colceia,
1185 4047 1234 4097 R
1255 4049 1285 4096 ¹.
1320 4044 1487 4108 colo-si,
1512 4047 1559 4095 d.
1587 4086 1649 4094 -.,
1672 4044 2037 4107 Dicaearcho,
2059 4045 2169 4095 Rd.
2203 4044 2567 4106 Dicaeamaea,

324 4111 392 4160 A.
427 4109 781 4173 Dicaearchia,
803 4108 902 4177 βγ.
942 4154 1003 4161 -
1035 4123 1144 4177 post
1166 4130 1306 4178 quae,
1328 4114 1397 4164 A.
1437 4153 1500 4162 -.
1535 4111 1784 4177 Pleyraei,
1808 4113 1875 4162 A.
1908 4111 2085 4178 pleyei‚
2109 4115 2157 4162 d.
2176 4110 2388 4177 fleyaet‘,
2412 4113 2479 4162 R.

391 4179 422 4242 5
448 4183 529 4228 62.
570 4174 980 4240 Galehidensium,
1003 4180 1067 4230 R.
1096 4221 1157 4229 -..
1191 4179 1574 4241 Herculaneum,
1598 4181 1665 4230 A.
1702 4177 2080 4242 Herculam'um,
2104 4176 2309 4243 Rdssr.
2337 4219 2401 4229 .-
2425 4178 2567 4229 Pom-

318 4244 415 4311 pei,
448 4244 515 4296 A.
556 4284 617 4295 ..-
665 4254 899 4309 spectato,
934 4247 1000 4296 A.
1060 4257 1352 4310 expectante,
1385 4249 1533 4299 Rdo.
1587 4248 1918 4312 adspectante,
1951 4259 2002 4310 r.
2057 4256 2318 4312 spectante,
2350 4247 2484 4298 Pint.
2507 4240 2565 4306 β.
