2961 4861
1194 370 1203 377 '
1288 379 1668 423 numm-no·
2454 378 2597 419 xxv

355 538 464 589 est.
507 529 610 590 Ad
647 547 884 590 manum
925 532 979 590 ei
1014 532 1272 605 fuerunt,
1314 535 1402 592 uti
1438 535 1568 611 ipse
1607 534 1668 591 in
1708 529 2182 607 castigationibus
2211 524 2397 589 1535.
2427 530 2599 587 editis

354 646 580 711 narrat,
619 641 738 699 duo
775 648 1118 717 pervetusta
1153 643 1538 720 exemplaria,
1586 643 1880 716 „alterum
1921 641 2099 714 longe
2135 640 2599 712 integerrimum,

355 749 731 824 depravatius
766 750 1050 822 alterum,
1097 752 1180 809 ita
1220 760 1413 810 tamen
1426 793 1445 823 ,
1497 761 1566 810 ut
1607 751 1937 810 sincerioris
1988 749 2255 807 lectionis
2293 746 2605 805 manifesta

354 858 672 916 etiamnum
721 859 971 934 vestigia
1015 860 1322 919 retineat?
1389 861 1471 919 Et
1512 879 1646 919 cum
1688 860 1845 918 infra
1882 859 2092 917 addat:
2152 856 2327 933 „Ego
2367 863 2603 915 secutus

355 985 704 1025 consensum
740 969 1023 1043 probatae
1058 970 1194 1028 fidei
1233 971 1520 1041 codicum,
1566 970 1795 1046 quoties
1833 968 2031 1028 inveni
2070 966 2377 1025 manifesto
2417 966 2606 1025 verio-

352 1094 482 1133 rem
508 1077 836 1149 lectionem,
879 1096 1012 1135 eam
1049 1079 1112 1135 in
1151 1086 1489 1138 contextum
1514 1081 1791 1156 reposui3
1833 1077 2015 1137 sicubi
2051 1077 2217 1135 haesi
2247 1073 2433 1151 (quod
2462 1092 2606 1133 sane

356 1194 768 1261 praeterquam
817 1186 880 1244 in
930 1189 1368 1246 nomenclatura
1415 1186 1734 1247 herbarum
1784 1204 2028 1263 perraro
2077 1185 2276 1243 incidit
2326 1185 2387 1242 in
2441 1192 2607 1242 tanto

354 1296 807 1371 archetyporum
833 1291 1184 1376 praesidio),
1207 1297 1404 1356 locum
1431 1298 1565 1355 aliis
1585 1298 2024 1372 disquirendum
2045 1295 2373 1368 relinquere
2401 1293 2605 1363 malui,

355 1422 535 1477 quam
563 1403 781 1462 frustra
809 1405 1080 1478 vexaress’
1122 1425 1254 1465 cum
1297 1407 1501 1482 igitur,
1539 1408 1801 1483 inquam,
1847 1407 1992 1463 haec
2032 1405 2213 1462 addat
2236 1402 2608 1479 reprehensis

355 1513 479 1571 illis
522 1508 756 1584 criticis,
801 1515 901 1589 qui
938 1515 1278 1574 coniecturis
1315 1516 1514 1574 omnia
1554 1516 1751 1573 sanari
1787 1533 1964 1592 posse
2002 1522 2231 1591 putant,
2274 1519 2435 1571 certo
2473 1513 2609 1570 inde

356 1621 618 1697 sequitur
660 1620 970 1681 Gelenium
1022 1633 1150 1684 tum
1201 1626 1439 1682 demum
1480 1625 1792 1683 lectionem
1836 1624 2094 1699 aliquam
2146 1641 2364 1681 novam
2408 1628 2609 1697 protu-

355 1732 523 1804 lisse,
583 1733 687 1790 ubi
724 1733 892 1791 codd.
943 1733 1300 1792 addicerent.
1371 1733 1528 1790 Hinc
1580 1735 1707 1791 eius
1750 1733 1919 1790 codd.
1962 1732 2143 1790 etiam
2179 1739 2308 1789 tum
2347 1730 2607 1801 laudavi,

358 1859 494 1900 cum
530 1841 679 1898 nihil
714 1842 829 1899 nisi
870 1844 1052 1900 scribe
1093 1842 1192 1899 vel
1232 1838 1349 1917 Zeqe
1389 1842 1763 1917 pronuntiat,
1814 1840 1972 1915 quod
2022 1858 2092 1898 eo
2141 1839 2362 1898 maiore
2398 1838 2613 1896 fiducia

358 1949 476 2007 feci
492 1990 508 2020 ‚
562 1967 680 2022 quo
731 1950 965 2026 saepius
1013 1951 1163 2009 istae
1212 1950 1492 2010 lectiones
1540 1969 1661 2027 per.
1696 1951 1845 2009 alios
1896 1950 2121 2009 codices
2172 1949 2611 2007 confirmantur.

360 2058 446 2116 Et
482 2057 570 2115 illi
609 2058 832 2116 codices
872 2076 1047 2136 saepe
1092 2060 1342 2136 optimas
1382 2078 1575 2136 neque
1611 2059 1996 2137 interpolatas
2037 2065 2098 2117 et
2134 2060 2211 2117 ab
2260 2057 2391 2115 aliis
2439 2058 2611 2115 bonis

361 2166 529 2225 libris
571 2168 945 2227 confirmatas
983 2169 1261 2228 lectiones
1298 2169 1537 2241 habent,
1578 2171 1668 2228 uti
1709 2165 1812 2243 32,
1848 2166 1971 2241 10.,
2010 2169 2115 2227 ubi
2162 2187 2296 2227 cum
2336 2168 2398 2226 in
2441 2167 2611 2225 codd.

361 2277 486 2335 fere
514 2278 780 2336 omnibus
807 2278 1043 2353 legatur
1069 2281 1296 2352 vitulos,
1334 2280 1448 2357 ipsi
1478 2298 1614 2338 cum
1640 2278 1695 2337 B
1726 2273 1795 2360 (a
1822 2298 2002 2338 manu
2029 2273 2249 2358 prima)
2286 2287 2444 2336 recte
2471 2278 2616 2336 dant

361 2390 623 2456 mitulos,·
653 2383 758 2461 32,
781 2383 907 2461 34.,
931 2387 1194 2450 ubi'cum
1215 2388 1269 2447 Β
1297 2391 1440 2449 dant
1467 2409 1633 2467 quae,
1657 2408 1766 2466 pro
1795 2407 1911 2466 quo
1938 2390 1996 2449 in
2027 2390 2234 2448 ceteris
2261 2388 2407 2446 meis
2438 2386 2611 2445 codd.

361 2496 556 2573 inepte
593 2497 811 2573 legitur
836 2518 907 2567 ας
952 2494 1059 2570 32,
1093 2495 1259 2571 121.,
1302 2499 1405 2557 ubi
1432 2518 1568 2557 cnm
1592 2499 1647 2558 B
1684 2505 1744 2558 et
1769 2518 1889 2558 uno
1928 2500 2083 2558 libro
2111 2498 2362 2557 Victorii
2398 2497 2617 2557 habent

367 2610 542 2682 infici,
586 2608 745 2683 quod
781 2608 881 2666 alii
920 2608 1140 2666 librarii
1176 2627 1296 2667 non
1334 2609 1727 2685 intelligentes
1767 2615 2073 2666 mutarunt
2110 2609 2173 2667 in
2202 2611 2367 2684 infiqi
2392 2608 2491 2666 vel
2521 2610 2615 2666 in-

367 2718 546 2792 tinqz’3
590 2711 693 2788 32,
727 2713 894 2790 141„
933 2718 1035 2777 ubi
1061 2736 1197 2776 cum
1222 2717 1326 2776 Bd
1364 2719 1511 2776 dant
1537 2729 1601 2777 ut
1627 2720 1905 2790 baculum,
1945 2719 2103 2792 quod
2139 2718 2201 2776 in
2228 2718 2362 2776 aliis
2391 2717 2619 2775 transiit

365 2827 429 2884 in
468 2829 804 2886 vibat-ulum.
862 2827 945 2886 Et
990 2829 1123 2902 quis
1163 2828 1392 2887 dubitet
1426 2829 1620 2887 dicere
1659 2828 1721 2886 in
1759 2829 1833 2887 iis
1874 2829 2017 2887 solis
2058 2823 2119 2900 2,
2153 2823 2255 2886 97.
2294 2845 2497 2886 veram
2533 2826 2617 2884 le-

364 2936 610 2994 ctionem
640 2940 806 2997 statis
837 2939 1178 3013 temporibus
1218 2956 1349 2997 esse
1377 2946 1694 3009 servatam,
1740 2956 1878 2996 cum
1910 2938 1976 2996 in
2014 2938 2148 2996 aliis
2194 2937 2349 2994 male
2386 2938 2620 3011 legatur

364 3049 509 3105 satis
537 3051 642 3103 aut
667 3049 813 3106 ratis
841 3053 947 3105 aut
974 3051 1147 3108 tantis
1178 3043 1262 3107 t.?
1314 3046 1398 3106 Et
1424 3065 1786 3122 quamquam
1815 3047 1989 3104 etiam
2027 3047 2092 3103 hi
2126 3045 2278 3116 libri,
2319 3064 2438 3120 quo
2477 3045 2618 3103 vitio

364 3155 471 3213 vix
504 3173 657 3214 unus
696 3157 957 3215 omnium
1002 3157 1264 3215 codicum
1307 3156 1575 3213 omnium
1617 3156 1970 3231 scriptorum
2012 3171 2240 3213 vacuus
2279 3153 2490 3225 fuerit,
2529 3154 2618 3211 le-

366 3265 585 3324 ctiones
625 3266 1007 3343 interpolatas
1046 3264 1267 3338 ferunt,
1313 3281 1465 3339 quae
1503 3282 1580 3321 ex
1620 3263 1692 3321 iis
1730 3263 1792 3319 in
1822 3261 2098 3322 editiones
2126 3263 2461 3340 posterioris
2489 3264 2621 3322 aevi

366 3375 742 3447 transierunt,
790 3384 986 3433 tamen
1025 3392 1126 3433 eos
1163 3373 1505 3442 melioribus
1536 3350 1834 3431 codicibus
1863 3373 2016 3431 tertii
2045 3372 2261 3432 ordinis
2290 3374 2618 3434 adscribere

366 3500 485 3540 non
513 3483 735 3556 dubito,
779 3493 839 3543 et
865 3485 1049 3543 nimia
1083 3482 1396 3542 severitate
1424 3483 1614 3541 dicam
1643 3501 1718 3541 an
1746 3483 2049 3558 iniquitate
2078 3484 2152 3541 de
2182 3482 2432 3543 Gelenio
2461 3486 2616 3543 eius-

367 3609 483 3667 que
531 3609 712 3668 opera
752 3593 948 3652 Plinio
992 3594 1256 3670 impensa
1300 3593 1580 3652 iudicavit
1620 3593 1905 3652 Erasmus
1959 3587 2111 3674 (vid.
2155 3594 2337 3653 vitam
2377 3593 2618 3652 Erasmi

364 3721 425 3778 p.
464 3697 613 3760 379.
664 3701 801 3761 edit.
850 3697 1068 3782 1612.)
1120 3702 1344 3762 dicens:
1423 3700 1753 3776 „Gelenius
1804 3721 1869 3761 se
1909 3710 2090 3778 putat
2136 3721 2266 3761 rem
2313 3704 2616 3762 mirificam

362 3812 748 3889 praestitisse,
787 3830 899 3888 ego
929 3830 1135 3872 censeo
1162 3814 1383 3871 crimen
1419 3831 1553 3872 esse
1579 3812 1935 3889 inexpiabile
1944 3812 2009 3882 ”3
2050 3831 2228 3888 quam
2270 3811 2518 3889 diligens
2557 3819 2618 3871 et

363 3932 673 3982 accuratus
714 3924 778 3982 in
819 3924 1085 3982 codicum
1128 3930 1282 3982 certe
1329 3923 1683 3982 lectionibus
1725 3922 2040 3981 afferendis
2085 3919 2367 3982 Gelenius
2416 3922 2613 3995 fuerit,

364 4031 577 4092 docent
601 4031 771 4094 Bast.
812 4035 872 4094 in
910 4034 1077 4110 epist.
1113 4032 1239 4094 crit.
1268 4052 1327 4109 p.
1358 4029 1463 4093 42.
1510 4040 1570 4092 et
1605 4031 1953 4112 Bernhardy
1979 4035 2136 4095 anal.
2159 4035 2241 4093 ad
2270 4051 2472 4110 geogr.
2503 4031 2612 4093 Gr.

362 4143 503 4201 min.
534 4162 593 4219 p.
628 4140 727 4204 18.
1466 4157 1475 4164 “
