2961 4861
357 332 481 399 256
1066 342 1472 399 NArUnAms
1517 351 1906 398 fflsroanu:

355 524 632 567 vennam
659 500 1077 583 Altinumque
1127 522 1245 585 per
1286 521 1420 563 cxx
1449 523 1500 563 u
1526 523 1615 586 p.,
1662 512 1876 564 tamen
1935 524 2062 584 qua
2119 502 2364 589 largius
2407 507 2606 569 vomit

356 612 607 687 septem
662 603 863 666 maria
917 601 1127 665 dictus
1181 601 1415 664 facere.
1480 600 1788 687 Augusta
1828 601 2003 666 fossa
2043 601 2422 668 Ravennam
2467 620 2600 669 tra-

283 726 286 735 *
353 704 528 768 hitur
542 752 562 780 ,
607 702 719 767 ubi
761 702 1026 766 Padusa
1068 710 1354 778 vocatur,
1401 702 1724 784 quondam
1763 700 2172 768 Messanicus
2214 705 2599 788 appellatus.

270 864 286 880 ,
352 805 750 869 Proxumum
789 803 941 867 inde
983 801 1220 866 ostium
1260 802 1774 888 magnitudinem
1816 816 2041 889 portus
2081 805 2279 870 habet
2318 806 2428 889 qui
2456 806 2597 870 Va-

353 906 521 970 treni
572 903 809 968 dicitur
825 951 843 980 ,
898 925 1028 986 qua
1071 899 1384 966 Claudius
1431 899 1676 967 Caesar
1730 926 1766 966 e
1805 901 2144 968 Britannia
2198 907 2598 992 triumphans

351 1002 740 1093 praegrandi
797 1003 909 1068 illa
961 1003 1155 1066 domo
1209 1002 1422 1066 verius
1480 1024 1675 1085 quam
1736 1026 1902 1069 nave
1954 1006 2216 1069 intravit
2255 1005 2591 1071 Hadriam.

349 1106 499 1171 Hoc
540 1116 691 1170 ante
733 1103 1088 1168 Eridanum
1132 1102 1366 1167 ostium
1409 1102 1833 1181 dictum,est,
1878 1104 1960 1169 ab
2004 1105 2147 1171 aliis
2191 1103 2595 1190 Spineticum

348 1207 433 1272 ab
487 1206 646 1271 urbe
706 1203 943 1291 Spina,
1012 1226 1178 1287 quae
1235 1203 1361 1267 fuit
1415 1203 1597 1267 iuxta
1653 1205 2066 1288 praevalens,
2125 1217 2201 1270 ut
2255 1207 2594 1292 Delphicis

345 1308 663 1372 creditum
699 1317 799 1371 est
842 1303 1180 1380 thesauris,
1227 1302 1488 1367 condita
1513 1324 1553 1365 a
1578 1301 1917 1370 Diomede.
1962 1304 2188 1393 Auget
2216 1306 2308 1371 ibi
2334 1306 2593 1373 Padum

346 1410 676 1474 Vatrenus
732 1407 938 1471 amnis
997 1428 1080 1470 ex
1132 1403 1688 1470 Forocorneliensi
1743 1429 1918 1492 agro.
1988 1407 2387 1473 Proxumum
2437 1409 2591 1475 inde

317 1504 582 1574 =ostium
612 1506 981 1593 Caprasiae,
1026 1505 1173 1570 dein
1222 1502 1437 1590 Sagis,
1484 1504 1637 1569 dein
1676 1504 1926 1571 Volane
1971 1509 2146 1591 quod
2187 1522 2337 1575 ante
2380 1509 2590 1577 Olane

346 1609 715 1686 vocabatur,
759 1606 974 1671 omnia
1017 1628 1096 1670 ea
1135 1605 1309 1669 fossa
1350 1602 1582 1668 Flavia
1622 1627 1816 1688 quam
1855 1608 2045 1692 primi
2088 1631 2128 1672 a
2172 1606 2334 1696 Sagi
2376 1611 2589 1676 fecere

343 1712 564 1789 Tusci,
612 1718 834 1798 egesto
872 1708 1077 1772 amnis
1131 1705 1360 1790 inpetu
1411 1727 1531 1791 per
1574 1717 2009 1771 transversum
2055 1709 2125 1773 in
2167 1710 2587 1778 Atrianorum

342 1812 621 1898 paludis,
682 1832 848 1894 quae
892 1819 1140 1894 septem
1181 1807 1380 1870 maria
1421 1806 1846 1891 appellantur,
1890 1809 2090 1874 nobili
2131 1823 2324 1896 portu
2365 1815 2587 1901 oppidi

342 1913 704 1977 Tuscorum
746 1909 975 1974 Atriae
1017 1932 1058 1972 a
1099 1930 1229 1991 quo
1269 1905 1664 1971 Atriaticum
1692 1912 1880 1973 'mare
1923 1921 2072 1974 ante
2115 1913 2580 1996 appellabatur,

343 2013 519 2096 quod
559 2033 731 2075 nuno
773 2008 1239 2073 Hadriaticum.
1303 2006 1466 2072 Inde
1512 2007 1677 2072 ostia
1717 2009 1908 2092 plena
1953 2007 2385 2092 Carbonaria,
2444 2015 2581 2080 fos-

340 2114 554 2179 siones
596 2109 941 2175 Philistina
979 2108 1154 2192 quod
1194 2108 1303 2173 alii
1346 2107 1691 2172 Tartarum
1734 2121 1967 2173 vocant
1984 2158 2001 2186 ,
2046 2112 2259 2177 omnia
2300 2136 2383 2178 ex
2423 2113 2579 2180 Phi-

336 2212 590 2279 listinae
631 2211 844 2275 fossae
884 2208 1313 2273 abundatione
1356 2208 1720 2286 nascentia,
1766 2209 2229 2277 adcedentibus
2263 2212 2454 2280 Atesi
2499 2239 2580 2282 ex

337 2312 736 2379 Tridentinis
802 2309 1082 2398 Alpibus
1157 2319 1226 2373 et
1296 2306 1624 2396 Togisono
1705 2331 1787 2372 ex
1858 2309 2319 2378 Patavinorum
2383 2317 2578 2404 agris.

403 2491 735 2555 Altinumque,
759 2487 1024 2538 R²ATd.
1059 2483 1276 2534 ,Akinam
1314 2500 1388 2543 ue,
1410 2484 1509 2533 R1.
1545 2479 1924 2547 Atinumquejss.
1968 2526 2031 2540 -,.
2068 2505 2172 2551 per,
2195 2490 2331 2540 Pint.
2355 2486 2575 2542 RAOd.

337 2560 454 2611 Om.
486 2554 542 2620 β.
582 2598 644 2607 .-
682 2573 796 2619 qua,
828 2545 1055 2604 RAOd.
1105 2551 1235 2614 quia,
1266 2501 1326 2612 g.
1375 2591 1438 2599 -.
1485 2551 1690 2615 lonyius,
1721 2553 1790 2602 A.
1840 2592 1903 2601 -.
1950 2553 2113 2616 movit,
2152 2559 2315 2606 codex
2337 2557 2477 2609 Cort.
2511 2562 2577 2610 ad

334 2629 528 2677 Lucan.
555 2631 600 2679 6.
627 2630 706 2673 24.
750 2662 802 2670 .-
853 2619 1105 2684 Auyusta,
1138 2619 1247 2668 RA
1260 2619 1347 2667 ad.
1405 2627 1634 2681 amasia,
1668 2614 1726 2679 β.
1771 2660 1835 2668 -.
1879 2618 2118 2681 Pactusa,
2149 2625 2212 2673 R.
2260 2664 2320 2672 -..
2377 2624 2576 2675 Messa..

337 2692 511 2753 nicu85
550 2706 641 2754 pro
675 2691 773 2738 hac
804 2702 930 2736 voce
963 2686 1169 2734 coniicit
1201 2684 1357 2734 amnis
1391 2684 1574 2749 Spinus
1607 2686 1783 2748 Unger
1813 2690 1876 2737 de
1897 2689 2087 2751 Valgio
2113 2690 2252 2740 Rufo
2280 2707 2329 2755 p.
2357 2699 2471 2743 248.
2510 2735 2571 2742 .-

348 2757 567 2819 Vatreni,
590 2758 658 2807 A.
716 2752 963 2813 Vatcreni,
986 2754 1093 2802 Rd.
1131 2793 1193 2801 ...
1231 2769 1347 2815 qua,
1379 2745 1492 2801 AB
1516 2750 1698 2815 (Rob.)
1743 2769 1848 2817 que,
1870 2756 1934 2804 R.
1980 2772 2122 2819 quae,
2148 2761 2194 2807 d.
2240 2776 2347 2821 quo,
2369 2755 2470 2823 βγ.
2509 2801 2572 2810 .-

338 2827 534 2876 Cacsar
555 2821 889 2880 Britanniam,
912 2821 1043 2870 Rob.

402 2893 431 2954 ξ
459 2899 571 2943 120.
618 2892 694 2949 ab,
719 2889 991 2940 RATdo.
1029 2887 1206 2939 Omitt.
1229 2882 1330 2951 βγ.
1378 2925 1441 2934 -
1488 2881 1790 2950 Spineticum,
1822 2889 2032 2940 Bai-bar.
2059 2892 2121 2941 Τ.
2165 2889 2476 2957 Speneticum,
2500 2896 2571 2945 A.

331 2958 632 3025 Spireticum‚
656 2960 761 3008 Κσ.
788 2955 1068 3017 Pineticum,
1091 2957 1197 3004 Rd.
1226 2995 1288 3002 -.
1321 2956 1438 3004 urbe
1460 2950 1635 3016 Spina,
1664 2955 1871 3005 Barbar.
1900 2958 2019 3007 urbe
2042 2955 2229 3023 Spatia,
2252 2961 2420 3010 R²A.
2456 2963 2575 3010 urbe

333 3029 505 3094 Spira‚
530 3043 578 3077 σ.
615 3025 869 3090 urispana.
893 3025 991 3074 R1.
1028 3021 1299 3086 arhiepina,
1324 3024 1404 3071 d1.
1441 3021 1559 3070 urbe
1584 3019 1795 3085 hispana,
1821 3026 1901 3073 (1²,
1930 3066 1991 3072 -
2028 3035 2079 3074 ut
2099 3024 2377 3090 Delphicis,
2402 3029 2450 3078 R
2460 3029 2570 3078 Ad,

330 3096 583 3162 Delphicis
602 3104 666 3155 ut,
689 3095 824 3144 Pint.
851 3084 942 3140 Gr.
971 3132 1033 3140 -
1059 3090 1184 3150 inde,
1201 3090 1309 3139 Ad.
1335 3088 1459 3148 dein,
1478 3090 1542 3138 R.
1569 3129 1631 3137 ...
1658 3088 1790 3151 quod
1810 3099 1937 3151 ante,
1956 3093 2024 3141 A.
2060 3094 2201 3157 quod,
2228 3096 2307 3143 ὀὶ.
2335 3093 2464 3155 dein,
2489 3099 2569 3144 d¹.

333 3165 448 3214 Om.
484 3164 548 3212 R.
596 3202 658 3210 -.
709 3160 881 3217 Olane,
917 3161 1062 3208 codd.
1096 3159 1302 3207 Barbnr.
1349 3154 1533 3211 eolane,
1567 3157 1633 3205 A.
1681 3157 1871 3218 valane,
1904 3161 1959 3225 d.
2000 3158 2184 3220 Alana,
2227 3153 2283 3209 θ.
2320 3160 2498 3224 Alana,
2522 3176 2569 3211 σ.

333 3231 447 3280 Om.
471 3231 537 3278 R.
578 3269 639 3275 -
662 3227 820 3290 fossa
841 3226 1025 3275 Flavia
1050 3242 1212 3286 quam,
1236 3225 1298 3273 R.
1320 3225 1479 3288 fossa
1500 3222 1689 3274 Fluvia
1713 3241 1872 3287 quam,
1897 3227 1965 3275 A.
1984 3227 2148 3288 fossa
2171 3227 2355 3277 Flavia
2372 3245 2570 3292 aquam,

331 3298 436 3346 Td.
465 3293 682 3358 flumina
697 3293 992 3355 fossasque,
1025 3288 1124 3356 βγ.
1169 3294 1318 3342 Hanc
1349 3291 1552 3340 foedam
1585 3292 2045 3355 interpolationem,
2085 3303 2282 3344 mutata
2314 3303 2571 3358 praeterea

330 3361 749 3425 interpunctione,
774 3373 927 3422 qnam
957 3361 1113 3420 vulgo
1147 3374 1283 3422 pone
1318 3359 1586 3407 vocabatur
1614 3359 1768 3421 plena
1790 3360 1901 3421 fuit,
1926 3377 2045 3425 prae
2070 3363 2301 3412 codicum
2327 3364 2572 3426 scriptura

330 3431 653 3481 deserendam
688 3427 991 3489 putavimus.
1037 3427 1338 3489 Explicatur
1357 3441 1477 3475 vero
1514 3441 1574 3474 ea
1594 3426 1758 3488 primo
1794 3428 1975 3477 obtutu
2007 3430 2162 3492 paulo
2199 3430 2459 3480 obscurior
2480 3445 2571 3493 per

328 3499 482 3547 verba
504 3499 533 3560 ξ
563 3501 672 3545 121.
698 3492 856 3542 omnia
880 3490 1063 3554 (ostia)
1089 3507 1150 3540 ex
1173 3491 1659 3556 Philistinaesossae
1685 3494 2008 3544 abundatione
2032 3496 2296 3545 nascentia.
2338 3499 2568 3561 Apparet

327 3566 549 3616 Plinium
574 3561 883 3624 superiorum
905 3560 1033 3609 Padi
1056 3560 1299 3608 ostiorum
1325 3560 1570 3622 originem
1589 3575 1705 3608 cum
1723 3561 2039 3612 inferioribus
2057 3565 2415 3626 composuisse,
2439 3567 2569 3614 unde

328 3633 543 3683 breviter
577 3631 740 3679 dicere
771 3628 955 3690 potuit,
989 3627 1080 3675 illa
1115 3627 1246 3675 ostia
1268 3628 1470 3690 proprie
1493 3628 1624 3675 nihil
1646 3628 1801 3677 fuisse
1824 3630 1919 3678 nisi
1942 3630 2131 3680 fossam
2154 3633 2402 3692 Flavium,
2437 3647 2571 3694 quae

328 3701 599 3764 explicatio
635 3698 676 3748 si
709 3697 789 3745 cni
823 3696 995 3745 durior
1028 3695 1290 3754 videbitur,
1324 3695 1509 3744 scribat
1542 3695 1629 3744 ille
1653 3714 1677 3744 e
1684 3697 1843 3758 fossa
1864 3697 2063 3757 Flavia,
2091 3714 2220 3760 quae
2242 3700 2567 3763 praepositio,

326 3783 443 3817 cum
475 3768 670 3817 litterae
703 3780 728 3812 e
759 3765 874 3827 ets
895 3763 1174 3812 sexcenties
1206 3762 1336 3810 inter
1368 3776 1420 3810 se
1451 3762 1837 3826 confundant-ur,
1869 3764 2109 3815 facillime
2141 3768 2371 3828 sequenti
2400 3767 2568 3817 littera

325 3835 578 3885 absorberi
613 3832 796 3895 potuit.
835 3872 896 3880 .-.
939 3829 1089 3894 primi
1109 3847 1142 3878 a
1165 3826 1301 3893 Sam,
1326 3832 1372 3878 d.
1404 3829 1554 3893 primi
1574 3828 1749 3893 Asayi,
1783 3832 1976 3881 ATro·
2003 3830 2258 3894 (Pession.
2290 3835 2469 3884 Ambr.
2494 3830 2564 3895 Ι.)

320 3903 469 3966 primi
488 3898 689 3965 Assaqt‘,
713 3899 891 3948 Ambr.
917 3898 986 3947 11.
1019 3896 1314 3962 primasayi,
1338 3898 1402 3946 R.
1440 3937 1502 3946 ,-
1523 3899 1719 3960 facere,
1743 3898 1810 3946 A.
1839 3940 1900 3947 .-
1938 3900 2096 3964 eqesff,
2121 3901 2188 3949 A.
2217 3941 2278 3950 -..
2312 3904 2565 3965 ρξ’ναυεν-

326 3985 444 4031 sum,
478 3970 541 4018 R.
590 4008 652 4016 -
696 3966 909 4030 ραῑιιάοε
941 3964 1348 4025 Hadrianoi-um,
1373 3978 1422 4013 σ.
1459 4005 1521 4012 -
1571 3963 1866 4028 appellatur,
1889 3969 1952 4017 R.
1991 4008 2054 4016 -.
2091 3985 2150 4032 op
2185 3967 2268 4028 idi,
2293 3970 2358 4017 A.
2386 3969 2562 4019 Omitt.

324 4036 429 4085 Rd.
486 4076 547 4085 .-
602 4032 800 4094 Atriae,
835 4035 923 4084 Rd
958 4031 1126 4095 (codd.
1160 4029 1394 4094 Barbar.)
1446 4031 1646 4089 Arriae,
1679 4032 1745 4080 A.
1801 4075 1861 4081 -
1918 4051 1952 4082 a
1989 4052 2083 4098 quo
2113 3986 2438 4097 dir-iaticum,
2472 4037 2564 4085 Rd

323 4099 496 4163 (codd.
528 4097 761 4160 Barbar.)
815 4118 849 4149 a
885 4118 977 4163 quo
1010 4100 1280 4161 triaticum,
1316 4101 1381 4149 A.
1437 4116 1471 4147 a
1507 4117 1602 4162 quo
1633 4097 1942 4161 hadriacum‚
1977 4116 2024 4149 σ.
2080 4143 2142 4151 -
2199 4101 2563 4167 appellabatur,

320 4171 404 4222 1³¹
419 4170 486 4219 A.
524 4165 853 4232 appellantur,
877 4170 955 4218 13¹
976 4170 1021 4217 d.

391 4235 420 4297 ξ
449 4241 562 4286 121.
602 4234 766 4300 plena,
790 4236 994 4285 Barbar.
1020 4234 1146 4284 ΒΑ.
1193 4251 1226 4281 a
1245 4233 1409 4297 plena,
1434 4236 1515 4282 do·
1532 4230 1734 4293 (Ambr.
1761 4231 1925 4296 1.-11.)
1975 4276 2034 4283 -.
2067 4236 2341 4298 ,ΐοεείοηεῆ
2365 4239 2412 4287 d.
2442 4239 2559 4300 sos.

322 4303 487 4356 siones
510 4319 583 4365 ac,
607 4302 733 4353 BA·
771 4319 831 4351 ac
840 4301 1110 4364 fossiones,
1135 4296 1234 4363 βγ.
1275 4340 1333 4348 .-
1373 4298 1660 4359 Philistina,
1685 4301 1793 4350 ΒΑ
1808 4303 1853 4350 d.
1890 4300 2206 4362 Philistinae,
2230 4299 2330 4368 βγ.
2375 4305 2557 4362 Dictae

842 4491 964 4576 Ἣ

2626 1126 2727 1170 120

2613 2032 2704 2076 121
