2961 4861
903 354 1043 403 mn.
1076 355 1150 401 11.
1209 354 1365 402 cAP.
1397 356 1591 402 1-.v‚
1650 350 1845 403 SEGT.
1884 361 2009 401 1-4.
2440 345 2561 409 103

277 506 511 572 molis
553 515 797 571 rotatae
842 506 1156 592 vertigine
1200 506 1471 571 adsidua
1516 507 1761 573 sonitus
1784 557 1802 586 ,
1864 529 1990 598 non
2035 510 2329 594 equidem
2373 513 2561 579 facile

280 605 617 684 dixerim,
663 629 790 672 non
817 606 1101 673 Hercule
1130 608 1359 693 magis,
1406 629 1600 691 quam
1636 608 2160 676 circumactorum
2205 612 2395 678 simul
2437 614 2560 678 tin-

194 755 199 756 .
279 706 496 772 nitus
540 707 821 772 siderum
864 730 1142 792 suosque
1185 708 1576 775 volventium
1620 707 1793 774 orbis
1812 715 1817 720 '
1837 733 1921 774 an
1964 710 2171 777 dulcis
2207 714 2470 797 quidam
2501 725 2566 778 et

282 808 681 874 incredibili
711 808 1029 874 suavitate
1058 819 1424 876 concentus.
1485 808 1686 875 Nobis
1717 808 1827 894 qui
1856 810 2033 877 intus
2062 813 2338 901 agimus,
2382 815 2565 879 iuxta
2594 832 2620 878 7

290 909 556 980 diebus
597 909 1022 994 noctibusque
1067 910 1300 975 tacitus
1341 909 1580 977 labitur
1620 911 1917 976 mundus.
1988 911 2155 979 Esse
2197 914 2565 981 innumeras

289 1009 361 1075 ei
415 1011 680 1096 effigies
724 1012 1095 1077 animalium
1136 1032 1478 1095 rerumque
1524 1021 1895 1076 cunctarum
1938 1013 2261 1100 inpressas
2305 1039 2445 1094 nec,
2490 1026 2566 1081 ut

288 1111 371 1176 in
423 1114 768 1178 volucrum
809 1122 1106 1177 notamus
1148 1111 1285 1178 ovis
1310 1160 1328 1190 ‚
1374 1110 1679 1179 laevitate
1723 1113 2020 1179 continua
2060 1116 2377 1182 lubricum
2422 1140 2561 1182 cor-

288 1235 441 1298 pus
471 1260 490 1289 ,
537 1213 711 1297 quod
754 1212 1087 1279 clarissimi
1130 1223 1421 1279 auctores
1465 1213 1689 1278 dixere
1703 1261 1720 1290 ,
1767 1236 1980 1278 rerum
2024 1217 2419 1302 argumentis
2462 1217 2563 1281 in-

291 1312 597 1391 dicatur,
644 1314 944 1398 quoniam
984 1313 1134 1378 inde
1178 1313 1467 1379 deciduis
1508 1336 1724 1380 rerum
1766 1314 2050 1380 omnium
2087 1317 2434 1383 seminibus
2462 1318 2562 1381 in-

293 1436 628 1480 numerae
669 1415 737 1478 in
778 1414 940 1479 mari
980 1413 1343 1500 praecipue,
1390 1437 1467 1480 ac
1493 1417 1871 1501 plerumque
1915 1417 2219 1494 confusis,
2263 1419 2563 1483 monstri-

295 1516 487 1580 ficae
515 1515 864 1603 gignantur
894 1514 1176 1603 effigies3
1221 1526 1558 1601 praeterea
1585 1516 1763 1581 visus
1791 1517 2186 1603 probatione,
2225 1519 2376 1585 alibi
2405 1519 2562 1598 ursi,
2592 1539 2621 1582 s

301 1617 491 1682 tauri
533 1616 716 1694 alibi,
763 1616 916 1681 alibi
957 1616 1208 1681 litterae
1248 1615 1461 1703 figura
1478 1664 1498 1694 ,
1545 1617 1911 1683 candidiore
1953 1619 2165 1686 medio
2207 1642 2326 1705 per
2368 1621 2564 1685 verti-

301 1740 465 1782 cem
508 1717 765 1784 circulo.
873 1716 992 1781 IV.
1064 1715 1391 1801 Equidem
1450 1727 1517 1782 et
1572 1739 1885 1783 consensu
1940 1719 2232 1805 gentium
2286 1742 2564 1786 moveor.

299 1817 492 1883 Nam
521 1839 716 1902 quem
742 1817 964 1900 κόσμον
995 1814 1234 1883 Graeci
1261 1816 1516 1882 nomine
1546 1819 1900 1883 ornamenti
1928 1820 2335 1904 appellavere
2351 1869 2370 1900 ,
2419 1844 2568 1887 eum

304 1929 384 1983 et
442 1940 561 1983 nos
614 1941 653 1982 a
704 1917 995 2004 perfecta
1052 1917 1471 2003 apsolutaque
1528 1917 1848 2005 elegantia
1890 1919 2220 1984 mundum.
2296 1918 2566 1988 Caelum
2594 1939 2623 1982 9

304 2019 588 2103 quidem
629 2019 786 2084 haut
828 2017 1022 2084 dubie
1067 2018 1292 2084 caelati
1335 2030 1713 2104 argumento
1757 2018 2036 2085 diximus
2061 2069 2077 2098 ,
2134 2032 2205 2085 ut
2247 2022 2563 2108 interpre-

308 2130 500 2184 tatur
539 2117 636 2183 M.
682 2118 909 2187 Varro.
982 2118 1276 2184 Adiuvat
1315 2141 1533 2184 rerum
1572 2118 1764 2198 ord0,
1812 2119 2133 2207 descripto
2176 2123 2411 2190 circulo
2456 2123 2566 2206 qui

308 2220 594 2307 signifer
637 2231 903 2286 vocatur
944 2221 1010 2284 in
1054 2220 1392 2287 duodecim
1433 2220 1802 2286 animalium
1847 2222 2133 2311 effigies,
2181 2235 2247 2289 et
2279 2246 2396 2309 per
2424 2224 2565 2289 illas

310 2322 478 2388 solis
523 2344 748 2387 cursus
790 2344 1150 2409 congruens
1197 2332 1291 2387 tot
1332 2320 1606 2387 saeculis
1648 2322 1832 2387 ratio.
2689 2391 2692 2392 ⁷

405 2422 495 2489 V.
566 2424 629 2488 4.
671 2421 811 2490 Nec
853 2424 935 2490 de
979 2422 1310 2490 elementis
1352 2421 1542 2487 video
1586 2422 1868 2488 dubitari
1886 2472 1904 2501 ,
1950 2434 2252 2509 quattuor
2281 2447 2421 2492 esse
2452 2448 2563 2490 ea:
2598 2442 2662 2496 lo

314 2524 575 2614 ignium
612 2547 968 2602 summum3
1012 2524 1163 2589 inde
1209 2533 1303 2590 tot
1347 2522 1672 2588 stellarum
1715 2523 1855 2588 illos
1901 2524 2368 2589 conlucentium
2410 2548 2564 2591 ocu-

320 2664 618 2717 laevitatem
651 2662 949 2725 continuam,
979 2664 1038 2713 P.
1087 2705 1148 2712 ...
1194 2661 1476 2722 clarissimi,
1512 2665 1558 2711 d.
1597 2659 1942 2725 clarissimam,
1969 2656 2240 2728 &Pabgp
2264 2661 2567 2725 (Richelet.)

320 2735 452 2784 Vid.
476 2732 609 2781 Plat.
635 2731 831 2780 Timae.
855 2746 905 2793 p.
932 2737 1013 2780 33.
1035 2732 1096 2779 Β.
1122 2731 1227 2780 Cic.
1252 2731 1316 2780 N.
1340 2732 1405 2780 D.
1434 2736 1480 2788 2,
1507 2735 1588 2779 28.
1616 2770 1677 2777 .-.
1705 2727 1893 2792 dixere,
1921 2745 2020 2780 om.
2047 2732 2105 2781 P.
2145 2772 2208 2780 -
2245 2749 2422 2793 rerum,
2446 2734 2568 2782 Pin-

319 2803 449 2852 tian.
489 2814 566 2848 ar.
603 2813 785 2859 verum,
808 2799 944 2862 Ppo
971 2794 1273 2860 (Richelet.)
1320 2805 1545 2860 tenerum,
1577 2792 1719 2860 bgss.
1767 2805 2082 2860 terrenorum,
2118 2792 2176 2848 θ.
2236 2808 2457 2849 tenerum.
2502 2799 2567 2849 al.

325 2868 513 2927 berum,
554 2869 602 2916 d.
657 2882 820 2915 veram
860 2874 923 2926 et,
966 2869 1110 2915 codd.
1151 2866 1376 2915 Barbari.
1431 2906 1494 2914 -
1552 2863 1821 2927 indicatur,
1845 2881 1883 2915 r.
1937 2866 2167 2926 indicant,
2189 2867 2249 2915 P.
2296 2864 2567 2928 iudicatur,

321 2929 514 2986 'reah
525 2935 603 2996 dg
645 2931 948 2995 (Richelet.)
994 2932 1257 2994 indicator,
1291 2948 1340 2996 p.
1391 2973 1451 2980 .-
1501 2931 1724 2993 omnium,
1767 2947 1868 2980 om.
1903 2948 1935 2982 a
1952 2935 1984 2981 ¹.
2041 2973 2102 2980 -
2154 2943 2463 2995 qemi-antur,
2502 2935 2569 2984 Κ.

325 3002 703 3066 ᾰίῃεπεναπταν,
725 3000 784 3049 Ρ.

397 3067 428 3128 ἓ
455 3073 501 3118 8.
539 3065 826 3131 probatione
836 3085 854 3127 ,-
885 3069 1020 3117 hanc
1041 3082 1226 3116 vocem
1258 3068 1492 3130 proxime
1525 3074 1804 3128 sequuntur
1836 3064 1964 3114 alibi
1991 3065 2215 3128 plaustri
2245 3067 2299 3113 in
2333 3067 2508 3115 codice
2541 3083 2573 3115 a

326 3154 361 3186 a
394 3152 551 3184 manu
583 3138 803 3185 secunda
834 3143 885 3184 et
914 3131 1027 3199 βγς
1064 3150 1124 3184 ea
1157 3135 1320 3184 omitt.
1357 3135 1446 3183 Pa
1467 3135 1567 3182 'db
1577 3148 1627 3195 g,
1654 3140 1705 3180 et
1729 3132 2009 3180 omittenda
2032 3145 2141 3180 esse
2165 3133 2316 3181 docet
2338 3139 2443 3181 tam
2467 3133 2579 3196 ipsa

326 3219 409 3254 res
433 3201 576 3266 (cum
599 3219 743 3253 ursus
767 3210 817 3251 et
841 3204 1124 3265 plaustrum
1146 3202 1285 3250 sidus
1308 3201 1443 3249 idem
1461 3201 1769 3261 significent3
1792 3199 1892 3247 vid.
1917 3198 2062 3247 Arat.
2083 3198 2354 3262 phaenom.
2368 3203 2446 3250 27.
2461 3214 2578 3248 cum

327 3275 504 3321 adnot.
528 3268 746 3332 vossii),
767 3285 920 3331 quam
945 3270 1178 3318 codicum
1202 3268 1476 3316 auctoritas
1511 3267 1810 3314 confirmata
1841 3280 1932 3328 per
1962 3265 2026 3327 T,
2059 3266 2113 3314 in
2148 3279 2250 3328 quo
2283 3266 2473 3330 legitur
2502 3267 2581 3316 vel

323 3339 554 3403 plaustri,
579 3353 682 3401 qua
703 3337 953 3400 particula
974 3336 1028 3384 in
1053 3335 1311 3384 codicibus
1344 3334 1625 3383 sexcenties
1672 3332 2069 3397 dittographiam
2118 3333 2328 3384 indicari
2363 3341 2579 3395 constat,

328 3413 385 3454 et
407 3406 456 3464 d,
481 3405 568 3466 qui
589 3405 785 3452 nomini
809 3403 916 3452 ursi
939 3402 1332 3466 suprascriptum
1357 3402 1512 3451 habet
1536 3400 1603 3450 al.
1623 3400 1836 3466 plaustri
1866 3401 1900 3449 i.
1940 3416 1983 3451 e.
2010 3400 2163 3462 alias,
2188 3403 2310 3451 item
2334 3405 2399 3451 ad
2423 3403 2577 3465 signi-

332 3473 584 3522 ficandam
627 3471 860 3520 lectionis
900 3471 1212 3519 varietatem.
1262 3467 1509 3533 plaustra,
1535 3482 1581 3517 σ.
1620 3509 1684 3518 -
1722 3467 1865 3528 alibi,
1893 3467 2034 3529 alibi,
2059 3470 2237 3532 abdg.
2258 3468 2403 3530 alibi,
2427 3470 2486 3519 P.
2514 3510 2578 3518 -.

335 3539 544 3599 litterae,
569 3538 801 3600 abdgK.
837 3533 877 3585 Δ
904 3538 1068 3598 litera,
1092 3537 1293 3586 Richel.
1330 3578 1393 3586 -.
1412 3537 1611 3601 siqui-a,
1637 3539 1685 3586 d.
1705 3537 1931 3600 fiqarae,
1956 3538 2046 3585 ab.
2076 3535 2190 3586 Om.
2217 3552 2265 3600 g.
2305 3578 2368 3585 -
2404 3536 2580 3586 candi-

334 3607 482 3656 diora
516 3623 554 3666 ε,
589 3606 650 3654 Τ.
699 3645 760 3653 .-
800 3619 908 3668 per,
941 3605 1259 3667 STabdgr.
1303 3620 1466 3669 super,
1503 3600 1660 3667 Ppfi.
1711 3645 1771 3652 -.
1817 3603 2070 3668 Namque,
2094 3605 2187 3653 Po·
2218 3600 2478 3666 (Robert.)
2519 3640 2580 3652 .-

331 3687 542 3734 cosmon,
567 3687 614 3720 σ.
651 3687 850 3732 οοεηιοε,
874 3673 1126 3736 Pa²bgp
1175 3668 1436 3734 (Robert.)
1472 3672 1651 3723 omitt.
1686 3672 1813 3721 a¹d.
1853 3712 1914 3720 -
1953 3667 2288 3734 appellavere,
2340 3672 2413 3720 ab
2428 3673 2583 3734 dgpr

334 3737 598 3803 (Robert.)
635 3737 1019 3804 appellaverunt,
1043 3735 1154 3800 Ρβ.
1193 3781 1254 3789 .-
1294 3746 1357 3800 et,
1383 3740 1618 3803 TPdgp
1660 3736 1921 3801 (Robert.)
1949 3737 2127 3788 Omitt.
2156 3732 2344 3802 abssr.

402 3806 434 3868 ξ
461 3814 506 3858 9.
546 3807 777 3868 diximus,
819 3808 944 3857 Pab
958 3809 1048 3870 dg.
1112 3807 1333 3867 dicimus,
1365 3820 1448 3870 rr.
1489 3847 1551 3856 .-
1600 3807 1784 3866 Vari-0,
1818 3809 1879 3855 de
1911 3805 2090 3868 lingua
2122 3806 2236 3855 Lat.
2266 3810 2310 3854 5.
2337 3803 2367 3864 ξ
2396 3810 2473 3854 18.
2500 3805 2581 3852 ed.

332 3877 535 3927 Muller.
576 3916 638 3923 ..-
674 3883 881 3935 notatur,
905 3876 964 3925 P.
1004 3915 1066 3922 -.
1102 3891 1289 3935 cursus,
1314 3875 1571 3938 Pabdgp
1606 3870 1865 3936 (Robert.)
1913 3873 2114 3949 cursui,¹
2135 3873 2230 3921 Tr.
2272 3913 2332 3920 .-.
2371 3871 2581 3921 circulo-

337 3961 459 4003 rum,
483 3961 522 3992 r.
842 4000 849 4003 ¹

404 4009 433 4071 ξ
462 4016 540 4060 10.
578 4007 735 4071 Nunc,
759 4011 819 4059 P.
861 4050 921 4058 ..
959 4024 1066 4058 esse
1093 4027 1168 4070 ea,
1202 4010 1465 4059 TPa²bd
1477 4022 1557 4071 gp
1590 4003 1852 4068 (Robert.)
1889 4024 2005 4067 esse,
2043 4009 2113 4055 a¹.
2153 4020 2215 4055 ea
2238 4020 2357 4066 esse,
2380 4000 2481 4070 βγ.
2522 4045 2584 4054 ..-

340 4078 540 4139 iynium,
590 4078 797 4128 Barbar.
852 4077 924 4126 ab
934 4092 982 4139 g.
1048 4076 1255 4140 igneum,
1291 4075 1529 4126 Sabellio.
1565 4075 1670 4123 Td.
1727 4073 1943 4137 iynitum,
1982 4067 2083 4124 ΡΘ
2168 4068 2427 4135 (Robert.)
2465 4071 2587 4139 iyni-

338 4145 472 4206 tium‚
495 4160 542 4195 σ.
582 4146 754 4211 iynem,
778 4162 817 4194 r.
840 4186 900 4194 .-
942 4161 1185 4204 summum,
1211 4157 1300 4193 aa.
1337 4159 1529 4202 summo,
1548 4135 1742 4192 PTOd
1754 4155 1834 4204 gp
1858 4139 2089 4203 (Robert.
2143 4156 2352 4201 summa,
2370 4140 2419 4188 b.
2448 4179 2508 4188 .-
2537 4141 2588 4188 in

343 4220 422 4273 tot,
448 4229 496 4277 p.
519 4254 581 4262 -.
608 4212 717 4263 illos
741 4212 1089 4279 collucentium,
1115 4213 1248 4274 abg.
1277 4209 1391 4260 illos
1416 4218 1480 4260 tot
1512 4208 1859 4269 collus-entium,
1886 4208 1991 4258 Td.
2020 4207 2358 4258 collucentium
2384 4205 2587 4257 elemen-

344 4313 409 4362 tis
435 4314 562 4377 illos,
586 4315 647 4365 P.
683 4312 1019 4366 collus-entium
1043 4312 1172 4374 illos,
1197 4284 1414 4364 Robert:
1429 4308 1532 4375 βγ.
