2961 4861
734 354 876 401 Lm.
906 354 980 401 11.
1038 354 1192 400 CAP.
1228 352 1752 402 xxm-..nium
1806 353 1999 400 sacr.
2033 355 2212 397 25-34.
2469 335 2589 397 137

449 506 547 568 29.
596 500 783 569 Circa
828 505 1022 572 solem
1068 527 1252 568 arcus
1294 504 1592 589 adparuit
1626 502 1709 567 L.
1742 503 2004 588 Opimio
2036 501 2119 584 Q.
2151 502 2377 578 Fabio,
2422 502 2593 567 orbis

365 604 441 669 C.
485 604 713 671 Porcio
755 603 875 669 M'.
920 605 1150 681 Acilio,
1196 604 1471 669 circulus
1515 604 1690 668 rubri
1735 605 1959 669 coloris
2002 603 2083 667 L.
2127 602 2293 669 Iulio
2336 602 2411 665 P.
2456 601 2594 665 Ru-

364 705 496 770 tilio
541 727 702 771 coss.
1482 757 1495 769 .

444 805 684 871 XXX.
760 807 861 872 30.
922 806 1124 871 Fiunt
1177 806 1529 893 prodigiosi
1584 821 1647 870 et
1701 807 2018 891 longiores
2075 805 2222 871 solis
2282 803 2598 880 defectus,

363 906 569 989 qualis
633 907 844 972 occiso
910 907 1217 972 dictatore
1278 904 1557 973 Caesare
1619 919 1683 971 et
1738 907 2103 973 Antoniano
2166 905 2336 971 bello
2404 903 2599 968 totius

359 1030 563 1094 paene
609 1008 757 1071 anni
801 1009 1040 1093 pallore
1085 1008 1401 1073 continuo,

444 1107 721 1172 XXXI.
797 1109 899 1172 31.
954 1108 1044 1172 Et
1086 1131 1306 1173 rursus
1350 1111 1518 1174 soles
1559 1110 1779 1194 plures
1823 1108 2011 1174 simul
2053 1120 2431 1186 cernuntur,
2478 1128 2596 1172 nec
2624 1122 2690 1166 99

361 1234 556 1296 supra
599 1211 811 1296 ipsum
854 1230 976 1273 nec
1017 1209 1187 1272 infra
1231 1210 1346 1275 sed
1389 1232 1471 1273 ex
1513 1210 1770 1293 obliquo
1794 1257 1812 1287 ,
1868 1232 2214 1292 numquam
2258 1209 2439 1273 iuxta
2479 1230 2598 1272 nec

360 1322 583 1377 contra
628 1322 860 1375 terram
904 1333 1023 1375 nec
1064 1321 1258 1376 noctu
1301 1310 1418 1375 sed
1460 1322 1575 1374 aut
1615 1311 1858 1376 oriente
1903 1322 2014 1375 aut
2056 1311 2406 1376 occidente.
2474 1306 2596 1373 Se-

359 1412 487 1477 mel
532 1423 598 1476 et
641 1411 905 1476 meridie
949 1412 1273 1497 conspecti
1315 1413 1382 1475 in
1423 1410 1712 1496 Bosporo
1754 1411 2132 1496 produntur,
2179 1411 2290 1494 qui
2332 1410 2414 1475 ab
2458 1432 2598 1473 ma-

362 1512 569 1577 tutino
601 1522 882 1598 tempore
912 1511 1307 1576 duraverunt
1333 1512 1400 1575 in
1430 1534 1744 1577 occasum.
1802 1511 2033 1577 Trinos
2063 1513 2226 1577 soles
2258 1523 2324 1576 et
2352 1510 2599 1593 antiqui

362 1613 620 1699 saepius
676 1613 914 1691 videre,
977 1613 1144 1677 sicut
1200 1609 1316 1699 Sp.
1371 1611 1702 1677 Postumio
1760 1613 1843 1692 Q.
1888 1612 2109 1679 Mucio
2163 1624 2229 1678 et
2282 1610 2367 1693 Q.
2416 1609 2599 1674 Mar-

361 1715 460 1778 cio
501 1712 598 1779 M.
643 1713 874 1779 Porcio
929 1724 996 1778 et
1049 1712 1146 1777 M.
1203 1713 1488 1778 Antonio
1544 1711 1622 1776 P.
1679 1712 2017 1777 Dolabella
2072 1722 2135 1775 et
2192 1711 2289 1776 M.
2346 1710 2601 1796 Lepido

364 1815 447 1879 L.
481 1814 719 1880 Planco
764 1837 963 1892 coss.;
1013 1825 1077 1878 et
1119 1824 1338 1877 nostra
1380 1827 1559 1876 aetas
1590 1813 1754 1876 vidit
1797 1813 1947 1877 divo
1986 1810 2258 1876 Claudio
2290 1810 2599 1895 principe,

364 1916 697 1981 consulatu
742 1914 882 1980 eius
907 1963 924 1991 ‚
990 1910 1290 1979 Cornelio
1333 1911 1541 1977 Orfito
1585 1914 1870 1998 conlega.
1943 1912 2172 1978 Plures
2226 1934 2420 1995 quam
2472 1922 2602 1976 tres

365 2017 556 2082 simul
599 2016 720 2081 visi
764 2016 848 2083 ad
889 2015 1011 2080 hoc
1053 2014 1195 2078 aevi
1239 2035 1590 2096 numquam
1632 2014 2008 2099 produntur.

490 2116 800 2182 XXXII.
910 2117 1012 2181 32.
1082 2115 1310 2179 Lunae
1377 2136 1632 2198 quoque
1703 2115 1905 2180 trinae
1972 2126 2048 2180 ut
2118 2112 2237 2179 Cn.
2309 2115 2600 2181 Domitio
2629 2127 2729 2171 1⁰0

370 2217 447 2284 C.
490 2218 739 2284 Fannio
792 2217 1159 2282 consulibus
1213 2216 1569 2299 adparuere
1586 2263 1605 2292 ,
1666 2216 1839 2299 quod
1896 2215 2189 2302 plerique
2232 2216 2597 2301 appellave-

364 2330 515 2383 runt
557 2320 721 2385 soles
765 2329 1125 2384 nocturnos.

447 2418 792 2485 XXXIII.
867 2419 970 2484 33.
1021 2417 1275 2484 Lumen
1319 2419 1400 2483 de
1446 2418 1624 2483 caelo
1668 2428 1862 2483 noctu
1906 2418 2118 2482 visum
2161 2428 2258 2482 est
2303 2414 2380 2481 C.
2430 2413 2599 2480 Cae-

366 2523 507 2588 cilio
554 2520 673 2587 Cn.
716 2520 978 2607 Papirio
1022 2520 1390 2585 consulibus
1434 2531 1500 2583 et
1544 2540 1735 2604 saepe
1778 2517 1935 2582 alias
1958 2566 1977 2595 ,
2040 2528 2112 2580 ut
2169 2518 2299 2582 diei
2353 2517 2601 2602 species

364 2634 549 2687 nocte
591 2624 851 2688 luceret.
1566 2659 1572 2662 <
2106 2670 2107 2675 1

447 2721 787 2788 XXXIV.
864 2724 965 2788 34.
1024 2720 1290 2809 Clipeus
1341 2722 1572 2787 ardens
1626 2722 1706 2786 ab
1761 2742 1997 2787 occasu
2044 2721 2127 2786 ad
2176 2732 2386 2787 ortum
2430 2721 2599 2786 scin-

367 2923 485 2972 R'r.
519 2921 677 2972 Fabio
699 2938 833 2983 cosa,
855 2915 1095 2983 Padssr.
1130 2919 1288 2970 Fabio
1312 2919 1395 2969 II.
1418 2936 1555 2981 coss„
1595 2911 1714 2970 GK.
1753 2960 1815 2969 .-.
1856 2917 1909 2968 C.
1942 2918 2135 2979 Porcio,
2168 2920 2320 2982 Pigh.
2356 2921 2524 2968 annal.
2551 2926 2599 2979 3,

370 2994 485 3039 104.
520 2987 582 3036 L.
605 2988 812 3049 Porcio,
846 2990 979 3038 Rad
1003 2985 1254 3051 (Richel.)
1277 2983 1334 3049 β.
1381 2997 1425 3036 et
1456 2986 1535 3038 M.
1572 2985 1779 3046 Porcio,
1815 2987 1875 3035 P.
1923 3025 1984 3033 .-
2035 2983 2156 3045 Μ’.,
2188 2987 2339 3047 Pigh.
2377 2990 2463 3035 ad.
2502 2984 2599 3046 M,

367 3057 417 3104 R
440 3052 690 3117 (Richel.)
711 3052 769 3118 β.
795 3065 838 3105 et
861 3053 955 3117 Μ,
978 3056 1038 3106 Ρ.
1076 3097 1140 3105 —
1173 3054 1367 3115 Actilio,
1389 3056 1449 3103 P.
1491 3093 1553 3102 -
1591 3063 1635 3102 et
1662 3052 1739 3112 P.,
1771 3054 1832 3102 P.
1873 3091 1935 3100 ...
1980 3048 2031 3098 T
2024 3050 2177 3110 utilio,
2201 3065 2248 3099 σ.
2288 3091 2349 3099 -.
2387 3050 2595 3111 consule,

367 3124 428 3171 Τ.
468 3165 529 3172 -
564 3124 714 3174 Fiunt
735 3124 876 3186 et‚‘T.
916 3164 977 3172 .-
1009 3121 1204 3188 prodiq,
1228 3121 1326 3172 12¹.
1367 3161 1428 3168 -
1468 3119 1685 3184 Ζοηρίονί,
1708 3118 1805 3167 1³¹.

432 3192 462 3254 5
488 3195 567 3240 99.
602 3190 724 3242 soles
740 3190 928 3258 plures,
952 3191 1054 3239 Ra.
1085 3188 1252 3254 plures
1274 3187 1410 3247 soles,
1435 3183 1577 3249 ᾱβγ.
1613 3186 1752 3245 soles,
1776 3186 1836 3233 P.
1872 3182 1993 3232 Vid.
2017 3183 2233 3233 Aristot.
2258 3184 2292 3232 l.
2316 3184 2351 3231 1.
2376 3199 2425 3247 p.
2452 3187 2550 3233 :372
2561 3192 2601 3243 ³,

369 3263 444 3307 10.
491 3259 596 3309 Sua
627 3260 749 3308 hinc
782 3262 959 3308 desum
997 3258 1061 3306 sit
1093 3257 1267 3319 Lydus
1300 3257 1362 3302 de
1396 3261 1578 3302 ostent.
1603 3267 1654 3315 p.
1691 3257 1770 3301 14.
1819 3291 1881 3299 .-
1926 3249 2064 3314 infra
2096 3250 2194 3312 sed,
2226 3250 2394 3301 R²Pa
2428 3249 2600 3313 (codd.

361 3323 614 3387 Barbari.)
649 3327 793 3391 infra
818 3339 871 3372 se
895 3273 999 3383 seri),
1022 3317 1465 3383 R¹do(Robe1-t.)
1504 3360 1566 3368 .-
1604 3335 1677 3380 ex,
1704 3334 1806 3367 om.
1831 3319 1894 3367 R.
1935 3357 1996 3366 -.
2034 3332 2400 3382 nunquamque,
2434 3319 2497 3368 Τ.
2538 3360 2599 3368 ..-

361 3391 507 3441 iuxta
529 3393 589 3470 ηξ
622 3389 680 3453 (i.
706 3408 750 3441 e.
776 3387 1013 3452 naturae)
1058 3397 1250 3450 contra,
1283 3390 1342 3438 P.
1390 3428 1452 3436 .-
1499 3386 1735 3448 orientem,
1759 3387 1822 3435 R.
1861 3427 1923 3435 -.
1963 3383 2259 3447 occidentem,
2283 3388 2346 3437 R.
2395 3428 2457 3436 .-
2506 3405 2601 3436 me·

363 3480 505 3542 ridie,
530 3484 719 3533 BPad
742 3481 914 3544 (codd.
941 3479 1183 3544 Gelenii.)
1206 3481 1257 3529 in
1281 3479 1499 3540 meridie,
1523 3481 1731 3529 Bobert.
1759 3520 1820 3528 .-
1847 3476 2151 3544 Bosphoron,
2177 3493 2225 3527 σ.
2263 3520 2326 3527 .-
2364 3480 2440 3539 ab,
2465 3480 2601 3529 Rad

362 3547 626 3612 (Robert.)
652 3565 700 3609 a,
725 3545 882 3612 Ρβγ.
921 3589 982 3597 -.
1020 3547 1296 3609 amalwino,
1318 3548 1530 3598 Robert.
1560 3588 1624 3596 -
1650 3545 1848 3606 durant,
1873 3548 1937 3596 R.
1966 3588 2027 3595 -.
2054 3555 2111 3605 et,
2136 3547 2313 3597 RPdr
2337 3542 2601 3607 (Robert.)

363 3618 543 3668 Omitt.
569 3612 706 3680 assr.
747 3656 808 3663 .-
846 3614 1080 3675 viderunt,
1102 3616 1161 3665 P.
1200 3656 1263 3665 ...
1307 3613 1365 3672 Q
1393 3613 1631 3674 mancio,
1656 3616 1823 3664 RTd.
1862 3612 2097 3673 Minnio,
2124 3630 2168 3662 a.
2215 3612 2272 3670 Q.
2313 3611 2483 3662 Mucio
2532 3652 2596 3661 ....

361 3682 571 3733 Antonio
613 3699 715 3733 om.
740 3683 798 3732 P.
837 3722 898 3731 ...
944 3681 1001 3740 Q.
1028 3680 1198 3732 Mario
1224 3681 1414 3732 Martio
1445 3681 1636 3744 Porcio,
1660 3684 1724 3732 R.
1773 3679 1953 3732 Marco
1988 3678 2190 3730 Marcio
2220 3679 2412 3740 Porcio,
2448 3696 2492 3729 a.
2538 3678 2598 3736 Q.

552 3776 709 3805 meto

361 3815 543 3867 ,Μανσο
559 3816 738 3881 portio,
763 3820 811 3867 d.
850 3858 911 3866 .-
954 3815 1131 3879 Orsito,
1154 3818 1214 3866 Ρ.
1253 3857 1314 3866 .-
1354 3835 1499 3880 quam
1522 3825 1618 3866 tres
1641 3815 1802 3876 simul,
1834 3808 1938 3866 OS.
1976 3832 2122 3879 quam
2154 3812 2300 3864 simul
2331 3823 2439 3873 tres,
2475 3814 2595 3864 ΒΤ.

358 3884 501 3933 simul
525 3901 671 3948 quam
693 3894 806 3945 tres,
831 3880 1015 3950 adssr.
1053 3883 1245 3934 insimul
1268 3901 1412 3948 quam
1434 3895 1545 3945 treS,
1568 3885 1628 3933 P.

427 3950 455 4011 ξ
486 3958 597 4001 100.
632 3951 709 4002 M.
741 3950 978 4013 Domitio,
1012 3954 1073 4001 P.
1111 3992 1172 4000 .-
1217 3950 1270 4002 C.
1304 3952 1518 4012 Fannio,
1552 3951 1807 4000 Corradus
1831 3953 1894 3999 ad
1920 3950 2026 4001 Cic.
2048 3952 2192 3999 Brut.
2218 3965 2267 4012 p.
2298 3954 2409 3998 185.
2457 3948 2595 3999 Con-

358 4020 560 4069 firmant
584 4022 730 4068 codd.
757 4020 971 4069 Gelenii.
1015 4016 1120 4069 Gai
1132 4018 1250 4080 filio
1271 4017 1458 4077 Annio,
1483 4019 1631 4068 Rad.
1675 4015 1727 4065 C.
1754 4015 1898 4077 Filio,
1923 4019 1981 4066 Ρ.
2028 4011 2115 4064 ἐπὶ
2143 4010 2338 4064 Γναίου
2370 4010 2460 4063 καὶ
2494 4012 2593 4065 Δο-

355 4081 537 4145 μιτίου
580 4085 684 4134 τῶν
729 4082 961 4147 ὑπάτων,
1003 4088 1178 4150 Lydus
1211 4089 1274 4135 de
1307 4086 1518 4134 ostentis
1540 4100 1592 4147 p.
1622 4089 1718 4143 14„
1752 4085 1838 4133 ubi
1871 4099 1917 4132 v.
1943 4085 2082 4134 Hase
2114 4099 2162 4147 p.
2191 4090 2305 4133 294.
2346 4124 2407 4131 .-
2447 4082 2594 4146 quod,

358 4145 643 4204 RToadr
674 4149 935 4216 (Robert.)
982 4172 1112 4217 quos,
1146 4148 1303 4215 Ρβγ.
1340 4192 1403 4228 3
1442 4148 1783 4214 appellavere,
1814 4152 1858 4200 Ρ
1883 4148 2144 4214 (Robert.)
2183 4192 2245 4199 -
2293 4148 2410 4211 sole,
2443 4166 2490 4200 σ.
2530 4182 2591 4202 ...

365 4234 434 4296 0.,
470 4252 569 4286 om.
606 4238 663 4286 P.
705 4278 764 4285 -.
810 4236 916 4298 Cn„
952 4241 1054 4289 Rd.
1099 4235 1213 4296 Gn.‚
1239 4237 1296 4286 P.
1335 4254 1405 4296 cu,
1438 4253 1482 4285 a.
1527 4276 1587 4283 -..
1626 4244 1779 4293 nocte,
1821 4227 2050 4285 &Tadu
2090 4245 2241 4296 noctu,
2276 4231 2488 4299 RPssr.
2530 4275 2592 4283 ...

358 4304 614 4364 scintilla-5,
647 4306 707 4355 R.
