2961 4861
415 361 563 402 xxn
1344 357 1725 401 PRAEFATIO.

415 513 872 588 inscriptionem.
926 508 1230 569 Posterior
1266 528 1405 586 pars
1430 511 1568 570 Ian
1581 528 1618 569 o
1661 509 1970 569 videbatur
2008 508 2203 585 priore
2238 508 2418 585 paulo
2462 524 2680 568 emen-

418 622 626 694 datior,
667 622 851 693 „licet
885 620 993 678 illa
1030 638 1267 695 quoque
1306 621 1751 679 amanuensium
1787 618 2146 695 negligentia
2178 619 2263 676 ita
2304 617 2545 677 foedata
2567 619 2684 690 sit,

417 740 486 790 ut
512 749 663 806 quae
691 730 1029 808 probandae
1070 729 1133 787 in
1169 744 1241 786 ea
1276 729 1652 806 inveniantur
1691 729 1972 788 lectiones
2012 747 2121 786 ceu
2157 740 2425 801 gemmae
2451 727 2514 785 in
2540 727 2686 786 luto

417 841 782 916 quaerendae
822 837 996 897 sint.''
1064 839 1286 897 Ianus
1336 858 1413 897 ex
1463 858 1535 896 eo
1571 838 1864 914 excerpsit
1899 837 2316 915 praefationem
2332 877 2351 907 ,
2401 836 2545 894 libri
2578 833 2681 894 11.

418 944 752 1020 §1-137.
803 947 919 1006 ΠΙ.
968 942 1196 1006 1-16.
1248 946 1330 1007 V.
1372 944 1602 1007 1-31.
1652 947 1767 1006 VI.
1800 943 2028 1006 1.-64.
2079 946 2257 1005 vm.
2291 940 2523 1008 1-26.
2576 944 2680 1003 Χ.

424 1052 654 1117 1.-24.
694 1055 876 1115 XIV.
910 1050 1140 1116 1-35.
1179 1055 1362 1114 XIX.
1398 1052 1627 1116 1-48.
1666 1055 1849 1114 XXI.
1883 1049 2112 1117 1....60.
2157 1054 2400 1114 XXIV.
2435 1048 2682 1113 1....19.

422 1163 566 1225 112.
602 1162 743 1224 113.
795 1164 1005 1224 XXV.
1038 1160 1267 1225 1-15.
1316 1165 1629 1224 XXXIV.
1663 1160 1939 1225 48-70.
1968 1164 2334 1236 XXXVII„
2366 1171 2429 1222 et
2453 1180 2684 1238 quam-

417 1294 595 1351 quam
635 1282 796 1333 totus
839 1283 906 1333 ut
946 1283 1315 1333 excuteretur
1342 1274 1580 1333 minime
1607 1274 1719 1357 fuit
1747 1275 1984 1349 dignus,
2030 1279 2234 1350 utpote
2271 1273 2377 1347 qui
2413 1272 2686 1332 multum

415 1386 803 1461 interpolatus
823 1384 921 1455 sit,
943 1384 1198 1443 maxime
1223 1383 1285 1442 in
1310 1385 1490 1443 rebus
1517 1384 1838 1442 minoribus
1861 1380 2031 1464 (nam
2058 1382 2488 1452 emendationes
2515 1398 2681 1456 qua-

417 1495 490 1553 lis
533 1501 624 1553 est
666 1490 723 1566 6,
760 1487 859 1552 15.
904 1494 1039 1551 urbe
1083 1496 1381 1552 ducentum
1418 1495 1838 1569 quinquaqinta
1875 1494 2037 1551 milia
2064 1510 2284 1570 passus
2321 1492 2682 1551 chorinidcos

418 1605 654 1663 curiade
708 1621 815 1679 pro
864 1601 1113 1676 vulgato
1156 1604 1292 1661 urbe
1338 1603 1671 1662 Colchorum
1707 1604 2093 1662 Dioscuriade
2140 1600 2440 1660 rarissime
2488 1600 2551 1658 in
2599 1618 2680 1658 eo

416 1712 827 1784 inveniuntur,
891 1719 1030 1770 nato
1078 1712 1200 1771 illic
1248 1730 1447 1771 errore
1497 1730 1575 1770 ex
1622 1712 1833 1770 litteris
1890 1712 2050 1771 O'OL
2099 1711 2254 1769 male
2300 1701 2679 1789 intellectis),

415 1823 646 1880 Ianus
673 1829 873 1880 tamen
898 1824 1050 1881 bene
1077 1821 1238 1894 fecit,
1266 1822 1426 1898 quod
1452 1821 1589 1880 illas
1617 1822 1745 1880 eius
1774 1827 1973 1896 partes
2002 1818 2276 1896 inspexit,
2321 1837 2455 1878 cum
2494 1824 2556 1877 et
2592 1820 2679 1877 ad

418 1931 699 2015 originem
727 1931 990 1989 lectionis
1019 1931 1296 2007 vulgatae
1324 1932 1790 2007 cognoscendam
1820 1930 1899 1989 sit
1937 1930 2100 1989 utilis
2138 1934 2201 1987 et
2234 1929 2457 1988 multos
2494 1927 2677 1987 huius

417 2040 602 2116 ipsius
643 2039 911 2098 lectionis
954 2039 1233 2115 vulgatae
1270 2039 1435 2099 locos
1474 2039 1758 2115 suffragio
1777 2038 1908 2098 'suo
1950 2040 2312 2116 comprobet,
2357 2038 2461 2112 qui
2496 2039 2560 2096 in
2603 2056 2678 2097 eo

421 2148 844 2207 emendatiores
861 2166 1052 2222 quam
1079 2149 1142 2206 in
1171 2149 1380 2207 ceteris
1408 2149 1705 2223 legantur.

499 2258 743 2316 Praeter
782 2258 891 2317 hos
930 2258 1156 2317 codices
1186 2259 1365 2316 Ianu
1378 2276 1408 2316 s
1446 2258 1624 2316 etiam
1652 2258 1962 2317 editionem
1988 2257 2166 2315 Plinii
2191 2255 2579 2316 Parmensem
2606 2257 2674 2315 in

418 2367 771 2427 bibliotheca
806 2366 1150 2426 Monacensi
1189 2371 1495 2426 servatam
1531 2367 1804 2446 inspexit,
1848 2338 2013 2427 cuius
2053 2368 2416 2444 marginibus
2452 2365 2673 2425 Petrus

417 2477 718 2537 Victorius
774 2479 995 2537 multas
1050 2484 1221 2537 notas
1276 2479 1573 2555 adspersit
1620 2481 1697 2537 ab
1745 2478 1850 2535 illo
1900 2479 1979 2537 ad
2027 2478 2244 2536 librum
2296 2477 2440 2536 VH.
2492 2475 2669 2536 VIII.

415 2585 1105 2646 XXXII-XXXVII.
1148 2597 1476 2665 excerptas.
1530 2586 1656 2646 Eae
1694 2589 1913 2664 partim
1947 2587 2159 2646 litteris
2200 2588 2287 2645 ab
2300 2604 2333 2645 c
2368 2595 2668 2658 notantur,

415 2696 635 2771 partim
682 2696 775 2753 his
824 2698 980 2754 notis
1033 2704 1251 2754 carent.
1316 2697 1391 2754 In
1425 2697 1546 2755 illis
1587 2698 1770 2756 latere
1808 2697 2076 2756 codicum
2116 2697 2293 2755 trium
2345 2696 2668 2772 scripturas

416 2804 687 2863 dubitare
727 2822 846 2861 non
887 2803 1044 2876 lieet,
1083 2812 1145 2863 et
1182 2804 1279 2863 hic
1318 2805 1441 2864 illic
1469 2805 1798 2864 Victorium
1835 2807 2052 2865 librum
2087 2805 2541 2865 Riemrdianum
2577 2805 2669 2864 in-

416 2914 680 2991 spexisse
720 2930 1036 3000 consensus
1086 2912 1404 2972 lectionum
1453 2914 1624 2973 docet
1673 2903 1826 2996 (vid.
1878 2916 2146 2992 inprimis
2194 2915 2332 2974 libri
2385 2913 2666 2972 XXXII.

416 3016 711 3104 initium);
763 3024 865 3081 sed
906 3040 1025 3081 non
1076 3041 1215 3082 raro
1257 3024 1430 3082 etiam
1475 3041 1614 3082 suas
1649 3024 1776 3100 ipse
1820 3025 2179 3084 coniecturas
2220 3023 2526 3087 Victorius
2567 3024 2669 3084 ad·

417 3133 671 3210 scripsit,
702 3133 790 3190 uti
818 3128 925 3203 32,
941 3128 1081 3206 ·97.‚
1111 3134 1213 3193 ubi
1247 3153 1358 3211 pro
1386 3151 1457 3192 eo
1487 3135 1646 3208 quod
1674 3152 1707 3191 e
1735 3133 1984 3194 Barbari
2011 3134 2344 3193 coniectura
2383 3153 2422 3193 a
2457 3135 2666 3194 codici-

415 3246 530 3303 bus
571 3244 976 3302 commendata
1011 3245 1232 3322 legitur
1261 3247 1707 3323 opocarpathum
1731 3244 1986 3326 Victorii
2027 3261 2235 3319 margo
2277 3244 2454 3304 habet
2480 3248 2667 3321 opium

426 3354 732 3429 Topsiam3
782 3353 920 3411 hinc
970 3372 1105 3412 cum
1152 3372 1368 3429 magna
1416 3355 1690 3414 cautione
1726 3354 1819 3413 his
1869 3355 2173 3430 scripturis
2225 3361 2318 3413 est
2365 3356 2663 3413 utendum.

416 3458 571 3518 Pars
612 3479 753 3519 vero
794 3461 1031 3521 illorum
1071 3472 1480 3537 excerptorum
1519 3462 1636 3522 iam
1663 3473 1800 3523 ante
1827 3465 1957 3523 Ian
1970 3481 2011 3521 u
2025 3483 2087 3522 m
2123 3464 2360 3524 aliunde
2400 3465 2665 3524 innotue-

417 3577 543 3639 rat3
597 3589 654 3627 v.
695 3570 772 3627 ad
809 3567 881 3642 8,
929 3564 1071 3628 156.
1127 3565 1244 3642 17,
1276 3566 1378 3630 55.
1433 3568 1547 3642 18,
1581 3568 1725 3632 143.
1780 3568 1892 3645 19,
1926 3568 2069 3633 135.
2121 3569 2236 3648 34,
2268 3568 2373 3633 23.
2415 3567 2520 3632 37.
2563 3569 2664 3635 45.

418 3673 525 3753 35,
564 3674 706 3738 148.
1020 3699 1025 3704 ·

504 3786 709 3848 Codex
742 3790 1183 3850 Vindobonensis
1206 3784 1343 3870 (O),
1374 3793 1533 3867 apud
1560 3792 1981 3852 Endlicherum
2002 3791 2383 3853 COXXXV.
2412 3813 2473 3870 p.
2501 3788 2663 3865 135.,

420 3913 622 3956 omnes
641 3891 845 3958 ,libros
885 3898 1065 3957 Plinii
1105 3899 1381 3973 continet,
1420 3901 1482 3959 in
1519 3903 1876 3961 membranis
1913 3903 2105 3963 forma
2139 3904 2397 3962 maxima
2433 3902 2664 3962 saeculo

420 4007 568 4067 XV.
598 4026 637 4066 a
662 4006 953 4067 Nicholao
980 4008 1150 4068 Ricio
1178 4008 1429 4088 Spinoso
1470 4012 1745 4088 scriptus.
1790 4013 1990 4071 Huius
2018 4014 2259 4086 codicis,
2299 4032 2474 4088 quem
2500 4012 2665 4072 Lau-

419 4118 672 4178 rentiani
721 4136 903 4195 supra
944 4119 1221 4196 descripti
1258 4121 1664 4199 apographum
1713 4140 1843 4182 esse
1884 4134 2079 4182 censet
2119 4122 2513 4183 Endlicherns
2525 4164 2544 4196 ‚
2592 4122 2664 4180 li-

420 4229 592 4287 brum
613 4226 954 4289 XXXVII.
987 4248 1118 4289 cum
1147 4230 1345 4307 priore
1367 4231 1658 4290 Harduini
1686 4231 1936 4291 editione
1963 4233 2101 4292 anni
2125 4226 2310 4294 1683.
2342 4233 2664 4293 contulerat
