2961 4861
1226 373 1604 417 PRAEFATIO.
2471 377 2543 418 xl

300 527 583 585 manticae
631 520 813 597 1544,
859 526 1091 585 auctius
1132 524 1515 602 Antwerpiae
1552 520 1716 586 1547
1750 526 1983 596 editis3·
1998 535 2133 604 post
2161 545 2298 586 eum
2328 526 2542 588 Schot-

298 645 394 695 tus
422 636 487 694 in
514 635 1021 695 observationibus
1050 643 1111 693 et
1132 633 1337 694 Surita
1362 637 1425 695 in
1452 636 1867 696 commentario
1895 637 1974 694 ad
1997 637 2293 696 itineraria
2321 644 2540 698 vetera.

297 745 444 804 Inde
486 764 623 803 cum
664 746 1035 822 perspicuum
1076 753 1249 817 esset,
1294 745 1452 804 hunc
1476 746 1755 805 codicem
1782 746 1949 804 libris
1977 746 2390 823 manuscriptis
2418 756 2547 807 tum

297 856 451 914 notis
495 856 728 931 optimis
771 873 898 914 esse
939 857 1385 927 accensendum,
1430 855 1696 914 editionis
1738 856 1922 913 Plinii
1962 874 2152 914 novae
2195 875 2336 915 cura
2362 859 2426 916 in
2453 875 2549 916 me

295 971 549 1041 recepta,
594 966 769 1023 huius
813 966 1031 1025 codicis
1074 985 1291 1025 novam
1334 982 1584 1040 eamque
1625 966 1948 1041 pleniorem
1991 966 2363 1026 collationem
2390 958 2547 1026 desi-

295 1075 596 1146 derabam,
638 1075 807 1134 cuius
851 1076 977 1133 voti
1017 1083 1087 1132 ut
1126 1094 1367 1151 compos
1410 1076 1610 1133 fierem
1653 1076 1945 1150 quomodo
1989 1075 2322 1152 contigerit,
2368 1094 2550 1153 supra

295 1186 561 1260 exposui.
608 1182 840 1243 Codicis
875 1186 1221 1261 excerpendi
1248 1203 1465 1244 munus
1495 1185 1910 1245 demandatum
1937 1193 2027 1244 est
2054 1186 2286 1245 duobus
2306 1186 2548 1262 presby·

293 1295 438 1353 teris
488 1294 770 1353 ecclesiae
814 1295 1135 1354 Toletanae
1148 1337 1167 1366 ,
1219 1297 1376 1354 hanc
1424 1295 1641 1371 ipsam'
1667 1295 1728 1354 in
1784 1313 1909 1352 rem
1951 1314 2057 1371 per
2099 1313 2280 1354 unum
2330 1313 2550 1355 annum

293 1403 570 1461 omnibus
606 1404 737 1461 suis
778 1404 1026 1478 reliquis
1055 1404 1298 1479 negotiis
1327 1404 1557 1476 solutis,
1586 1404 1668 1461 D.
1697 1403 2017 1462 Thomae
2053 1404 2241 1462 Ruiz
2279 1403 2550 1481 Agudo

294 1521 357 1569 et
394 1512 476 1570 D.
519 1511 979 1572 Ferdinando
1020 1512 1299 1584 Prieto,
1343 1513 1447 1588 qui
1488 1514 1723 1589 negotio
1764 1514 1827 1570 in
1869 1513 2198 1589 Hispania,
2245 1515 2333 1572 uti
2373 1512 2551 1573 huius

292 1630 487 1679 terrae
542 1621 677 1680 inde
728 1641 803 1681 ex
846 1623 1024 1699 longo
1067 1630 1330 1699 tempore
1372 1632 1464 1682 est
1507 1617 1762 1683 conditio
1775 1664 1794 1693 ,
1848 1630 2003 1681 certe
2046 1641 2161 1681 non
2208 1641 2382 1699 saepe
2421 1631 2549 1681 tra-

294 1738 453 1789 ctato
495 1738 661 1789 tanta
702 1750 838 1790 cum
881 1751 1024 1790 cura
1065 1740 1204 1789 sunt
1243 1731 1451 1802 functi,
1494 1738 1563 1789 ut
1603 1731 1892 1788 maximae
1918 1731 1989 1788 iis
2017 1730 2244 1803 gratiae
2270 1730 2548 1789 volunta-

292 1840 372 1898 tis
416 1857 557 1897 suae
602 1847 663 1896 et
705 1840 1037 1915 diligentiae
1081 1840 1199 1898 sint
1238 1841 1519 1915 agendae.
1582 1837 1909 1897 Praeterea
1962 1839 2107 1897 satis
2150 1840 2329 1914 longa
2373 1856 2550 1914 prae-

292 1949 515 2007 fatione
566 1958 625 2007 et
681 1950 939 2007 codicem
987 1949 1185 2024 ipsum
1238 1957 1298 2006 et
1348 1966 1516 2007 suam
1566 1949 1778 2024 agendi
1819 1949 2105 2007 rationem
2148 1948 2450 2024 eleganter
2491 1955 2552 2007 et

292 2058 468 2116 docte
509 2059 964 2135 descripserunt,
1022 2078 1141 2134 qua
1181 2078 1258 2117 ex
1298 2058 1677 2135 praefatione,
1720 2059 1805 2115 rei
1846 2059 2123 2118 novitatis
2167 2076 2369 2129 causa,
2414 2076 2550 2118 cum

295 2186 377 2225 ex
416 2166 706 2243 Hispania
746 2186 903 2227 nunc
946 2169 1047 2227 vix
1086 2167 1204 2226 alia
1246 2169 1346 2227 via
1386 2168 1706 2227 afferantur
1731 2166 1964 2245 Latina,
2008 2169 2125 2226 iam
2155 2186 2337 2244 supra
2363 2187 2547 2245 quae·-

288 2278 429 2335 dam
472 2277 830 2354 transcripsi,
871 2278 988 2336 alia
1016 2279 1426 2349 transcribam3
1473 2277 1728 2352 denique
1757 2287 1879 2335 tam
1907 2278 2119 2336 eximia
2147 2279 2548 2354 constantique

287 2387 516 2445 litteras
570 2388 841 2464 pingendi
898 2388 1188 2462 elegantia
1241 2406 1347 2464 per
1397 2394 1706 2446 sexcentas
1761 2386 1966 2463 viginti
2016 2386 2264 2463 paginas
2322 2387 2547 2448 formae

288 2498 586 2556 maximae
629 2506 769 2556 sunt
808 2499 923 2569 usi,
967 2504 1036 2557 ut
1075 2499 1235 2556 haud
1280 2498 1402 2555 scio
1444 2515 1522 2555 an
1565 2496 1889 2571 quidquam
1931 2497 2168 2555 nitidius
2211 2497 2274 2554 in
2301 2499 2415 2555 hoc
2441 2515 2550 2572 ge-·

286 2626 430 2666 nere
471 2607 719 2665 inveniri
761 2608 968 2683 possit.
1035 2607 1267 2664 Testati
1311 2608 1488 2665 etiam
1529 2608 1643 2665 hoc
1687 2612 1827 2664 sunt
1866 2605 2092 2664 librarii
2133 2604 2316 2679 Regis
2358 2607 2545 2665 nostri

284 2717 434 2774 artis
496 2734 637 2774 suae
696 2715 1060 2792 peritissimi,
1116 2722 1194 2788 ,et
1247 2715 1729 2791 chalcographiae
1787 2715 1985 2790 potius
2038 2732 2216 2788 quam
2268 2715 2545 2774 librariae

282 2826 431 2885 artis
496 2825 645 2884 illud
712 2827 995 2884 volumen
1050 2826 1225 2884 dicas.
1302 2823 1695 2884 Contulerunt
1751 2831 1946 2883 autem
1999 2823 2092 2881 illi
2141 2824 2253 2882 viri
2302 2822 2546 2884 Summe

282 2934 612 2993 Reverendi
682 2935 937 2993 codicem
1009 2935 1364 2993 Toletanum
1436 2952 1572 2992 cum
1640 2934 1892 2991 editione
1962 2933 2331 3010 Dalecampii
2401 2935 2542 2992 anni

281 3042 804 3103 MDLXXXVH.
862 3064 933 3103 ea
984 3033 1125 3104 fere*
1155 3046 1399 3115 ratione,
1460 3062 1581 3117 qua
1635 3043 1873 3100 saeculo
1917 3043 2164 3117 septimo
2208 3043 2433 3100 decimo
2485 3051 2546 3101 et

282 3162 494 3212 octavo
535 3161 674 3212 ante
715 3154 1099 3230 philologiam
1140 3155 1201 3211 in
1244 3161 1432 3210 artem
1476 3160 1656 3225 atque
1699 3150 2065 3225 disciplinam
2103 3151 2403 3225 redactam
2433 3152 2545 3210 viri

283 3264 444 3322 docti
494 3266 830 3323 utebantur.
894 3262 1235 3339 Presbyteri
1292 3258 1512 3318 scilicet
1565 3258 1814 3335 Hispani
1854 3260 1927 3316 de
1970 3261 2082 3317 hac
2121 3278 2188 3317 re
2227 3260 2312 3319 ita
2353 3262 2542 3320 disse-

281 3382 561 3431 ruerunt:
635 3371 792 3444 „Ad
855 3390 1168 3431 numerum
1233 3388 1374 3429 vero
1440 3378 1499 3428 et
1563 3369 1905 3443 qualitatem
1964 3370 2322 3428 variantium
2381 3371 2542 3444 quod

285 3489 539 3557 spectat,
605 3483 836 3541 animus
902 3482 1139 3556 quidem
1201 3480 1313 3539 fuit
1375 3479 1546 3537 nobis
1613 3497 1814 3537 omnes
1880 3479 2116 3537 omnino
2182 3479 2540 3538 differentias

283 3589 728 3660 transcribendi,
772 3591 841 3647 iis
884 3591 1218 3653 dumtaxat]
1236 3590 1514 3666 exceptis,
1546 3606 1701 3663 quae
1728 3589 2217 3664 interpunctionis
2246 3598 2306 3648 et
2333 3591 2538 3648 ortho-

238 3753 245 3757 .
285 3697 567 3775 graphiae
612 3698 754 3756 vitio
794 3700 856 3757 in
898 3707 1101 3776 aperto
1142 3700 1526 3776 manuscripti
1567 3699 1778 3757 mendo
1821 3700 2124 3757 cubarent.
2192 3698 2267 3756 Id
2310 3698 2538 3757 consilii

284 3826 694 3885 coeperamus,
754 3809 868 3867 rati
918 3810 1170 3885 primum
1220 3828 1337 3868 non
1390 3809 1538 3866 adeo
1589 3808 1921 3882 frequentia
1968 3806 2097 3866 fore
2137 3807 2197 3864 in
2241 3807 2537 3866 conditivo

285 3918 484 3977 codice
524 3920 769 3977 menda:
814 3921 985 3994 gnari
1026 3920 1233 3977 deinde
1274 3919 1533 3978 accidere
1574 3937 1694 3976 non
1734 3937 1894 3990 raro,
1938 3925 2008 3975 ut
2033 3917 2096 3975 in
2123 3916 2537 3994 depravatissi-

286 4030 399 4086 mis
449 4029 804 4103 quibusdam
853 4029 997 4088 locis
1048 4047 1224 4087 verae
1277 4028 1682 4103 genuinaeque
1735 4028 2002 4089 lectionis
2044 4028 2203 4087 haud
2244 4027 2386 4086 alibi
2427 4026 2533 4086 de·

287 4146 475 4197 tectae
519 4139 767 4216 vestigia
806 4140 1202 4199 inveniantur.
1249 4138 1348 4197 Ab
1375 4140 1491 4197 hoc
1515 4144 1713 4196 tamen
1742 4138 2004 4209 consili0,
2042 4138 2200 4212 quod
2227 4138 2290 4195 in
2315 4138 2532 4213 priori-

288 4248 401 4307 bus
444 4248 607 4309 libris
651 4252 834 4313 secuti
877 4249 1195 4321 memmae,
1238 4249 1628 4308 recedendum
1671 4255 1881 4325 postea
1922 4249 2254 4308 censuimus
2282 4249 2345 4306 in
2387 4247 2531 4306 locis
