2961 4861
1022 256 1034 283 1

1013 381 1151 427 ms.
1184 382 1279 426 xv,
1340 380 1495 426 car.
1528 382 1651 427 ΧΠ.
1714 380 1909 428 εΕοΤ.
1941 359 2003 426 ‘22
2505 367 2623 431 301

389 533 705 618 appellata
726 579 744 609 ,
816 530 1092 596 circuitu
1148 553 1356 593 xxvm
1413 529 1658 595 milium
1711 551 2052 614 passuum,
2137 527 2450 616 Seriphus
2508 556 2667 619 xri,-

388 632 886 717 Prepesinthus,
945 629 1237 714 Cythnos
1291 630 1563 713 ipsaque
1616 630 1807 717 longe
1861 630 2214 695 clarissima
2271 643 2336 696 et
2394 630 2629 717 Cycla-

387 734 542 798 dum
598 734 812 798 media
869 755 944 797 ac
998 733 1235 816 templo
1279 730 1601 817 Apollinis
1659 742 1724 795 et
1779 742 2065 796 mercatu
2118 732 2437 798 celebrata
2489 734 2632 799 De·-

385 836 517 912 los,
562 857 726 918 quae
773 834 883 897 diu
926 831 1254 909 fluctuata,
1312 841 1385 895 ut
1426 830 1738 915 proditur,
1787 832 1922 896 sola
1969 844 2211 911 motum
2230 904 2239 910 ⁴
2257 845 2461 906 terrae
2503 857 2632 900 non

386 936 585 999 sensit
626 935 712 998 ad
754 933 850 997 M.
898 932 1208 997 Varronis
1252 942 1558 1007 aetatem3
1621 929 1967 997 Mucianus
2010 934 2293 1017 prodidit
2332 936 2434 1001 bis
2477 958 2631 1001 con-

386 1056 659 1099 cussam.
714 1033 908 1096 Hanc
934 1030 1319 1096 Aristoteles
1361 1031 1453 1093 ita
1496 1031 1881 1115 appellatam
1924 1034 2137 1110 tradit,
2185 1036 2485 1117 quoniam
2527 1058 2634 1101 re-

384 1147 577 1220 pente
635 1132 1005 1218 adparuerit
1049 1142 1266 1208 enata,
1323 1129 1797 1216 Aglaosthenes
1845 1128 2220 1214 Cynthiam,
2275 1136 2383 1199 alii
2427 1134 2631 1221 Orty-

386 1236 589 1322 giam,
634 1232 995 1309 Asteriam,
1041 1229 1337 1318 Lagiam,
1395 1228 1874 1313 Chlamydiam,
1926 1230 2276 1315 Cynthum,
2322 1234 2634 1322 Pyrpilen

386 1335 537 1422 igne
589 1334 680 1399 ibi
736 1330 1013 1418 primum
1066 1340 1349 1416 repert03
1410 1331 1691 1415 cingitur
1741 1353 1785 1394 v
1828 1332 2073 1397 milium
2126 1357 2453 1418 passuum,
2515 1340 2631 1402 ad-

389 1436 597 1521 surgit
656 1432 938 1517 Cynthio
995 1442 1231 1497 monte.
1318 1429 1647 1494 Proxuma
1705 1430 1764 1495 ei
1818 1431 2044 1498 Rhene
2103 1456 2294 1517 quam
2351 1438 2631 1506 Anticli-
2659 1465 2722 1511 67

393 1524 508 1600 des
565 1533 983 1601 Celadussam
1035 1541 1255 1608 vocat,
1314 1530 1470 1595 item
1522 1530 1887 1597 Artemiten
1943 1531 2371 1616 Callidemus3
2430 1537 2632 1624 Syros

387 1728 594 1777 missum
629 1728 692 1777 ab
717 1726 809 1774 illo
843 1723 1083 1773 detersuri
1105 1722 1391 1772 Mercurial.
1418 1730 1468 1770 et
1492 1721 1647 1772 Hard.
1673 1732 1890 1773 veterem
1916 1726 2372 1790 interpunctionem
2406 1741 2630 1783 mutave-

387 1802 518 1854 runt,
554 1809 705 1856 quam
739 1794 780 1842 si
813 1792 1083 1854 sequimur,
1119 1790 1246 1838 mira
1268 1790 1383 1837 inde
1410 1790 1571 1837 oritur
1593 1792 1854 1839 sententia.
1912 1793 2044 1843 Nam
2068 1802 2125 1842 ut
2148 1804 2341 1845 taceam
2366 1813 2456 1860 per
2487 1815 2630 1863 prae-

387 1862 589 1910 teritum
623 1868 821 1923 tempus
854 1857 1009 1906 sensit
1035 1858 1259 1906 Plinium
1292 1862 1399 1903 tum
1434 1855 1527 1904 sibi
1563 1859 1918 1919 contradicere,
1962 1862 2148 1924 quippe
2181 1864 2267 1925 qui
2301 1867 2454 1913 modo
2496 1868 2630 1917 dicat

387 1928 577 1977 Delum
609 1935 770 1976 terrae
803 1933 1004 1974 motum
1035 1940 1137 1973 non
1173 1923 1402 1981 sensisse,
1437 1925 1592 1971 modo
1618 1924 1750 1973 dicat
1774 1928 2002 1985 sensisse,
2029 1931 2297 1989 quaeritur,
2323 1947 2412 1981 cur
2433 1935 2628 1984 Mucia-

387 2011 498 2054 nus,
525 1995 610 2056 qui
636 1994 833 2043 dixerat
857 1995 921 2040 ad
944 1991 1189 2040 Varronis
1210 1988 1324 2052 (cur
1341 1997 1510 2037 autem
1530 1993 1593 2039 ad
1612 1990 1762 2039 huius
1780 1994 2115 2055 potissimum,
2140 2011 2304 2059 neque
2322 2001 2384 2047 ad
2402 2000 2626 2063 Augusti

386 2063 466 2110 vel
500 2062 630 2111 alius
663 2060 952 2121 aequalium
962 2055 1013 2118 ἲ)
1049 2065 1266 2107 aetatem
1297 2057 1488 2104 Delum
1521 2058 1596 2107 bis
1630 2072 1928 2108 concussam
1960 2061 2132 2122 fuisse,
2169 2065 2211 2112 si
2241 2065 2317 2114 bis
2341 2074 2541 2116 tantum
2575 2069 2627 2117 in

387 2130 677 2177 uuiversum
701 2135 776 2176 est
801 2140 1063 2185 concussa,
1096 2141 1200 2173 non
1235 2138 1354 2173 suae
1388 2124 1544 2186 ipsius
1568 2126 1746 2173 aetatis
1779 2128 2029 2177 rationem
2053 2130 2300 2192 habuerit,
2327 2134 2404 2182 sin
2429 2136 2627 2198 saepius

388 2211 632 2244 concussa
655 2204 745 2253 est,
772 2209 861 2241 cur
890 2208 995 2241 non
1020 2192 1278 2250 addiderit,
1311 2192 1508 2253 quoties
1532 2200 1651 2254 post
1674 2193 1917 2243 Varronis
1943 2204 2158 2245 aetatem
2192 2214 2436 2249 concussa
2458 2201 2625 2251 fuerit.

387 2263 522 2312 Nam
555 2263 684 2310 illud
717 2262 920 2323 quidem
952 2268 1196 2318 statuere,
1234 2259 1532 2308 Mucianum
1564 2260 1658 2308 has
1699 2262 1906 2309 notitias
1949 2277 2015 2312 ex
2044 2264 2277 2315 Varrone
2310 2275 2361 2315 et
2401 2262 2627 2318 Plinium

389 2344 519 2392 quae
549 2329 715 2377 Varro
749 2328 945 2376 dixerat
975 2342 1079 2375 non
1111 2342 1175 2375 ex
1208 2327 1311 2374 hoc
1333 2326 1470 2387 ips0‚
1514 2328 1601 2374 sed
1634 2341 1702 2375 ex
1732 2329 1956 2377 derivato
1991 2332 2193 2380 demum
2225 2335 2449 2383 Muciani
2483 2335 2626 2384 fonte

387 2396 631 2457 hausisse,
655 2396 805 2444 nimis
827 2395 1096 2445 ridiculum
1119 2401 1211 2454 est,
1246 2408 1399 2456 quam
1431 2399 1489 2441 ut
1522 2393 1681 2455 longa
1702 2393 2004 2445 refutatione
2029 2398 2093 2447 sit
2117 2413 2261 2462 opus,
2296 2415 2411 2450 cum
2432 2402 2628 2452 Plinius

390 2473 540 2524 certe,
566 2478 717 2525 quem
741 2464 892 2511 toties
914 2463 1145 2511 Varrone
1167 2477 1316 2510 usum
1341 2475 1449 2509 esse
1473 2461 1676 2519 scimuS,
1708 2476 1812 2510 non
1835 2464 2060 2512 Muciani
2084 2468 2287 2515 demum
2319 2469 2381 2516 de
2398 2469 2630 2518 Varrone

390 2532 681 2581 testimonio
708 2539 900 2591 egeret3
942 2544 1042 2591 quo
1066 2529 1260 2577 accedit
1280 2527 1523 2586 Plinium,
1560 2528 1601 2575 si
1624 2528 1843 2578 indicare
1866 2531 2126 2591 voluisset,
2168 2547 2221 2581 se
2245 2534 2378 2582 hanc
2412 2537 2473 2585 de
2497 2537 2626 2585 Var-

388 2613 512 2647 rone
535 2599 767 2646 notitiam
791 2596 1029 2645 Muciano
1054 2597 1249 2654 debere,
1273 2609 1375 2643 non
1401 2594 1702 2642 omissurum
1727 2594 1881 2644 fuisse
1905 2599 2101 2657 addere,
2119 2600 2415 2650 Mucianum
2438 2603 2541 2652 hoc
2564 2618 2629 2652 ex

387 2666 499 2728 ipso
526 2665 759 2713 Varrone
776 2664 1060 2727 sumpsisse.
1096 2663 1191 2711 His
1214 2670 1384 2710 autem
1404 2676 1534 2725 quae
1560 2663 1624 2709 ad
1653 2663 2001 2713 stabiliendam
2023 2674 2244 2716 veterem
2270 2669 2628 2733 interpunctio-

386 2748 503 2782 nem
539 2732 687 2781 attuli
719 2731 1027 2793 argumentis
1059 2730 1281 2779 Pintiani
1317 2742 1522 2791 quoque
1554 2730 1909 2791 coniecturam,
1944 2737 2349 2785 commendatam
2374 2738 2516 2786 illam
2538 2754 2629 2802 per

388 2801 532 2848 codd.
558 2799 683 2859 AT,
718 2798 838 2847 satis
860 2797 1130 2846 refutatam
1153 2811 1261 2845 esse
1285 2798 1452 2856 credo,
1488 2811 1577 2858 per
1611 2810 1763 2857 quam
1788 2795 2009 2848 ceterum
2040 2801 2131 2850 illa
2164 2803 2368 2867 ineptia,
2403 2821 2491 2853 cur
2511 2807 2628 2854 Mu-

387 2868 563 2915 cianus
598 2868 663 2914 ad
697 2880 804 2913 rem
836 2867 963 2913 adeo
998 2864 1377 2913 memorabilem
1411 2864 1790 2913 describendam
1822 2865 2067 2916 Varronis
2148 2871 2432 2919 otissimum
2464 2887 2629 2935 neque

385 2933 609 2994 Augusti
644 2939 807 2980 aetate
841 2946 960 2979 usus
994 2929 1163 2990 fuerit,
1195 2931 1414 2978 multum
1439 2937 1664 2990 augetur.
1705 2971 1767 2978 -.
1806 2930 1875 2979 bis
1894 2929 2110 2996 -ἀρρε
2136 2933 2289 2984 latam
2314 2951 2415 2985 om.
2443 2940 2475 2986 d
2497 2940 2526 2985 ¹.
2565 2978 2626 2986 -.

387 2995 695 3054 Aristoteles,
718 2998 818 3045 vid.
842 2998 1127 3046 Neumann.
1162 2998 1223 3044 de
1246 2996 1540 3045 Aristotelis
1563 2997 1869 3058 rerumpubl.
1894 2997 2126 3059 fragmm.
2150 3015 2200 3062 p.
2231 3006 2343 3050 109.
2370 3042 2431 3050 -
2460 3003 2628 3062 tradit,

387 3065 455 3115 A.
494 3063 717 3124 tradidit,
736 3065 829 3112 Rd
846 3066 880 3110 '-'.
910 3061 1144 3126 prodidit,
1162 3057 1206 3122 β
1214 3075 1262 3125 r.
1302 3063 1415 3112 Om.
1436 3064 1467 3110 d
1492 3064 1519 3109 ¹.
1547 3102 1609 3109 .-
1643 3061 2009 3125 Aylaostlzenes,
2034 3065 2234 3114 Reines.
2253 3082 2356 3115 var.
2379 3069 2494 3117 lect.
2516 3075 2562 3129 2,
2584 3076 2630 3119 6.

388 3148 439 3196 p.
469 3138 580 3181 161.
616 3128 941 3193 Aeylostenes,
965 3130 1090 3178 ΒΑ.
1128 3126 1487 3192 Aeylosthenes,
1508 3125 1648 3191 ᾶβγ.
1676 3169 1736 3176 -.
1771 3126 2049 3192 Gynclaiam,
2068 3132 2132 3179 Β.
2178 3130 2452 3196 Chyntiam,
2476 3135 2544 3183 A.
2567 3176 2629 3184 ..-

388 3197 687 3263 Pelasqiam,
713 3199 777 3247 K.
817 3239 879 3245 -
924 3194 1277 3259 Chlamydiam,
1301 3209 1347 3242 v.
1374 3194 1550 3257 Steph.
1575 3195 1700 3257 Byz.
1727 3212 1766 3243 s.
1792 3210 1838 3243 v.
1864 3189 2052 3260 Δῆλος.
2107 3196 2232 3247 Cera
2256 3199 2542 3265 nymidyam,
2565 3204 2629 3253 Β.

397 3264 586 3315 Cheran
610 3264 840 3324 muidian,
867 3263 934 3313 A.
989 3261 1385 3324 ceranimydiam‚
1412 3263 1458 3309 (1.
1523 3259 1707 3321 Geram,
1731 3275 1778 3309 σ.
1818 3302 1878 3309 -..
1935 3260 2184 3327 Οξᾳητήτιηι,
2218 3283 2258 3315 r.
2319 3266 2629 3331 Cynaethum,

389 3335 479 3397 dr.
534 3331 776 3396 Cynetum,
801 3331 926 3380 ΒΑ.
980 3326 1258 3393 Cynethum,
1281 3324 1337 3389 β.
1382 3327 1501 3376 Vid.
1527 3327 1703 3390 Steph.
1727 3329 1973 3391 Byz.1.1.
2012 3372 2073 3379 -
2107 3331 2360 3396 Pyr-pilen,
2396 3337 2444 3384 d.
2496 3335 2629 3400 Pyr·

384 3399 545 3463 pylen,
568 3400 636 3448 A.
689 3395 944 3461 Pyrpilon,
977 3398 1040 3446 Β.
1091 3392 1358 3459 Pyrpolon,
1381 3395 1592 3443 Barbar.
1616 3395 1681 3443 K.
1735 3394 2001 3461 Pyrpilem,
2023 3393 2123 3463 βγ.
2176 3400 2439 3465 Pyr-polan,
2473 3405 2632 3453 altera

387 3466 600 3514 Barbari
618 3466 919 3513 coniectura.
958 3504 1021 3512 -
1066 3461 1276 3529 Cynthio,
1302 3464 1448 3511 codd.
1470 3462 1671 3510 Broter.
1725 3461 1942 3529 Ginthyo,
1966 3466 2027 3515 Β.
2082 3465 2287 3529 Chithio,
2310 3470 2379 3518 A.
2423 3468 2629 3528 Cinthio‚

397 3524 453 3580 θ.
499 3530 680 3590 Gintro,
705 3533 751 3579 (1.
797 3529 996 3594 Cyntho,
1020 3525 1079 3590 β.

458 3600 486 3660 ξ
513 3603 593 3649 67.
629 3596 866 3646 Proxima
891 3599 950 3656 ei,
972 3597 1078 3646 Rd.
1115 3593 1359 3657 Prooeime‚
1382 3597 1450 3645 A.
1479 3638 1541 3645 ..
1567 3595 1748 3658 Rhene,
1771 3599 1980 3649 Barbar.
2005 3602 2109 3650 Rd.
2146 3600 2384 3661 Rherene,
2408 3615 2456 3650 σ.
2493 3599 2628 3650 Rhe-

389 3680 548 3726 renae,
572 3665 639 3713 A.
668 3705 728 3712 -.
756 3662 1027 3724 Anticlites,
1046 3664 1109 3712 Β.
1144 3665 1286 3713 Pone
1310 3664 1444 3712 hanc
1459 3679 1640 3713 vocem
1659 3680 1787 3727 quae
1811 3669 1945 3728 apud
1962 3667 2186 3716 Plinium
2210 3669 2449 3729 leguntur
2469 3683 2630 3730 usque

389 3735 451 3780 ad
481 3738 526 3793 5,
552 3738 633 3781 34.
667 3732 719 3779 in
752 3731 1004 3779 codicibus
1037 3731 1126 3781 Ra
1155 3732 1394 3791 leguntur
1424 3733 1730 3794 transposita
1759 3748 1893 3795 pone
1927 3748 2115 3781 nomen
2137 3734 2388 3782 Anam-ima
2422 3740 2469 3794 2,
2499 3738 2629 3796 187„

389 3800 474 3848 uhi
496 3815 544 3847 v.
571 3813 700 3862 quae
725 3798 846 3846 dixi.
886 3837 947 3845 .-
1001 3795 1331 3856 Celadussam,
1357 3799 1404 3847 (1.
1461 3796 1770 3858 Celadusam,
1793 3799 1861 3847 A.
1906 3798 2260 3859 Acellatusam,
2285 3803 2346 3850 Β.
2384 3840 2447 3849 ...
2486 3799 2629 3862 idem,

388 3867 452 3916 R.
492 3907 553 3914 .-
590 3865 875 3924 Artemiten,
900 3864 967 3912 A.
1020 3865 1189 3911 Artem
1214 3861 1295 3923 ite,
1317 3864 1382 3913 Β.
1428 3864 1649 3923 Artemit,
1674 3867 1721 3913 d.
1773 3865 2008 3925 Artemin,
2032 3867 2188 3915 Hard.
2213 3880 2263 3930 r.
2303 3907 2364 3915 -
2410 3865 2627 3917 Callide-

388 3949 506 3994 mus,
540 3934 613 3981 ita
633 3948 729 3981 nos
753 3932 1040 3992 scripsimus
1066 3945 1131 3978 ex
1155 3931 1442 3980 coniectura
1465 3932 1735 3980 audaciore
1761 3932 1979 3991 quidem,
2016 3946 2324 3994 quamquam
2357 3948 2462 3982 non
2487 3950 2627 3997 pror·

390 4016 489 4059 sus,
513 4001 587 4048 uti
612 4000 837 4057 arbitror,
862 3997 1197 4059 improbabili.
1242 3995 1361 4045 C'ael
1383 3996 1489 4055 adi,
1514 3997 1579 4044 Β.
1624 3995 1847 4059 Celadye,
1871 3999 1939 4047 A.
1965 3997 2104 4048 chael
2126 3999 2241 4063 tuly,
2267 4002 2314 4049 d.
2340 3998 2627 4062 Helladius,

387 4061 445 4126 β.
480 4064 793 4124 Hellanicus,
825 4064 982 4113 Hard.
1005 4077 1055 4127 r.
1114 4064 1214 4114 Sed
1236 4064 1364 4111 illud
1388 4064 1593 4125 quidem
1615 4076 1801 4112 nomen
1824 4079 2073 4126 nusquam
2099 4066 2219 4114 alibi
2250 4081 2415 4129 neque
2436 4068 2491 4117 in
2513 4071 2626 4132 ipso

389 4148 539 4197 opere
570 4146 734 4196 neque
765 4132 818 4180 in
850 4138 1115 4179 auctorum
1138 4130 1385 4179 indicibus
1409 4131 1564 4178 habet
1586 4130 1807 4189 Plinius,
1848 4132 1951 4180 hoc
1975 4147 2006 4180 a
2029 4133 2262 4181 codicum
2283 4135 2529 4198 scriptura
2548 4138 2626 4186 ni-

388 4200 484 4250 mis
506 4201 708 4249 recedit.
765 4198 970 4248 Collato
1005 4198 1158 4260 igitur
1179 4198 1332 4246 huius
1362 4197 1477 4246 libri
1503 4197 1668 4245 indice
1692 4196 1889 4246 nullum
1912 4212 2101 4247 nomen
2125 4216 2156 4249 a
2179 4200 2411 4251 ductibus
2433 4202 2625 4253 littera-

389 4282 500 4315 rum
523 4267 731 4330 propius
763 4268 936 4315 abesse
956 4265 1220 4314 videbatur
1243 4279 1395 4326 quam
1428 4261 1736 4323 Callidemus,
1762 4265 1903 4314 cuius
1926 4267 2269 4317 testimonium
2293 4269 2345 4318 in
2368 4271 2626 4319 simillima

391 4347 443 4382 re
465 4334 690 4384 laudavit
711 4332 843 4381 Plin.
877 4330 907 4390 ξ
942 4337 1022 4382 64.
1071 4371 1132 4380 -
1181 4330 1379 4395 Scyros,
1405 4332 1471 4380 K.
