2961 4861
429 358 552 421 338
1137 374 1544 419 NATURAms
1586 371 1978 419 msTomAE

430 549 544 591 suo
588 525 998 612 appellatam.
1062 521 1267 588 Cuiu‘s
1297 526 1573 589 lacteum
1603 544 1827 589 sucum
1857 523 2033 588 miris
2062 522 2361 588 laudibus
2392 524 2673 591 celebrat

339 614 340 619 ἵ
427 628 492 690 in
539 626 825 692 claritate
870 624 1047 688 visus
1094 634 1439 706 contraque
1488 623 1804 709 serpentis
1849 633 1913 687 et
1954 646 2203 688 venena
2244 624 2493 702 omnia,
2538 626 2670 711 pri-

426 728 623 792 vatim
669 726 880 791 dicato
922 724 1262 791 volumine.
1329 721 1419 786 Et
1464 725 1619 787 satis
1664 744 1987 807 superque
2033 723 2115 788 de
2158 722 2445 789 Atlante.

511 827 599 891 II.
655 826 1040 911 Tingitanae
1084 823 1448 908 provinciae
1492 823 1825 910 longitudo
1868 845 2035 888 chx
2062 846 2115 887 u
2139 847 2205 910 p.
2246 835 2363 889 est.
2424 822 2672 891 Gentes
2705 847 2774 891 17

425 930 492 992 in
549 950 655 1003 ea,
718 925 1038 1009 quondam
1091 924 1440 1009 praecipua
1493 921 1900 1002 Maurorum,
1959 924 2133 989 unde
2186 947 2456 1002 nomen,
2513 948 2673 1009 quos

425 1028 716 1113 plerique
745 1025 1119 1089 Maurusios
1150 1023 1468 1088 dixerunt.
1530 1023 1891 1089 Attenuata
1930 1024 2115 1090 bellis
2160 1026 2243 1090 ad
2284 1048 2527 1111 paucas
2566 1051 2672 1092 re-

428 1130 583 1194 cidit
612 1127 903 1192 familias,
934 1125 1263 1190 Proxuma
1292 1125 1383 1190 illi
1407 1124 1958 1209 Massaesylorum
1988 1126 2232 1202 fuerat3
2267 1127 2455 1192 simili
2482 1128 2674 1193 modo

430 1232 748 1296 exstincta
780 1238 895 1294 est.
954 1225 1270 1292 Gaetulae
1310 1249 1480 1291 nunc
1527 1237 1748 1290 tenent
1789 1238 2041 1314 gentes,
2086 1226 2408 1293 Baniurae
2436 1229 2675 1294 multo-

430 1354 553 1415 que
607 1329 982 1396 validissimi
1033 1326 1366 1391 Autololes
1426 1336 1492 1390 et
1542 1326 1769 1390 horum
1824 1350 1976 1412 pars
2032 1329 2355 1410 quondam
2397 1328 2672 1407 Vesuui,

429 1433 540 1516 qui
596 1430 797 1496 avolsi
851 1428 952 1492 his
1005 1427 1330 1513 propriam
1384 1426 1596 1491 fecere
1646 1437 1906 1514 gentem
1949 1429 2121 1493 versi
2164 1428 2248 1492 ad
2291 1429 2672 1516 Aethiopas.

429 1531 586 1618 Ipsa
625 1530 956 1618 provincia
998 1528 1077 1592 ab
1116 1527 1361 1592 oriente
1398 1537 1735 1592 montuosa
1765 1529 1894 1592 fert
1921 1528 2312 1615 elephantos,
2357 1530 2426 1594 in
2455 1530 2677 1616 Abyla
2707 1552 2766 1596 18

428 1654 686 1718 quoque
729 1639 942 1694 monte
974 1638 1039 1693 et
1079 1649 1239 1712 quos
1272 1625 1541 1713 Septem
1584 1628 1814 1692 fratres
1858 1651 1897 1692 a
1941 1629 2130 1695 simili
2173 1629 2512 1696 altitudine
2554 1654 2674 1718 ap-

428 1736 702 1820 pellant3
751 1731 917 1795 freto
959 1729 1273 1793 inminent
1313 1728 1360 1791 ii
1402 1727 1604 1792 iuncti
1628 1728 1922 1812 'Abylae.
1990 1728 2101 1794 Ab
2144 1730 2246 1795 his
2290 1754 2402 1795 ora
2442 1731 2676 1798 interni

424 1835 620 1899 maris
645 1881 662 1910 ,
728 1830 965 1894 flumen
1022 1827 1315 1892 Tamuda
1372 1827 1734 1913 navigabile
1752 1877 1769 1906 ,
1837 1829 2159 1914 quondam
2217 1840 2282 1895 et
2339 1831 2671 1917 oppidum,

326 1924 331 1928 ⁴
425 1934 664 1998 flumen
692 1931 885 1995 Laud
916 1939 981 1993 et
1009 1929 1224 2014 ipsum
1251 1927 1656 2014 navigiorum
1685 1950 1910 2015 capax,
1960 1928 2329 2013 Rhysaddir
2365 1932 2674 2019 oppidum

430 2044 495 2100 et
536 2042 781 2118 portus,
827 2028 1132 2095 Malvane
1174 2027 1409 2093 fluvius
1453 2027 1854 2114 navigabilis.
1917 2025 2080 2116 Siga
2106 2030 2416 2116 oppidum
2446 2054 2528 2097 ex
2556 2033 2669 2098 ad·-
2701 2054 2765 2097 19

505 2188 607 2231 sao,
632 2185 735 2219 om.
757 2170 817 2219 P.
863 2184 951 2216 suo
976 2166 1063 2226 sic,
1087 2166 1218 2215 Rob.
1245 2206 1307 2213 -
1337 2164 1652 2228 appellatam,
1678 2181 1778 2216 om.
1802 2167 1892 2218 N¹.
1917 2208 1981 2217 -.
2020 2165 2276 2230 laetaenm,
2299 2169 2368 2219 A.
2397 2210 2458 2218 -
2497 2170 2669 2232 dicato,

428 2240 635 2290 Barbar.
659 2235 1072 2287 R²ADNPad.
1111 2232 1303 2293 dictato,
1328 2246 1375 2280 σ.
1414 2230 1562 2293 dicto,
1585 2235 1676 2283 R¹.
1717 2274 1779 2282 -
1814 2232 1973 2296 Haec,
1997 2236 2055 2285 P.
2094 2275 2157 2284 -
2192 2234 2461 2297 Athlantis,
2486 2238 2553 2287 A.

501 2305 531 2367 ξ
569 2309 647 2356 17.
708 2301 1033 2365 Tinyitanae,
1068 2302 1285 2350 RTa¹d
1317 2296 1521 2360 (Ambr.
1558 2299 1600 2349 Ι.
1636 2299 1734 2363 Π.)
1795 2299 2121 2366 Yinyitaniae,
2152 2299 2560 2368 ADNPa2ssr.
2606 2344 2667 2354 -

435 2383 519 2437 est,
542 2373 723 2425 APa²
748 2368 952 2433 (Ambr.
976 2370 1017 2418 Ι.
1043 2366 1141 2430 11.)
1178 2376 1240 2428 et,
1265 2367 1590 2417 RDNa¹dr.
1626 2368 1771 2417 Pone
1793 2369 1847 2417 h.
1871 2384 1917 2417 V.
1941 2370 2076 2418 Pint.
2116 2371 2270 2419 verba
2310 2368 2539 2436 Quinque
2560 2379 2671 2421 sunt

436 2485 498 2493 ...
519 2438 782 2508 provincia
806 2436 860 2503 (ξ
889 2435 993 2499 11.)
1018 2437 1205 2486 inserit.
1261 2476 1324 2484 .-
1374 2452 1508 2499 qens,
1530 2437 1628 2486 Nr.
1677 2476 1737 2484 .-
1792 2436 1842 2484 in
1864 2451 1941 2497 ea,
1965 2453 2065 2487 om.
2088 2439 2153 2488 Β.
2192 2478 2253 2486 -
2293 2442 2606 2503 praecipuae,
2626 2440 2671 2489 P

435 2509 638 2573 (Ambr.
661 2510 704 2558 I.
727 2505 825 2568 Π.)
873 2546 935 2553 -
989 2519 1170 2562 nomen,
1192 2496 1751 2554 RAGSTDNPadr
1774 2501 1956 2566 (Βοὴ.)
2006 2519 2172 2554 nomen
2256 2505 2488 2567 ovinciae,
2511 2502 2570 2567 β.
2605 2546 2668 2556 .-

438 2576 749 2635 Maurusios,
772 2575 822 2623 N
839 2574 908 2622 ’ΞΡ
934 2568 1118 2632 (Βοὴ.)
1156 2568 1461 2631 Maurosios,
1485 2573 1591 2622 RD
1603 2587 1647 2620 a.
1684 2570 1972 2633 Mamaos,
1995 2572 2147 2623 AN'.
2182 2522 2458 2633 Zara-sios,
2482 2569 2580 2634 ᾱβ.
2608 2614 2669 2624 ..-

439 2644 626 2702 recidit‚
643 2642 805 2693 ANP
818 2657 849 2689 a
862 2641 925 2688 ²d
944 2635 1520 2699 (codd.Barbari,Rob.)
1546 2637 1747 2698 recedit,
1766 2639 1815 2687 Β
1829 2640 1950 2689 ²Da
1963 2641 1991 2688 ¹.
2017 2638 2179 2699 rediit,
2197 2640 2248 2689 K
2266 2637 2381 2702 (alii
2390 2642 2536 2690 codd.
2547 2642 2670 2690 Bar-

433 2708 585 2769 bari.)
608 2707 844 2765 reddidit,
861 2706 952 2754 R1.
971 2746 1034 2754 .-
1056 2702 1493 2769 Massaesylorum,
1511 2706 1644 2756 Nad
1669 2703 1850 2768 (Rob.)
1869 2704 2281 2771 Masaesylorum,
2298 2707 2368 2756 D.
2397 2706 2670 2772 Masesylo-

435 2792 557 2838 rum,
580 2777 648 2826 A.
688 2773 1075 2836 Masesynorum‚
1098 2774 1161 2822 Β.
1199 2770 1564 2834 Massaeorum‚
1588 2787 1636 2821 σ.
1683 2770 2036 2832 Μαεείῐῐοναηι,
2058 2775 2117 2823 Ρ.
2156 2772 2507 2836 Μαεείῑὼνωπ,
2529 2791 2570 2824 r.
2604 2814 2671 2825 -

434 2842 604 2903 simili,
627 2843 861 2893 RADa¹
876 2843 923 2890 d.
962 2840 1050 2888 sed
1072 2839 1232 2900 simili,
1256 2842 1321 2888 οἳ
1345 2836 1529 2903 (Βοὴ.)
1552 2835 1652 2904 βγ.
1690 2848 1735 2889 et
1758 2840 1923 2900 simili,
1946 2842 2005 2890 P.
2053 2850 2099 2890 et
2119 2840 2234 2902 sili',
2257 2842 2323 2892 N.
2367 2882 2431 2891 .-
2486 2839 2670 2892 Gaetu-

436 2909 516 2961 lae
542 2926 666 2970 num,
689 2912 754 2961 D.
817 2906 1113 2967 Getulenum,
1146 2909 1192 2956 d.
1253 2904 1463 2956 Gaetuli
1485 2914 1613 2966 tanc,
1637 2909 1696 2957 P.
1752 2950 1814 2957 -
1868 2906 2140 2970 Baniurae,
2164 2909 2465 2960 BDTPad
2489 2907 2670 2973 (Βοὴ.)

447 2978 679 3040 Vaniure‚
704 2979 771 3028 A.
808 2974 1097 3036 Banurrae,
1120 2974 1184 3025 N.
1222 2974 1490 3035 Bamurae,
1515 2990 1563 3023 σ.
1599 2972 1870 3036 Bannurri,
1896 2978 2043 3025 codd.
2064 2977 2290 3026 Barbari.
2336 2977 2585 3038 Banurri,
2607 2972 2671 3038 β.

437 3088 498 3096 ....
535 3046 784 3110 multoque,
806 3046 1013 3095 Barbar.
1051 3084 1113 3093 ..
1149 3039 1461 3103 Authoboles,
1488 3045 1534 3091 d.
1570 3040 1859 3104 Auctololes,
1883 3045 1941 3092 P.
1987 3041 2207 3105 Autoles,
2229 3045 2294 3093 Β.
2340 3085 2403 3094 ....
2452 3054 2499 3093 et
2527 3042 2671 3102 olam,

433 3116 497 3164 Β.
551 3114 819 3170 etholorum,
854 3114 915 3163 P.
969 3108 1298 3171 Aetholorum,
1321 3111 1410 3160 N¹.
1467 3150 1531 3158 .-.
1597 3109 1797 3170 Vesani,
1830 3112 1976 3159 codd.
2007 3112 2243 3171 Barbari,
2275 3112 2408 3162 Βοὴ.
2476 3111 2672 3172 Vesimi,

433 3183 649 3232 N'Pa2.
685 3179 891 3239 Nesimi,
915 3178 1302 3229 ADN²Ta¹d.
1338 3176 1543 3236 Nisemi,
1567 3177 1629 3226 Β.
1668 3176 1708 3227 I
1714 3177 1900 3239 Vsimi,
1918 3192 1966 3226 σ.
1994 3217 2056 3226 ..-
2085 3179 2174 3240 qui
2187 3177 2358 3228 avulsi
2372 3176 2466 3240 his,
2488 3180 2669 3229 ANP.

437 3248 525 3310 qui
549 3246 748 3306 avulsis,
772 3249 904 3298 Da'.
941 3245 1029 3309 qai
1050 3245 1234 3295 avulsis
1258 3243 1366 3306 hiis,
1392 3248 1471 3294 8².
1522 3243 1610 3308 qui
1633 3242 1807 3306 avulsi,
1833 3248 1879 3294 d.
1906 3263 1970 3310 q<
1990 3245 2184 3306 avolsis,
2209 3246 2271 3294 Β.
2311 3285 2374 3295 ....
2410 3246 2491 3307 ab,
2515 3247 2668 3297 Bm.

503 3312 531 3372 ξ
560 3319 638 3363 18.
691 3322 917 3371 montosa,
941 3315 1172 3363 Passion.
1196 3308 1254 3372 β.
1310 3352 1373 3360 -
1428 3312 1709 3375 aelffantes,
1740 3314 1804 3362 R.
1861 3354 1923 3361 .-
1976 3311 2153 3377 Abyla,
2187 3314 2446 3363 ANPad.
2499 3312 2670 3374 Abila,

432 3375 593 3444 Dpfi.
645 3377 851 3438 Habita,
883 3380 947 3428 Β.
999 3377 1187 3439 Abila,
1219 3393 1266 3427 σ.
1319 3377 1471 3429 Abila
1503 3388 1649 3428 monte
1681 3389 1728 3428 et
1760 3378 1826 3429 iis
1856 3395 2045 3444 quoque
2079 3396 2212 3444 quos,
2243 3381 2310 3431 K.
2362 3379 2485 3429 idem
2514 3380 2671 3431 Abila

434 3464 579 3507 mons,
602 3448 789 3498 Sabell.
824 3444 1213 3510 Exscripserunt
1235 3448 1363 3495 haec
1384 3448 1620 3497 Martian.
1649 3453 1694 3506 6,
1721 3453 1831 3497 668.
1859 3455 1909 3496 et
1932 3448 2089 3498 Solin.
2116 3454 2196 3507 25,
2225 3455 2269 3498 l.
2301 3448 2419 3495 coll.
2453 3449 2592 3498 Mola
2623 3447 2668 3497 1.

438 3522 485 3576 5,
513 3521 557 3566 5.
586 3556 649 3564 .-
686 3523 731 3563 et
755 3531 888 3578 quos,
911 3515 1035 3563 AN.
1072 3522 1117 3563 et
1139 3530 1243 3577 quo,
1267 3515 1332 3563 D.
1370 3529 1429 3563 ex
1454 3530 1566 3577 quo,
1592 3514 1831 3578 RPadp.
1858 3555 1920 3562 -
1947 3514 2207 3580 appellant,
2231 3515 2396 3565 ANa.
2432 3513 2669 3579 appellat,

434 3585 538 3633 RD
548 3585 597 3632 d.
634 3578 893 3647 appellari,
916 3596 967 3644 p.
994 3581 1106 3631 Om.
1131 3582 1190 3629 P.
1217 3621 1279 3628 -
1300 3581 1439 3643 freto
1472 3579 1714 3630 imminent
1744 3581 1795 3642 ii,
1819 3583 1891 3631 ita
1912 3597 2007 3631 nos
2033 3584 2335 3646 scripsimus.
2354 3582 2492 3645 freto
2513 3583 2668 3632 immi-

432 3654 572 3712 nenti,
596 3650 705 3700 RA
723 3641 1027 3700 ODNTad
1051 3644 1254 3709 (Ambr.
1272 3649 1314 3697 Ι.
1332 3646 1430 3710 11.)
1458 3649 1599 3711 freto
1621 3647 1896 3710 imminente,
1920 3651 2022 3713 Pp.
2071 3649 2110 3698 ii
2114 3650 2253 3714 fleto
2285 3650 2540 3710 imminent,
2561 3644 2605 3710 β
2614 3663 2666 3712 r.

433 3759 497 3768 .-
524 3719 700 3779 iuncta,
719 3718 859 3780 Pap.
879 3756 942 3764 -
968 3717 1047 3776 iis,
1066 3729 1114 3764 σ.
1152 3715 1215 3775 is,
1231 3716 1296 3765 Β.
1319 3756 1382 3764 .-.
1406 3713 1505 3776 ola,
1523 3716 1587 3765 Β.
1623 3724 1748 3774 orta,
1765 3717 1824 3766 P.
1848 3757 1908 3765 -
1934 3716 2129 3778 interne,
2146 3718 2213 3767 A.
2238 3717 2448 3774 interm,
2465 3718 2554 3766 13¹.
2591 3715 2668 3766 in·

433 3786 594 3847 ternis,
616 3787 682 3836 D.
708 3826 771 3834 -
806 3783 1046 3844 Tamuda,
1071 3784 1177 3833 RD
1190 3785 1303 3846 adp
1329 3780 1502 3843 (codd.
1527 3782 1781 3846 Barbari.)
1825 3781 2100 3845 Thamuda,
2124 3786 2182 3835 P.
2228 3781 2507 3844 Tamunda,
2530 3783 2664 3834 N20.

432 3851 646 3913 Amida,
670 3854 737 3903 A.
773 3849 1023 3911 Amantia,
1045 3852 1135 3901 N'.
1163 3891 1224 3899 ....
1251 3851 1475 3914 quodam,
1500 3851 1623 3901 ΒΑ.
1652 3852 1911 3916 „flumen
1930 3850 2087 3901 Laud
2095 3850 2293 3916 -Siya
2310 3850 2539 3915 oppidum
2561 3865 2662 3900 om.

430 3921 490 3970 P.
517 3962 579 3970 ..-
618 3919 785 3981 Laud,
813 3919 939 3970 AN.
976 3919 1122 3980 Laut,
1147 3920 1271 3983 a2p.
1317 3916 1504 3979 Laath,
1536 3935 1574 3967 r.
1622 3915 1756 3979 haut,
1782 3919 1844 3968 Τ.
1892 3927 1996 3980 aut,
2020 3920 2203 3969 Ram.
2240 3960 2301 3967 .-.
2336 3918 2562 3981 ipsoram,
2598 3918 2660 3967 T.

433 4029 494 4036 -
531 3985 839 4051 Rhysaddir,
863 3988 930 4037 A.
986 4002 1164 4035 rursus
1189 3983 1354 4046 addir,
1376 3986 1426 4035 Β
1442 3977 1541 4034 θα.
1596 4002 1764 4035 rursus
1787 3985 1858 4036 ad
1876 3985 1971 4047 hir,
1996 3987 2063 4036 D.
2117 4001 2294 4036 rursus
2319 3983 2472 4042 addit,
2497 3986 2663 4034 codex

429 4055 581 4104 Surit.
607 4057 670 4104 ad
693 4055 937 4103 Antonin.
963 4055 1124 4103 itiner.
1149 4068 1198 4116 p.
1222 4059 1265 4103 5.
1303 4070 1390 4102 rus
1407 4051 1567 4113 addit,
1587 4054 1648 4103 Τ.
1684 4069 1861 4102 rursus
1879 4053 2103 4118 oppidum
2120 4053 2234 4104 adir-
2252 4062 2313 4115 et,
2331 4068 2380 4117 p.
2416 4048 2662 4111 Rasadir,

428 4122 521 4171 Nd
545 4118 682 4182 (cod.
711 4121 994 4171 christinae
1020 4136 1100 4185 ap.
1123 4121 1276 4171 Voss.
1301 4123 1365 4170 ad
1387 4122 1510 4171 Mel.
1539 4126 1584 4180 l,
1613 4116 1684 4182 5.)
1709 4134 1759 4183 r.
1805 4119 2069 4183 Bassai-dir,
2091 4118 2149 4184 β.
2188 4162 2251 4169 -
2288 4129 2332 4170 et
2350 4127 2534 4185 portus,
2559 4132 2661 4168 om.

426 4187 521 4237 D¹.
560 4228 622 4238 -..
652 4196 856 4250 portus5
885 4203 1021 4252 pone
1042 4188 1095 4236 h.
1119 4202 1166 4236 v.
1192 4189 1324 4238 Pint.
1347 4190 1501 4237 verba
1524 4189 1681 4237 amnis
1714 4185 1951 4238 Mulucha
1984 4230 2045 4237 .-
2066 4188 2211 4251 finis.
2235 4186 2467 4250 Namque
2487 4185 2572 4236 diu
2594 4225 2659 4234 .-

557 4253 772 4304 ariensis
805 4251 860 4315 (ξ
892 4252 995 4313 19.)
1020 4254 1242 4304 collocat
1263 4255 1511 4304 refutatus
1542 4271 1573 4303 a
1607 4255 1757 4305 Voss.
1782 4257 1847 4305 ad
1867 4256 1991 4306 Mel.
2030 4261 2074 4317 1,
2103 4262 2146 4306 5.
2171 4270 2221 4319 p.
2250 4258 2364 4306 575.
2413 4293 2474 4303 ...
2521 4250 2660 4302 Μαι-

426 4336 559 4381 vane,
582 4320 892 4384 RDNadp.
931 4317 1225 4381 Malvanae,
1249 4321 1357 4370 Aa.
1395 4319 1662 4382 Malvana,
1686 4318 1786 4385 βν.
1826 4363 1887 4372 ..
1925 4320 2238 4387 namyabitia
2265 4323 2428 4372 omitt.
2455 4322 2557 4371 Td.

573 4471 720 4588 Nl
