2961 4861
1248 350 1628 406 rasurum.
2387 368 2547 411 zxm

307 513 420 572 bus
447 528 593 571 vera
618 510 795 571 lectio
820 511 1248 589 inveniebatur,
1279 531 1432 589 quae
1470 515 1531 574 in
1568 514 1701 575 aliis
1739 525 1847 574 aut
1880 516 2093 576 leviter
2130 524 2407 594 corrupta
2444 528 2552 579 aut

304 620 479 679 foede
516 619 871 698 interpolata
899 630 1179 680 exstaret.
1232 622 1398 696 Inde,
1429 625 1588 698 quod
1615 624 1909 702 scriptura
1935 624 2133 700 aliqua
2160 625 2347 684 facilis
2373 628 2549 686 intel-

303 729 486 800 lectu,
515 729 703 788 altera
732 747 879 789 vero
904 730 992 788 ita
1018 737 1299 809 corrupta
1326 740 1446 804 est,
1477 739 1548 790 nt
1573 733 1762 809 primo
1792 733 2000 792 obtutu
2027 750 2213 809 paene
2239 735 2414 793 fidem
2441 754 2550 794 ex·

305 839 479 897 cedat
503 856 580 895 ex
604 837 761 897 facili
795 838 903 896 illa
928 839 1223 916 scriptura
1261 847 1385 899 tam
1422 843 1654 918 ineptos
1684 860 1913 902 errores
1941 844 2085 902 oriri
2111 843 2393 923 potuisse,
2434 862 2555 902 non

307 947 509 1006 statim
553 946 1003 1006 existimandum
1045 947 1370 1008 faciliorem
1404 950 1839 1028 interpolationi
1872 952 2049 1011 alicui
2065 953 2305 1012 deberi.
2360 954 2553 1011 Immo

307 1058 406 1116 vel
442 1057 505 1115 in
544 1056 779 1132 optimis
818 1057 1117 1115 codicibus
1131 1099 1151 1130 ,
1192 1058 1280 1117 uti
1304 1058 1675 1134 potissimum
1700 1060 1825 1133 Ra,
1854 1062 2073 1136 ubique
2101 1061 2427 1140 scripturae
2455 1062 2551 1121 in·

305 1163 641 1236 veniuntur,
670 1144 828 1240 quae
852 1171 1054 1241 aperte
1081 1176 1393 1244 corruptae
1422 1169 1634 1227 calami
1662 1171 1836 1229 modo
1858 1172 2157 1231 erroribus
2186 1172 2546 1245 tribuendae,

305 1292 446 1332 cum
474 1272 701 1332 codices
728 1291 914 1348 aeque
939 1274 1080 1333 boni
1123 1292 1328 1335 veram
1366 1278 1720 1353 scripturam
1759 1280 1918 1337 omni
1955 1280 2419 1356 interpolationis
2455 1299 2554 1339 su·

305 1383 581 1459 spicione.
591 1382 832 1441 liberam
856 1384 1187 1443 exhibeant.
1231 1383 1363 1443 Iam
1384 1386 1543 1459 licet,
1573 1394 1642 1445 ut
1667 1388 1920 1461 redeam,
1951 1390 2108 1447 unde
2127 1407 2376 1447 exorsus
2400 1407 2552 1460 sum,

308 1489 600 1549 librorum
648 1490 910 1567 priorum
957 1493 1202 1569 triginta
1251 1495 1436 1553 oratio
1485 1496 1549 1553 in
1599 1494 1713 1554 hac
1748 1497 2002 1556 editione
2037 1497 2211 1574 longe
2249 1499 2326 1556 sit
2360 1499 2554 1556 minus

307 1599 621 1658 emendata
647 1617 829 1675 quam
858 1601 922 1658 in
947 1600 1111 1659 libris
1140 1619 1250 1660 sex
1275 1603 1629 1675 novissimis,
1658 1611 1859 1662 tamen
1883 1606 2001 1663 illis
2029 1625 2263 1682 quoque
2291 1625 2408 1665 non
2436 1605 2556 1665 exi-

308 1725 432 1783 gua
480 1708 707 1767 utilitas
759 1710 944 1767 allata
993 1710 1248 1780 videtur,
1302 1710 1443 1783 quia
1478 1729 1637 1768 nunc
1677 1712 1935 1782 demum,
1965 1714 2107 1786 qnid
2134 1716 2213 1771 ad
2238 1715 2555 1789 perfectam

307 1834 516 1875 eorum
544 1817 1009 1875 emendationem
1036 1817 1417 1889 desideretur,
1446 1819 1822 1893 intelligitur.

396 1924 478 1983 Et
504 1925 652 1983 haec
677 1926 808 2000 ipsa
832 1943 930 1982 res
959 1943 1053 1982 me
1080 1925 1374 1997 admonet,
1404 1932 1474 1983 ut
1500 1927 1787 1986 nonnulla
1813 1928 2024 1988 addam
2054 1930 2129 1987 de
2157 1929 2407 1988 editione
2432 1929 2559 1989 Da-

308 2031 679 2109 lecampiana
709 2034 838 2092 sive
866 2032 1110 2110 vulgata
1139 2030 1209 2115 β,
1250 2035 1345 2093 cui
1381 2053 1528 2110 quas
1555 2043 1752 2112 partes
1790 2055 1902 2111 ego
1928 2039 2232 2097 tribuerim
2259 2047 2404 2114 puto
2429 2038 2562 2098 fore

310 2142 418 2215 qui
454 2142 761 2200 mirentur.
815 2140 1053 2202 Scilicet
1090 2143 1194 2217 qui
1232 2125 1677 2203 commentarios
1717 2153 1950 2206 nostros
1991 2148 2221 2206 criticos
2257 2147 2562 2224 inspicient

312 2251 514 2309 statim
542 2252 1011 2310 animadvertent
1058 2270 1156 2309 me
1183 2271 1300 2310 non
1328 2250 1529 2328 paucis
1556 2254 1620 2311 in
1647 2255 1811 2326 locis,
1839 2257 2056 2315 reiecta
2083 2257 2375 2332 scriptura
2399 2256 2558 2315 Har-

311 2357 891 2433 duino-Broteriana,
923 2362 1000 2418 ad
1025 2360 1545 2438 Dalecampianam
1571 2363 1835 2434 rediisse,
1858 2382 2047 2439 neque
2074 2365 2151 2422 ibi
2178 2371 2429 2438 tantum,
2458 2365 2562 2422 ubi

312 2467 660 2527 Harduinus
688 2471 786 2528 vel
815 2488 957 2529 suas
986 2470 1086 2529 vel
1114 2471 1366 2528 aliorum
1396 2471 1778 2530 coniecturas
1797 2480 2016 2530 temere
2053 2474 2116 2531 in
2154 2474 2347 2548 ipsam
2382 2474 2563 2533 Plinii

313 2577 641 2635 orationem
677 2585 997 2654 receperat,
1032 2596 1243 2637 verum
1273 2580 1356 2638 ibi
1389 2597 1644 2654 quoqne,
1666 2580 1769 2637 ubi
1790 2581 2085 2639 codicibus
2120 2582 2245 2640 suis
2281 2581 2435 2640 male
2459 2582 2561 2640 ob-

313 2693 764 2761 temperaverat,
785 2686 973 2759 nullo,
993 2695 1060 2745 ut
1079 2687 1274 2763 palam
1299 2686 1432 2759 fuit,
1457 2687 1574 2746 alio
1592 2679 1942 2763 argumento
1964 2697 2178 2763 motus,
2203 2709 2380 2765 quam
2402 2691 2562 2767 quod

311 2794 546 2853 codices
566 2796 730 2853 aliud
752 2794 910 2869 quid,
933 2815 1111 2871 quam
1131 2792 1245 2877 ἰιιβ
1266 2803 1546 2869 exstaret,
1574 2798 1938 2858 exhiberent.
1991 2799 2238 2858 Talibus
2257 2801 2317 2856 in
2339 2801 2561 2859 discre-

316 2903 535 2979 pantiis
559 2897 823 2963 codicum
845 2906 1083 2963 secundi
1106 2914 1166 2964 et
1191 2905 1346 2964 tertii
1373 2906 1589 2965 ordinis
1624 2926 1757 2966 cum
1790 2908 2039 2966 editione
2076 2904 2108 2987 β
2135 2917 2338 2967 utnon
2367 2909 2564 2968 statim

316 3010 439 3068 illis
463 3011 820 3083 accederem,
844 3014 968 3087 sed,
991 3014 1336 3074 lectionibus
1356 3022 1628 3074 accurate
1651 3016 1805 3073 inter
1826 3033 1890 3073 se
1921 3015 2242 3089 pensitatis,
2264 3023 2400 3074 ntra
2423 3018 2564 3075 scri-

317 3125 497 3195 ptura
516 3118 903 3195 praeferenda
920 3132 1096 3194 esset,
1114 3124 1435 3180 secundum
1448 3097 1619 3195 ‘leges
1639 3121 1781 3178 artis
1803 3121 2033 3179 criticae
2044 3121 2461 3195 examinarem,
2477 3123 2563 3181 fe—

316 3229 400 3288 cit
415 3228 589 3302 illud,
613 3231 771 3305 quod
790 3229 1252 3304 Dalecampiana
1278 3225 1312 3308 β
1347 3227 1684 3303 saepissime
1714 3246 1849 3286 cum
1880 3228 2009 3287 solo
2037 3230 2235 3289 codice
2264 3228 2319 3288 B
2351 3240 2410 3290 et
2430 3251 2562 3290 cum

315 3349 410 3410 eo,
435 3338 536 3412 qui
554 3340 822 3414 proxime
843 3337 1011 3398 abeo
1033 3338 1220 3409 abest,
1244 3337 1371 3394 dico
1395 3336 1655 3395 codicem
1667 3336 1750 3408 A,
1776 3339 2092 3415 conspirat,
2116 3357 2249 3398 cum
2271 3341 2447 3399 ceteri
2466 3359 2562 3400 co-

316 3446 476 3504 dices
499 3440 738 3524 (qnales
761 3451 902 3505 sunt
920 3445 1050 3504 VR
1064 3444 1119 3501 T
1133 3440 1204 3525 d)
1226 3446 1300 3503 ab
1321 3445 1439 3504 illis
1474 3446 1734 3519 secundi,
1772 3423 2015 3506 Utsnihss
2043 3449 2232 3507 dicam
2253 3451 2325 3507 de
2345 3451 2561 3510 codici-

319 3557 435 3613 bus
455 3554 611 3612 tertii
635 3555 732 3613 vel
753 3556 947 3629 quarti
979 3554 1220 3626 ordinis,
1263 3571 1412 3628 quos
1439 3556 1656 3631 partim
1685 3553 1999 3615 Harduino
2039 3558 2204 3633 sequi
2230 3558 2469 3634 placuit,
2500 3560 2562 3617 in

318 3662 520 3720 omnia
541 3662 660 3720 alia
680 3680 865 3747 eaque
881 3661 998 3722 illis
1023 3663 1313 3721 deteriora
1332 3664 1561 3724 abeant.
1613 3664 1769 3723 Hinc
1790 3673 1947 3724 certe
1969 3667 2235 3740 sequitur
2255 3667 2562 3724 editionem

319 3770 504 3842 illam,
527 3789 679 3847 quae
699 3772 875 3831 toties
897 3773 1024 3830 sola
1047 3789 1181 3829 cum
1204 3772 1466 3829 omnium
1489 3773 1720 3848 optimis
1743 3773 2032 3833 codicibus
2051 3773 2211 3845 facit,
2245 3774 2376 3833 aliis
2395 3775 2456 3833 in
2474 3777 2562 3834 lo·

321 3880 428 3951 cis,
451 3880 553 3962 ubi
576 3879 675 3938 vel
694 3880 770 3938 ab
791 3881 883 3938 his
903 3881 1050 3956 ipsis
1074 3880 1370 3939 codicibus
1393 3881 1655 3952 discedit,
1678 3884 1830 3939 hanc
1848 3882 2040 3957 ipsam
2062 3883 2138 3940 ob
2156 3902 2282 3942 rem
2303 3903 2419 3943 non
2442 3893 2560 3944 sta·

319 3986 428 4045 tim
449 4005 580 4045 esse
604 3989 1009 4064 spernendam,
1031 3987 1209 4047 immo
1236 4006 1363 4047 rem
1390 4008 1527 4049 cum
1555 3988 1780 4056 ratione
1807 3988 2240 4068 disceptandam
2268 4012 2452 4069 eaque
2470 3995 2562 4052 iu-

321 4096 493 4154 bente
520 4099 995 4157 membranarum
1025 4097 1122 4156 vel
1151 4098 1507 4174 optimarum
1535 4098 1939 4157 auctoritatem
1977 4101 2211 4159 editioni
2243 4101 2563 4179 impressae

321 4207 805 4281 postponendam.
845 4205 992 4279 Quis
1016 4205 1179 4265 verbi
1204 4223 1399 4278 causa,
1423 4214 1495 4265 ut
1513 4223 1693 4265 unum
1718 4215 1872 4266 certe
1891 4209 2226 4285 exemplum
2244 4210 2362 4272 iam
2383 4231 2563 4288 supra

2343 4445 2514 4540 ,ι

2857 4215 2872 4334 flu.-
