2961 4861
400 372 522 434 292
1109 386 1516 434 NATURAms
1559 383 1949 433 msromAn

395 538 588 624 lippis
629 537 828 601 ,abest
885 558 1097 599 chxx
1149 557 1378 599 novem
1433 534 1678 600 milium
1732 557 1903 619 pass.
2012 534 2107 598 At
2159 536 2224 598 in
2280 558 2393 601 ora
2445 538 2648 604 amnis

397 638 714 724 ErginuS,
763 636 1073 720 oppidum
1095 634 1252 698 ‘suit
1287 632 1531 712 GanOS,
1574 635 1891 699 deseritur
1935 646 2002 699 et
2043 633 2478 719 Lysimachea
2519 640 2647 703 iam

397 740 463 801 in
520 736 943 801 Cherroneso,
1040 735 1231 801 Alius
1284 758 1560 819 namque
1614 736 1704 800 ibi
1759 736 2025 800 isthmos
2080 738 2412 822 angustias
2472 740 2645 804 simi·
2677 762 2744 803 ⁴8

396 840 476 905 lis
523 840 747 903 eodem
804 836 1062 899 nomine
1123 847 1189 899 et
1242 835 1383 920 pari
1439 836 1778 902 latitudine
1835 837 2163 915 inlustrat3
2233 839 2400 902 duae
2455 840 2646 906 urbes

398 939 721 1021 utrimque
764 938 952 1003 litora
992 937 1148 999 haut
1193 936 1485 1000 dissimili
1527 937 1716 1001 modo
1762 948 2022 1001 tenuere
2041 986 2058 1015 ,
2107 937 2355 1023 Pactye
2400 963 2438 1003 a
2482 939 2641 1005 Pro·

398 1037 694 1122 pontide,
758 1036 996 1100 Cardia
1048 1060 1087 1099 a
1116 1035 1390 1100 .Melane
1447 1037 1626 1114 sinu,
1683 1037 1842 1101 haec
1885 1060 1968 1101 ex
2010 1038 2173 1102 facie
2216 1040 2341 1104 loci
2391 1041 2642 1105 nomine

396 1148 660 1223 accepto
679 1186 696 1214 ,
769 1148 1077 1221 utraeque
1133 1137 1606 1221 conprehensae
1666 1147 1890 1222 postea
1943 1137 2371 1221 Lysimachea
2422 1164 2468 1203 v
2521 1142 2642 1205 mi-

394 1239 565 1305 libus
606 1263 671 1325 p.
730 1262 769 1302 a
810 1238 1058 1325 Longis
1110 1238 1327 1302 muris.
1415 1235 1858 1301 Cherronesos
1903 1261 1941 1301 a
1984 1238 2380 1323 Propontide
2422 1241 2647 1307 habuit

396 1341 757 1406 Tiristasim
789 1389 806 1417 ,
877 1337 1211 1403 Crithoten
1239 1386 1256 1414 ,
1333 1336 1587 1402 Cissam
1649 1337 1896 1402 flumini
1961 1339 2186 1427 Aegos
2253 1342 2641 1426 adpositam3

396 1465 566 1505 nunc
615 1443 812 1506 habet
872 1464 910 1503 a
965 1439 1208 1504 colonia
1250 1438 1432 1522 Apro
1491 1461 1630 1501 xxn
1684 1439 1813 1502 mil.
1869 1461 1965 1522 p.,
2029 1439 2335 1506 Resiston
2390 1465 2470 1505 ex
2527 1443 2644 1506 ad-

397 1565 584 1608 verso
629 1542 910 1608 coloniae
956 1540 1291 1604 Parianae.
1344 1528 1455 1602 ‘Et
1508 1539 1988 1624 Hellespontus,
2041 1564 2160 1618 vn,
2217 1554 2289 1605 ut
2343 1543 2642 1621 diximus,
2670 1564 2739 1606 49

397 1641 621 1708 stadiis
675 1641 1001 1727 Europam
1063 1641 1145 1705 ab
1204 1638 1368 1702 Asia
1421 1636 1749 1717 dividens,
1819 1663 1887 1703 1v
1939 1640 2108 1704 inter
2166 1632 2257 1705 se'
2292 1642 2642 1708 contrarias

396 1745 576 1810 urbis
618 1744 832 1820 habet,
879 1743 947 1806 in
975 1741 1238 1826 Europa
1270 1739 1635 1824 Callipolim
1679 1751 1744 1804 et
1775 1737 2008 1804 Seston
2053 1753 2118 1805 et
2157 1742 2225 1805 in
2253 1742 2419 1806 Asia
2445 1741 2644 1807 Lam-

397 1869 637 1931 psacon
681 1856 748 1908 et
796 1843 1103 1927 Abydon.
1171 1841 1345 1905 Dein
1398 1842 1898 1925 promontorium
1951 1839 2335 1907 Cherronesi
2389 1842 2644 1909 Mastu-

400 1946 494 2009 sia
557 1945 898 2008 adversum
968 1942 1165 2029 Sigeo
1183 1990 1201 2019 ,
1270 1941 1452 2005 cuius
1516 1941 1583 2003 in
1646 1939 1855 2005 fronfe
1922 1941 2179 2024 obliqua
2247 1941 2646 2027 Cynossema

398 2045 521 2132 (ita
570 2043 927 2129 appellatur
964 2041 1277 2106 Hecubae
1331 2042 1669 2125 tumulus),
1718 2041 1907 2105 statio
1947 2041 2359 2107 Achaeorum
2404 2056 2469 2108 et
2508 2056 2643 2108 tur-
2698 2122 2713 2132 s

396 2145 516 2221 ris,
591 2143 929 2209 delubrum
991 2141 1330 2205 Protesilai
1393 2152 1458 2205 et
1523 2141 1591 2203 in
1653 2152 1939 2205 extrema
1989 2140 2372 2208 Cherronesi
2435 2144 2646 2209 fronte

399 2267 565 2328 quae
608 2254 876 2309 vocatur
920 2243 1219 2308 Aeolium
1272 2241 1585 2325 oppidum
1627 2240 1886 2305 Elaeus.
1974 2241 2148 2306 Dein
2205 2246 2450 2328 petenti
2494 2243 2642 2311 Me·
2674 2268 2739 2310 50

468 2490 641 2536 novem,
664 2473 791 2523 ΒΑ.
830 2477 947 2530 octo,
972 2464 1114 2531 ὀβγ.
1156 2506 1215 2515 ...
1237 2465 1367 2529 fuit,
1394 2480 1496 2513 om.
1520 2465 1585 2513 K.
1626 2505 1687 2512 .-
1732 2461 1919 2527 Ganos,
1944 2467 2261 2518 RASTdo.
2305 2466 2483 2532 Ganos,
2518 2472 2642 2521 Bar-

401 2543 503 2590 bar.
536 2537 593 2601 β.
635 2581 686 2588 -.
739 2538 1012 2596 deseritur,
1041 2533 1212 2583 RAd.
1265 2532 1444 2582 Fuisse
1469 2532 1671 2595 fertur,
1704 2533 1769 2581 K.
1825 2574 1887 2580 -
1940 2532 2285 2598 Lysimachea,
2321 2537 2443 2587 ΒΑ.
2496 2536 2643 2604 Lyn·-

400 2605 603 2655 machia
652 2610 681 2655 d
781 2641 793 2653 .

469 2673 498 2732 §
527 2644 618 2722 48.’
644 2602 919 2735 arigiistiaS,
951 2667 1052 2717 Ao·
1081 2664 1253 2726 (codd.
1289 2667 1506 2716 Salmas.
1540 2680 1703 2715 exerc.
1736 2682 1785 2729 p.
1816 2671 1926 2717 117.
1953 2683 1998 2716 a.
2023 2667 2118 2730 A.)
2165 2670 2414 2732 anqustia,
2438 2668 2642 2737 Βᾱβγ.

402 2778 466 2787 ....
503 2738 696 2798 simile-3,
719 2739 829 2787 Ασ.
873 2733 1057 2793 similis,
1080 2728 1243 2782 RTO
1267 2730 1439 2792 (codd.
1465 2731 1708 2794 Salmas.)
1743 2732 1893 2783 simili
1913 2743 1994 2795 est,
2020 2737 2052 2784 d
2061 2731 2104 2796 β
2114 2749 2162 2799 r.
2204 2776 2265 2784 .-.
2302 2746 2366 2798 et,
2398 2740 2523 2789 RA.
2561 2750 2645 2800 est,

402 2806 493 2855 Td
519 2802 690 2866 (codd.
717 2799 957 2861 Salmas.)
995 2829 1056 2849 2-
1097 2798 1421 2859 latitudinem,
1444 2801 1511 2849 A.
1549 2840 1612 2849 -
1652 2800 1892 2861 inlustrat,
1916 2802 2027 2851 Ad.
2067 2801 2360 2863 inlustrant,
2384 2801 2539 2869 Ββγ.
2578 2847 2640 2854 ,.

403 2873 543 2933 duas,
568 2874 658 2921 13².
699 2912 760 2919 -.
799 2869 1050 2931 utrimque,
1075 2869 1138 2916 R.
1176 2876 1441 2930 utrumque,
1466 2868 1534 2916 A.
1572 2875 1784 2930 utraque
1809 2867 1877 2929 in,
1903 2869 2008 2918 Td.
2046 2910 2107 2917 -.
2153 2868 2306 2930 haud,
2339 2871 2440 2920 Ao·
2468 2871 2641 2934 (codd.

401 2937 645 3001 Salmas.)
670 2948 775 2999 aut,
788 2941 849 2988 R.
878 2950 1002 2999 quae
1027 2929 1334 2998 haud,dssr.
1364 2975 1425 2982 ,-
1453 2933 1680 2992 desimili,
1697 2935 1765 2983 A.
1794 2975 1856 2982 -.
1881 2934 2078 3000 Pactye,
2096 2938 2302 2986 Barbar.
2328 2941 2375 2987 d.
2410 2937 2643 3003 Pactlaye,

401 3009 527 3057 RA.
563 3007 769 3064 Pictiae,
793 3020 840 3053 σ.
881 3045 942 3052 -.
1006 3004 1114 3062 liae,
1139 3003 1205 3050 K.
1262 3042 1324 3049 ..-
1389 3009 1601 3065 accepte,
1626 3003 1689 3050 R.
1740 3041 1802 3049 -.
1849 3002 2012 3051 altera
2036 3019 2070 3050 a
2093 3019 2383 3066 compressu,
2406 3006 2540 3054 Pint.
2575 3047 2640 3055 -

393 3084 591 3142 postea,
615 3076 772 3124 RAd
796 3071 965 3134 (codd.
991 3067 1243 3129 Barbari.)
1273 3077 1385 3133 post
1410 3066 1544 3129 haec,
1570 3082 1616 3116 σ.
1654 3109 1717 3117 .-.
1764 3066 2100 3131 Lysimachea,
2124 3070 2187 3119 R.
2239 3112 2301 3119 -
2347 3089 2395 3132 a,
2422 3087 2523 3121 om.
2550 3074 2641 3122 R1.

403 3184 466 3192 ..-.
513 3141 709 3192 Tristas
733 3143 801 3201 in,
824 3142 893 3190 A.
944 3179 1005 3187 .-
1057 3135 1318 3188 Crithoten.
1346 3138 1378 3185 d
1402 3133 1576 3196 (codd.
1609 3134 1866 3197 Barbari.)
1913 3133 2137 3196 Critoten,
2171 3138 2238 3186 A.
2290 3135 2550 3200 Chritoten,
2575 3141 2642 3189 R.

407 3207 663 3269 Critonem,
687 3222 735 3256 σ.
777 3205 1058 3265 Crithotem,
1082 3218 1131 3268 r.
1174 3243 1226 3252 ,.
1275 3200 1485 3262 Cissam,
1509 3203 1739 3252 RAKd.
1784 3202 1997 3251 Cis-eiam
2019 3205 2100 3252 vel
2125 3201 2315 3267 Sycam,
2348 3208 2491 3255 codd.
2516 3207 2644 3256 Bar-

402 3276 525 3323 bari.
574 3314 636 3321 -
685 3275 865 3337 Aeyos,
889 3273 1056 3322 RAd.
1099 3270 1249 3335 Aeyo,
1273 3271 1324 3319 K
1348 3267 1520 3330 (codd.
1545 3268 1798 3331 Barbari.)
1841 3267 1962 3333 qu,
1987 3283 2033 3319 σ.
2079 3269 2238 3335 Aeyos
2254 3272 2470 3336 flumini,
2506 3273 2645 3322 Pint.

403 3342 467 3389 ad
489 3341 611 3388 Mel.
637 3339 708 3388 11.
735 3346 781 3399 2,
811 3344 854 3389 7.
894 3378 956 3386 -.
992 3337 1145 3401 Apro,
1170 3339 1219 3386 R
1243 3335 1414 3398 (codd.
1438 3335 1691 3396 Barbari.)
1728 3354 1761 3384 a
1780 3338 2074 3402 propontide,
2098 3351 2144 3386 σ.
2198 3336 2331 3401 Apro
2351 3379 2411 3386 -.
2431 3339 2647 3389 coloniae

405 3407 570 3454 omitt.
597 3407 704 3455 Rd.
743 3446 806 3453 .-.
843 3403 1044 3464 XXII,
1069 3399 1233 3453 Αθσ.
1270 3402 1534 3462 XXXII,
1557 3400 1615 3464 β.
1661 3403 1852 3464 XXV,
1886 3405 2043 3453 Hard.
2091 3406 2209 3454 vid.
2244 3406 2546 3472 wesseling.
2580 3410 2646 3456 ad

400 3473 653 3524 Antonin.
696 3474 857 3521 itiner.
891 3487 942 3535 p.
978 3477 1091 3520 332.
1132 3510 1194 3518 -.
1231 3471 1474 3529 Resiston,
1509 3471 1545 3520 S
1579 3467 1750 3531 (codd.
1775 3469 2026 3532 Barbari.)
2061 3469 2340 3532 Resistluon,
2363 3474 2432 3522 A.
2470 3472 2645 3523 Seston

403 3549 467 3600 et,
491 3554 538 3588 σ.
574 3537 898 3597 Rhaedeston,
922 3539 1057 3586 Pint.
1083 3540 1146 3585 ad
1170 3538 1292 3585 Mel.
1318 3537 1386 3585 11.
1414 3544 1460 3597 2,
1489 3543 1533 3586 6.
1570 3538 1645 3586 At
1667 3553 1714 3586 V.
1741 3539 2026 3587 Tzschuck.
2051 3546 2160 3587 not.
2184 3553 2329 3602 exeg.
2354 3543 2418 3589 ad
2438 3541 2490 3590 h.
2509 3542 2545 3590 1.
2580 3581 2643 3588 -

400 3606 708 3668 Pharianae,
733 3607 799 3656 A.
834 3604 1137 3664 Parthanae,
1159 3604 1321 3652 RTd.

471 3677 499 3739 ς
525 3681 606 3724 49.
651 3683 716 3723 ut·
735 3671 969 3721 diximus.
1028 3670 1160 3720 Cum
1192 3685 1444 3732 nusquam
1475 3672 1619 3721 locus
1652 3673 1957 3731 inveniatur,
1991 3674 2076 3721 ubi
2111 3674 2211 3722 hoc
2244 3674 2308 3722 sit
2340 3675 2580 3724 traditum
2612 3690 2646 3723 a

400 3743 569 3791 Plinio
595 3739 736 3802 (nam
765 3740 851 3803 qui
874 3739 1082 3788 affertur
1109 3740 1255 3787 locus
1279 3745 1325 3797 2,
1361 3744 1477 3787 205.
1503 3742 1566 3789 ab
1590 3740 1870 3799 HarduinO,
1903 3741 2033 3788 nihil
2066 3741 2169 3790 tale
2191 3738 2386 3803 habet),
2419 3750 2507 3790 aut
2539 3756 2644 3790 me-

400 3812 594 3860 moriae
615 3811 817 3873 lapsum
826 3808 982 3871 ipsius
1009 3807 1264 3869 scriptoris
1288 3814 1376 3854 aut
1397 3808 1623 3868 aliquam
1644 3807 1879 3855 lacunam
1903 3808 2128 3869 cogitare
2151 3809 2405 3858 debemus.
2433 3846 2501 3857 .-
2528 3806 2643 3868 III,

400 3877 464 3925 R.
491 3877 606 3927 Om.
632 3890 679 3924 σ.
717 3917 778 3925 .-
819 3876 958 3934 inter,
983 3874 1093 3924 ΒΑ
1112 3866 1305 3923 GTdr.
1343 3871 1445 3923 illic
1469 3874 1609 3934 inter,
1634 3869 1691 3933 β.
1732 3912 1789 3920 -
1837 3872 2125 3938 Callipolim,
2148 3876 2315 3924 RAd.
2369 3874 2642 3939 Callipolin,

400 3939 486 4003 σβ
495 3957 544 4007 r.
589 3944 725 3992 Hinc
758 3959 850 3992 sua
882 3943 1095 4005 sumpsit
1117 3942 1268 3991 Mart.
1295 3946 1341 4000 6,
1369 3947 1482 3990 658.
1531 3981 1592 3988 -.
1639 3940 1936 4001 Lamsacon,
1960 3943 2127 3991 RAd.
2173 3941 2515 4005 Lampsacum,
2539 3937 2641 4006 βγ.

401 4050 464 4059 ..-
502 4009 796 4070 ΝαετῘιιιεία,
820 4012 909 4058 Β“.
958 4049 1019 4057 .-
1065 4008 1317 4067 adversae,
1343 4011 1390 4058 d.
1437 4049 1499 4055 -
1538 4007 1682 4071 Siyeo
1705 4007 1860 4068 cuius,
1884 4008 1952 4056 A.
1990 4006 2170 4072 Siyaeo
2192 4008 2348 4068 cuiue,
2371 4009 2643 4058 Barbarus.

323 4123 328 4126 .
402 4075 550 4138 Siqae
573 4078 744 4133 oculos,
769 4079 815 4125 d.
854 4075 975 4138 Siqe
997 4077 1175 4136 oculos,
1198 4077 1331 4123 Rob.
1378 4074 1512 4139 Saye
1532 4072 1709 4135 oculos,
1733 4076 1795 4125 R.
1843 4072 2062 4139 Siyeaeo,
2086 4089 2133 4123 σ.
2183 4116 2245 4123 ..
2297 4073 2569 4138 Οἶψωεοηια,
2593 4089 2641 4124 σ.

403 4181 464 4189 .-.
502 4144 780 4206 appelletur,
805 4143 893 4191 R¹.
940 4142 1229 4207 appellatus,
1254 4146 1299 4193 d.
1323 4182 1385 4189 -.
1403 4143 1720 4200 Achaeorum,
1751 4142 1960 4190 Barbar.
1990 4141 2159 4191 RAd.
2194 4142 2479 4202 Acheroum,
2503 4156 2550 4190 σ.
2576 4183 2639 4190 -

400 4217 447 4256 et
472 4210 635 4269 turris,
654 4209 922 4258 RATdo.
976 4209 1149 4258 Turris
1183 4218 1245 4266 et,
1269 4205 1370 4273 βγ.
1404 4209 1525 4257 vid.
1549 4209 1763 4259 Salmas.
1787 4223 1951 4257 exerc.
1973 4223 2023 4271 p.
2053 4213 2165 4258 117.
2189 4211 2238 4258 b.
2258 4211 2329 4258 D.
2353 4210 2641 4258 Tzschuck.

399 4283 504 4323 not.
530 4290 673 4336 exeg.
700 4278 765 4324 ad
786 4276 908 4323 Mel.
933 4278 1001 4324 11.
1026 4283 1073 4334 2,
1104 4280 1146 4325 7.
1185 4314 1248 4322 -
1285 4273 1628 4334 Ρνοίεεείἰαεί,
1652 4275 1720 4324 A.
1760 4314 1821 4322 .-
1856 4273 2094 4335 Aeolium,
2119 4275 2271 4325 RAd
2306 4274 2479 4337 (codd.
2512 4276 2639 4324 Bar·

398 4339 547 4402 bari.)
583 4342 745 4399 Elum,
770 4353 817 4386 σ.
857 4379 916 4388 .-
955 4339 1156 4400 Elaeus,
1177 4342 1384 4389 Barbar.
1410 4342 1457 4389 d.
1501 4340 1690 4400 Glaeus,
1715 4342 1782 4391 A.
1817 4339 1987 4402 Aleus,
2011 4344 2073 4390 R.
2109 4342 2251 4401 Eius,
2276 4355 2323 4390 σ.

771 4501 910 4606 Ἠ
