2961 4861
364 316 490 379 446
1068 330 1476 381 Nummus
1519 329 1910 379 msa-onum

362 480 470 547 hic
512 480 637 547 fuit
679 480 966 548 sideralis
1011 482 1334 548 scientiae.
1388 479 1626 547 Cetero
1669 481 1754 544 ad
1801 478 2211 547 solitudinem
2252 479 2445 546 rediit
2492 503 2617 546 ex·
2653 502 2751 546 122

359 582 597 648 hausta
639 584 964 650 vicinitate
1015 581 1344 649 Seleuciae
1396 582 1482 647 ob
1534 581 1604 646 id
1658 581 1954 647 conditae
2004 603 2044 645 a
2083 580 2393 647 Nicatore
2435 583 2619 646 intra

359 684 846 771 nonagesimum
887 683 1166 769 lapidem
1192 684 1261 747 in
1305 681 1665 748 confluente
1692 681 2043 767 Euphratis
2088 682 2266 746 fossa
2306 683 2614 769 perducti

360 794 555 870 atque
607 785 855 873 Tigris,
916 807 1081 868 quae
1136 795 1348 848 tamen
1401 782 1765 866 Babylonia
1819 782 2336 869 cognominatur,
2402 783 2613 848 libera

358 884 548 951 hodie
599 907 674 950 ac
729 884 828 948 sui
881 884 1038 948 iuris
1088 882 1649 967 Macedonumque
1701 881 1914 947 moris.
1979 881 2231 947 Ferunt
2286 883 2347 947 ei
2398 884 2609 968 plebis

359 984 640 1049 urbanae
681 1005 766 1049 Dc
808 1006 859 1047 11
902 1004 1077 1062 esse,
1139 982 1333 1047 situm
1383 1004 1537 1047 vero
1590 981 1913 1046 moenium
1967 983 2218 1066 aquilae
2260 983 2608 1068 pandentis

360 1088 526 1165 alas,
587 1108 816 1173 agrum
872 1087 1068 1151 totius
1122 1086 1382 1152 orientis
1437 1084 1921 1150 fertilissimum.
1985 1084 2270 1151 Invicem
2315 1088 2400 1150 ad
2439 1088 2607 1152 hanc

360 1187 860 1252 exhauriendam
904 1184 1393 1272 Ctesiphontem
1433 1186 1616 1251 iuxta
1657 1181 1918 1251 tertium
1959 1186 2042 1252 ab
2094 1208 2171 1251 ea
2212 1188 2495 1272 lapidem
2536 1188 2606 1252 in

363 1285 769 1354 Chalonitide
801 1288 1143 1352 condidere
1171 1285 1415 1364 Parthi,
1460 1285 1637 1370 quod
1672 1310 1846 1352 nunc
1888 1297 2082 1373 caput
2111 1296 2210 1353 est
2236 1310 2603 1374 regnorum.

357 1388 449 1454 Et
490 1399 832 1475 postquam
871 1387 1053 1452 nihil·
1072 1386 1564 1473 proficiebatur,
1610 1409 1819 1474 nuper
1858 1386 2225 1476 Vologesus
2267 1412 2385 1455 rex
2429 1390 2606 1456 aliud
2637 1408 2744 1452 123

359 1490 670 1576 oppidum
709 1488 1276 1574 Vologesocertam
1316 1488 1387 1552 in
1427 1486 1640 1552 vicino
1687 1488 1986 1553 condidit.
2042 1488 2212 1554 Sunt
2257 1490 2606 1555 etiamnum

358 1590 428 1655 in
468 1589 940 1677 Mesopotamia
982 1588 1223 1674 oppida
1261 1587 1713 1674 Hipparenum
1731 1637 1748 1667 ,
1804 1588 2274 1655 Chaldaeorum
2317 1590 2607 1657 doctrina

360 1702 426 1757 et
465 1692 589 1758 hoc
630 1691 797 1757 sicut
836 1690 1153 1774 Babylon,
1195 1690 1379 1755 iuxta
1419 1689 1700 1756 fluvium·
1728 1688 2118 1778 Narragam,
2163 1691 2276 1775 qui
2321 1692 2496 1757 cadit
2536 1693 2606 1757 in

358 1789 423 1857 N
423 1815 740 1881 arrogam,
784 1790 958 1856 unde
997 1790 1240 1856 civitati
1265 1812 1519 1856 nomen.
1562 1789 1790 1855 Muros
1818 1790 2340 1877 Hipparenorum
2364 1792 2604 1858 Persae

361 1893 634 1959 diruere.
681 1891 968 1958 Orcheni
1007 1913 1261 1976 quoque
1305 1890 1495 1956 tertia
1537 1888 2007 1957 Chaldaeorum
2051 1893 2343 1958 doctrina
2383 1894 2454 1957 in
2494 1917 2603 1959 eo-

362 1993 510 2059 dem
574 1993 702 2058 situ
763 1994 1059 2058 locantur
1120 1993 1203 2056 ad
1267 1990 1600 2056 meridiem
1661 1992 1863 2070 versi3
1931 1993 2012 2059 ab
2069 1994 2169 2058 his
2220 1993 2480 2061 Notitae
2538 2008 2609 2062 et

363 2092 913 2179 Orothophanitae
956 2115 1033 2157 ac
1075 2089 1589 2157 Greciechartae.
1654 2090 1988 2178 Euphrate
2039 2094 2332 2183 navigari
2380 2095 2602 2182 Baby·
2635 2114 2735 2159 124

357 2195 568 2262 Ionem
613 2216 648 2259 e
691 2192 956 2258 Persico
998 2192 1159 2257 mari
1201 2212 1448 2257 ccccxn
1473 2215 1525 2256 M
1549 2214 1615 2279 p.
1659 2194 1922 2258 tradunt
1946 2192 2279 2261 Nearchus
2324 2207 2390 2261 et
2418 2196 2602 2263 One-

360 2294 618 2360 sicritus
633 2320 651 2373 3
698 2295 809 2380 qui
836 2316 990 2358 vero
1017 2303 1244 2378 postea
1272 2293 1606 2378 scripsere,
1651 2294 1735 2357 ad
1766 2291 2132 2360 Seleuciam
2160 2317 2405 2361 ccccxl.
2430 2297 2600 2377 mil.;

355 2396 522 2465 Iuba
576 2422 615 2463 a
670 2395 1005 2482 Babylone
1065 2391 1421 2460 Characem
1488 2415 1702 2459 chxv
1757 2395 1888 2461 mil.
1943 2421 2006 2483 p.
2101 2396 2340 2465 Fluere
2405 2400 2601 2484 aliqui

355 2501 526 2565 ultra
566 2499 902 2584 Babylona
945 2498 1243 2563 continuo
1287 2499 1468 2562 alveo
1484 2546 1503 2576 ,
1549 2496 1924 2583 priusquam
1967 2499 2344 2566 distrahitur
2384 2503 2468 2566 ad
2509 2504 2599 2567 ri-

357 2623 508 2687 gua,
553 2621 833 2662 Lxxxvn
874 2597 1029 2675 mil„
1075 2596 1376 2661 universo
1418 2606 1634 2662 autem
1676 2620 1871 2663 cursu
1912 2603 2005 2660 x'Tf.
2025 2619 2068 2658 M
2104 2624 2169 2687 p,
2223 2600 2599 2667 Inconstan-
2632 2621 2727 2665 125

359 2700 515 2764 tiam
565 2720 902 2763 mensurae
956 2697 1297 2762 diversitas
1351 2708 1683 2763 auctorum
1728 2699 1913 2779 facit,
1971 2724 2117 2767 cum
2157 2701 2397 2770 Persae
2438 2727 2598 2789 quo-

356 2823 483 2884 que
538 2798 845 2864 schoenos
900 2809 966 2864 et
1017 2817 1415 2885 parasangas
1469 2797 1579 2862 alii
1632 2800 1755 2863 alia
1807 2823 2106 2868 mensura
2156 2803 2596 2872 determinent.

424 3005 454 3068 5
482 3013 595 3058 122.
637 3002 818 3066 Celer-o,
840 2998 1003 3055 Βθᾱ.
1045 2999 1278 3059 Ceteram,
1302 3002 1364 3051 T.
1405 2997 1567 3052 Cetero
1590 3001 1809 3063 circuitu,
1831 3005 2039 3054 Barbar.
2061 3022 2103 3056 r.
2129 3047 2193 3056 ....
2229 3008 2313 3069 ad,
2337 3011 2387 3060 Β
2403 3003 2594 3062 BTdr.

357 3075 425 3137 in,
447 3076 657 3125 Barbar.
680 3068 738 3134 β.
760 3078 822 3121 -“-
859 3069 999 3133 XL,
1020 3071 1156 3121 Pint.
1182 3077 1233 3118 et
1254 3070 1496 3119 Bochart.
1520 3083 1693 3131 geogr.
1719 3085 1846 3120 sacr.
1872 3086 1923 3134 p.
1950 3079 2063 3122 234.
2100 3114 2165 3123 .-
2194 3074 2461 3140 perducti-3,
2486 3080 2593 3130 Rd.

357 3183 421 3192 .-
459 3159 573 3206 qua,
599 3143 646 3190 d.
682 3181 746 3189 -.
783 3137 1187 3200 Macedonisque,
1211 3137 1275 3186 Τ.
1329 3177 1392 3185 ....
1444 3136 1634 3186 Ferunt
1652 3178 1713 3185 -
1730 3135 1837 3186 DC
1850 3136 1927 3201 M,
1952 3141 2001 3189 Β
2018 3137 2190 3202 (codd.
2216 3142 2420 3207 Galen.)
2457 3145 2595 3195 Con-

357 3211 512 3260 sentit
534 3210 582 3269 d,
606 3208 704 3257 nisi
729 3209 867 3270 quod
889 3221 1070 3255 manus
1095 3205 1259 3268 prima
1281 3203 1567 3266 proferunt
1588 3203 1636 3252 ei
1656 3205 1814 3255 habet
1832 3216 2077 3270 perantes,
2101 3224 2282 3260 manus
2307 3215 2526 3262 secunda
2551 3214 2601 3263 ei

358 3276 562 3326 omittit.
596 3275 849 3323 Feruntur
880 3273 928 3322 ei
940 3271 1109 3336 plebes
1134 3272 1640 3334 urbanae-sexcentae,
1663 3288 1702 3321 r.
1730 3312 1793 3320 -
1833 3270 2124 3338 Calonitide,
2149 3278 2212 3327 R.
2249 3318 2314 3327 .-.
2350 3288 2501 3344 caput
2524 3289 2598 3331 est

356 3357 626 3407 reynorum,
649 3341 699 3389 Β
715 3333 813 3388 ΘΤ
822 3341 869 3389 d.
906 3348 979 3389 est
999 3348 1151 3402 caput
1174 3337 1328 3402 requi,
1349 3335 1409 3400 β.

424 3411 453 3474 ξ
482 3414 592 3458 123.
642 3406 1064 3471 Voloyesocertum,
1089 3408 1136 3455 d.
1174 3447 1238 3455 -
1275 3407 1543 3464 etiamnum,
1568 3408 1615 3456 d.
1652 3421 1877 3469 euanum,
1901 3410 1965 3459 Β.
2002 3450 2066 3458 -.
2113 3411 2355 3474 doctrina,
2386 3406 2593 3466 BSTd.

359 3476 587 3528 doctrina
609 3474 811 3535 clarum,
835 3471 1088 3538 R(?)Kr.
1116 3474 1230 3524 Om.
1255 3469 1312 3535 β.
1360 3514 1422 3523 ...
1484 3471 1722 3539 Babylon,
1755 3476 1863 3524 Rd.
1924 3474 2207 3540 Babylonii,
2240 3480 2398 3531 Hard.
2421 3495 2473 3546 γ.
2529 3523 2592 3531 -.

339 3544 579 3608 fluvium,
609 3536 825 3592 ΒΘΤᾶ.
860 3542 1076 3606 flumen,
1107 3536 1163 3602 β.
1219 3583 1281 3590 -
1330 3541 1417 3604 qui
1445 3538 1587 3590 cadit
1619 3541 1670 3590 in
1702 3558 1964 3605 narroyam
1995 3540 2124 3594 unde
2153 3544 2358 3609 civitati,
2382 3548 2591 3600 RSTd.

358 3612 443 3676 qui
474 3609 610 3661 dedit
638 3609 847 3669 civitati,
880 3604 981 3672 βγ.
1033 3610 1228 3659 Verum
1262 3609 1464 3672 quidem
1498 3617 1573 3658 est
1605 3624 1792 3659 110111011
1821 3609 2107 3675 Narroyam
2138 3627 2385 3677 perquam
2420 3632 2591 3680 suspe-

356 3687 495 3729 ctum
526 3691 650 3738 esse,
690 3691 797 3726 11011
830 3677 1051 3726 dubitavi
1075 3683 1244 3725 tamen
1284 3677 1428 3724 illam
1467 3676 1739 3726 lectionem
1772 3679 1835 3726 ab
1870 3679 2104 3729 omnibus
2147 3682 2292 3730 codd.
2336 3698 2592 3732 commen-

350 3749 527 3797 datam
557 3746 802 3808 recipere,
837 3759 954 3793 cum
987 3745 1100 3808 ipsa
1132 3745 1285 3792 verba
1315 3744 1721 3807 interpolationis
1762 3746 1980 3808 speciem
2020 3761 2125 3796 non
2163 3762 2284 3811 prae
2324 3764 2379 3799 se
2409 3750 2591 3801 ferant.

353 3812 558 3863 Nomen
579 3812 719 3862 fluvii
742 3820 792 3861 et
812 3813 949 3862 urbis
974 3811 1287 3874 cognominis
1309 3826 1446 3860 nunc
1468 3811 1730 3875 Narragae
1753 3814 1915 3863 dictae
1937 3815 2025 3863 vix
2046 3828 2290 3877 umquam
2316 3818 2590 3880 detegetur.

355 3920 420 3929 .-.
453 3879 873 3944 Hipparenorum,
906 3881 969 3931 Β.
1012 3878 1453 3944 Hipparaneorum,
1488 3872 1546 3939 β.
1592 3877 2023 3943 Scytharenorum,
2056 3884 2104 3931 d.
2152 3922 2216 3931 -.
2260 3881 2507 3943 Notitiae,
2541 3887 2590 3935 d.

353 3946 592 4008 Noticiae,
616 3949 676 4012 Β.
714 3986 777 3994 -
821 3945 1246 4010 Orothophanitae,
1270 3962 1314 3995 a.
1364 3946 1827 4010 Orotophopanitae,
1850 3948 1913 3997 Β.
1962 3947 2453 4014 Orothophopanitae,
2484 3953 2589 4003 Td.

360 4011 783 4079 Orotopopanitae,
815 4005 872 4063 Θ.
916 4012 1301 4077 ΟνιῘιορῙιαηΐαε,
1323 4007 1383 4073 β.
1422 4054 1486 4062 -
1524 4030 1582 4062 ac
1612 4010 1998 4074 Greciechartae,
2020 4017 2082 4066 T.
2119 4033 2153 4066 a
2180 4017 2375 4083 yreciae
2404 4017 2590 4081 charte,

354 4080 416 4129 Β.
471 4099 506 4130 a
535 4083 640 4196 {cie
688 4080 909 4143 chartae,
943 4083 992 4130 d.
1046 4090 1088 4130 et
1127 4080 1549 4143 Graeciochartae,
1591 4073 1647 4130 9.
1701 4092 1746 4132 et
1788 4081 2222 4146 Graeciochantae,
2262 4080 2419 4146 19.οε
2463 4085 2588 4137 Gne·

352 4147 541 4197 ciscant
572 4163 632 4197 ae
673 4164 704 4198 a
750 4186 763 4198 .

294 4240 301 4245 ·
421 4212 451 4273 5
479 4219 592 4262 124.
628 4185 676 4261 iaet
699 4162 922 4273 Ιζενείοο,
946 4216 1050 4264 Rd.
1090 4257 1150 4264 -
1193 4214 1501 4275 Onesicritus,
1522 4232 1571 4265 ν.
1595 4216 1760 4267 Geier.
1784 4232 1834 4280 p.
1863 4224 1974 4269 106.
2013 4260 2075 4267 -
2121 4217 2194 4269 ad
2211 4216 2498 4281 Seleuciam,
2522 4219 2586 4269 Β.

354 4298 388 4331 a
428 4278 667 4338 Seleucia,
708 4275 848 4342 (ἱβγ.
905 4320 965 4328 .-
1027 4279 1314 4342 CCCCXL,
1357 4286 1515 4333 RTd.
1576 4281 1993 4360 CCCGLXXK,
2040 4278 2097 4334 θ.
2154 4284 2442 4347 CCCCXC,
2482 4283 2586 4351 βγ.
