2961 4861
354 269 480 341 472
1058 295 1465 342 NArunAms
1511 294 1902 343 msromAE

354 445 494 510 auri
537 454 996 530 permutarent,
1053 448 1341 525 alteram,
1395 446 1508 511 ubi
1554 468 1734 512 sacer
1781 468 1964 512 mons
2007 468 2251 532 opacus
2297 448 2469 513 silva
2513 470 2624 513 re-

353 558 577 633 pertus
642 556 813 612 esset
833 595 851 625 ,
921 547 1281 613 destillante
1339 546 1675 613 arboribus
1735 548 1930 614 odore
1986 548 2188 613 mirae
2247 550 2622 627 suavitatis,

356 660 576 715 contra
607 647 819 712 sinum
844 647 1200 714 Persicum.
1263 646 1477 713 Cerne
1521 648 1886 713 nominatur
1926 650 2140 716 insula
2170 650 2448 717 adversa
2474 651 2622 716 Ae-

360 750 638 836 thiopiae
655 799 673 829 ,
731 750 914 815 cuius
964 772 1176 834 neque
1234 749 1608 838 magnitudo
1664 773 1878 834 neque
1920 751 2329 817 intervallum
2373 776 2416 816 a
2458 775 2623 818 con-

360 852 601 916 tinente
647 860 898 915 constat
910 877 928 928 3
996 851 1352 937 Aethiopas
1398 860 1647 915 tantum
1689 852 1967 938 populos
2010 851 2249 919 habere
2293 854 2622 939 proditur.

357 951 661 1037 Ephorus
718 959 941 1015 auctor
1009 960 1109 1015 est
1168 974 1208 1015 a
1259 951 1454 1015 rubro
1520 951 1679 1014 mari
1740 952 2107 1040 navigantis
2159 952 2230 1018 in
2283 976 2436 1018 eam
2486 977 2623 1018 non
2651 970 2741 1015 199

357 1073 548 1137 posse
591 1059 859 1136 propter
902 1050 1161 1116 ardores
1203 1051 1375 1115 ultra
1415 1052 1727 1135 quasdam
1770 1052 2101 1120 columnas
2129 1105 2215 1115 -
2243 1052 2342 1116 ita
2387 1055 2621 1139 appel-

357 1152 572 1217 lantur
601 1173 838 1236 parvae
866 1149 1115 1216 insulae
1138 1205 1219 1215 ...
1241 1152 1532 1237 provehi.
1576 1151 1892 1236 Polybius
1933 1152 2003 1215 in
2030 1161 2321 1217 extrema
2340 1152 2621 1218 Maure-

359 1251 531 1315 tania
560 1262 783 1316 contra
809 1261 1090 1317 montem
1115 1250 1448 1316 Atlantem
1488 1275 1527 1316 a
1568 1263 1736 1317 terra
1779 1252 1984 1317 stadia
2024 1274 2146 1317 vm
2187 1253 2419 1319 abesse
2461 1277 2622 1339 pro-

360 1354 524 1418 didit
549 1350 824 1432 Cernen,
854 1352 1074 1438 Nepos
1099 1349 1435 1418 Cornelius
1467 1375 1549 1418 ex
1578 1352 1850 1419 adverso
1878 1374 2175 1418 maxume
2195 1351 2625 1442 Carthaginis

364 1478 404 1519 a
450 1453 816 1520 continente
857 1476 924 1538 p.
964 1458 1045 1533 i,
1099 1477 1229 1519 non
1271 1454 1648 1542 ampliorem
1693 1453 1964 1519 circuitu
2005 1476 2126 1517 ΜΜ.
2192 1452 2509 1519 Traditur
2555 1465 2627 1520 et

361 1554 488 1618 alia
528 1554 738 1619 insula
782 1564 1003 1619 contra
1043 1564 1326 1620 montem
1360 1554 1714 1633 Atlantem,
1760 1564 1827 1619 et
1866 1554 2013 1639 ipsa
2054 1541 2343 1619 Atlantis
2387 1557 2625 1641 appel-

360 1656 509 1719 lata.
551 1654 662 1720 Ab
708 1678 785 1720 ea
824 1678 870 1719 v
912 1655 1165 1721 dierum
1206 1654 1761 1743 praenavigationi
1800 1654 2179 1720 solitudines
2219 1656 2301 1718 ad
2335 1655 2623 1722 Aethio·
2651 1675 2753 1720 200

362 1779 482 1843 pas
539 1754 897 1841 Hesperias
961 1767 1028 1821 et
1087 1756 1593 1843 promontorium
1651 1756 1827 1839 quod
1880 1755 2251 1821 vocavimus
2305 1754 2623 1843 Hesperu

368 1880 546 1923 ceras
560 1906 578 1935 ,
623 1858 775 1921 inde
813 1857 1100 1943 primum
1146 1857 1621 1945 circumagente
1665 1877 1734 1921 se
1779 1864 2093 1921 terrarum
2136 1855 2350 1920 fronte
2392 1856 2461 1921 in
2505 1878 2619 1923 oc-

365 1980 586 2023 casum
615 1980 691 2023 ac
717 1980 893 2023 mare
921 1945 1342 2024 Atlanticum.
1391 1954 1635 2022 Contra
1672 1956 1792 2022 hoc
1823 1965 2077 2039 quoque
2105 1957 2621 2041 promontorium

368 2057 706 2145 Gorgades
750 2059 994 2126 insulae
1036 2070 1396 2138 narrantur,
1445 2056 1825 2145 Gorgonum
1861 2057 2184 2142 quondam
2216 2058 2464 2139 domus,
2512 2059 2620 2126 bi-

369 2160 481 2225 dui
530 2159 940 2247 navigatione
994 2160 1302 2225 distantes
1359 2183 1398 2224 a
1440 2159 1833 2237 continente,
1890 2168 1965 2222 ut
2007 2151 2205 2223 tradit
2243 2158 2623 2245 Xenophon

368 2262 872 2349 Lampsacenus.
918 2260 1296 2326 Penetravit
1334 2260 1404 2324 in
1445 2281 1557 2325 eas
1599 2260 1835 2325 Hanno
1876 2258 2248 2325 Poenorum
2284 2249 2622 2348 inperator

370 2350 780 2452 prodiditque
833 2362 1001 2426 hirta
1043 2362 1423 2427 feminarum
1466 2383 1766 2448 corpora,
1823 2359 1996 2426 viros
2036 2362 2417 2448 pernicitate
2460 2379 2619 2429 eva-

373 2469 553 2546 sisse,
599 2468 994 2550 duarumque
1027 2463 1406 2553 Gorgadum
1448 2465 1617 2530 cutis
1655 2462 2016 2552 argumenti
2045 2473 2111 2528 et
2145 2464 2436 2530 miraculi
2465 2489 2618 2553 gra-

375 2569 464 2632 tia
490 2569 559 2631 in
586 2567 853 2632 Iunonis
885 2565 1118 2651 templo
1147 2565 1388 2651 posuit,
1434 2574 1754 2651 spectatas
1794 2584 2003 2647 usque
2044 2563 2128 2628 ad
2158 2562 2617 2652 Carthaginem

375 2677 648 2757 captam.
704 2665 897 2734 Ultra
936 2664 1052 2731 has
1097 2665 1447 2732 etiamnum
1488 2687 1537 2727 11
1580 2663 2020 2754 Hesperidum
2060 2663 2309 2732 insulae
2351 2689 2616 2731 narran-
2646 2686 2746 2731 201

442 2874 619 2936 altera,
640 2875 706 2927 R.
744 2914 808 2923 ...
842 2887 976 2923 mons
997 2887 1153 2933 sacer,
1179 2873 1226 2922 d.
1260 2911 1325 2919 -.
1360 2870 1609 2933 silvarum,
1631 2888 1657 2920 r
1681 2869 1865 2934 (Rob.)
1892 2911 1954 2924 ...,
1991 2870 2285 2932 destillante,
2308 2865 2421 2921 ΒΘ.
2457 2869 2619 2922 disa’l·

374 2944 521 3005 lante‚
544 2944 669 2993 Tdr
691 2939 875 3005 (Rob.)
924 2938 1301 3000 distillantibus,
1332 2933 1432 3002 βγ.
1471 2979 1531 2989 .-
1579 2937 1827 3002 myrrhae,
1860 2955 1899 2988 r.
1936 2978 2000 2988 ....
2046 2938 2333 3000 suavitatis,
2357 2948 2521 2988 contra
2541 2938 2614 2987 si-

374 3028 484 3061 num
514 3009 778 3060 Persicum.
846 3006 1002 3057 Cerne
1040 3007 1315 3059 nominatur
1354 3007 1546 3067 insula,
1585 3007 1721 3056 Pint.
1763 2999 1819 3056 θ.
1878 3005 2163 3056 suavitatis.
2208 3003 2394 3056 Contra
2420 3024 2461 3056 s.
2493 3004 2620 3055 Per·

373 3077 527 3129 sicum
562 3075 711 3129 Cerne
745 3077 916 3128 nomin.
948 3075 1129 3135 insula,
1164 3069 1363 3138 Rdssr.
1400 3113 1464 3123 -..
1502 3090 1551 3136 α,
1586 3088 1687 3123 om.
1711 3074 1775 3123 R.
1813 3113 1876 3122 ..
1914 3082 2116 3135 tantum,
2145 3087 2246 3123 om.
2272 3075 2345 3124 d1.
2385 3114 2446 3123 -
2482 3071 2621 3124 habi-

375 3155 500 3206 tare,
522 3163 563 3196 r.
2088 3161 2091 3164 ’

443 3234 473 3295 ξ)
501 3237 615 3284 199.
667 3229 920 3296 Ephorus,
948 3231 1012 3279 R.
1076 3236 1133 3278 ut
1160 3225 1409 3293 Ephorus,
1441 3228 1548 3277 Τά.
1616 3226 1737 3280 Vid.
1769 3214 1949 3290 fragm.
1986 3232 2068 3278 96.
2101 3243 2148 3277 a.
2185 3229 2263 3277 ed.
2296 3227 2501 3276 Mffller.
2555 3266 2620 3278 ..-

372 3298 592 3367 pervehi,
611 3301 674 3349 R.
712 3338 777 3350 -
811 3296 1042 3364 Polybius
1067 3297 1130 3346 Τ.
1154 3296 1221 3345 V.
1246 3311 1296 3360 p.
1323 3299 1405 3346 47.
1431 3296 1510 3344 ed.
1536 3293 1822 3358 Schweigh.
1853 3334 1916 3344 -
1954 3303 2218 3344 extremam
2240 3290 2621 3353 Mauretaniam,

378 3385 426 3432 d.
466 3421 529 3431 .-
564 3378 731 3446 Nepos
753 3396 804 3446 p.
829 3383 945 3431 370.
968 3380 1127 3435 Heus.
1166 3419 1229 3428 ..
1267 3396 1317 3442 a,
1342 3378 1507 3431 omitt.
1532 3379 1666 3433 'rdz
1706 3418 1771 3428 .-
1805 3360 1882 3442 ἱ,
1905 3381 1968 3430 n.
2004 3378 2146 3441 miae,
2170 3373 2316 3442 ᾱβγ.

445 3482 476 3543 ξ
502 3489 617 3534 200.
658 3480 749 3530 Ad
770 3480 890 3540 eam,
915 3483 963 3530 d.
1002 3520 1065 3528 -.
1102 3478 1302 3529 duorum
1326 3479 1531 3540 dierum,
1554 3496 1594 3529 r.
1633 3520 1696 3528 -.
1735 3478 2186 3544 praenaviyationi,
2218 3472 2320 3529 ed.
2357 3477 2624 3543 praenavi-

312 3552 315 3555 ’
377 3550 606 3616 gationis,
631 3552 696 3600 R.
726 3547 1180 3614 praenaviyatione,
1204 3548 1266 3596 T.
1312 3546 1430 3603 navi
1459 3549 1630 3609 atione,
1651 3542 1753 3611 βγ.
1791 3587 1855 3596 ...
1889 3547 2181 3611 Hesperias,
2207 3546 2282 3596 ita
2303 3562 2398 3596 nos
2420 3546 2620 3609 scripsi-

379 3634 493 3668 mus
518 3619 633 3667 coll.
660 3620 689 3681 §
712 3623 826 3667 195.
856 3619 966 3666 197.
1001 3612 1286 3678 Hesperios,
1305 3615 1395 3664 Rd
1459 3628 1510 3678 r.
1537 3655 1601 3664 .-
1620 3613 1893 3665 vocavimus
1916 3613 1946 3675 ἓ
1975 3618 2087 3666 197.
2114 3655 2178 3664 .-
2203 3613 2453 3679 Hesperu,
2474 3613 2624 3663 RTd

381 3682 566 3747 (Rob.)
602 3685 888 3749 Hesperion,
920 3679 964 3744 β
981 3696 1031 3747 γ.
1072 3721 1131 3729 .-
1170 3697 1376 3746 quoque,
1408 3674 1625 3732 ROTd.
1663 3682 1779 3733 Om.
1802 3677 1861 3743 β.
1899 3723 1963 3730 -
1998 3680 2325 3746 naviqatione,
2358 3683 2490 3731 Rob.
2535 3697 2623 3729 na-

382 3751 656 3818 viyationis‚
680 3754 790 3802 Rd.
818 3792 881 3800 -.
918 3749 1170 3810 distantes,
1194 3751 1242 3798 d.
1279 3748 1631 3814 distantesque,
1654 3751 1787 3800 Rob.
1828 3747 2075 3810 distantis,
2098 3751 2162 3799 R.
2199 3748 2437 3798 Ceterum
2456 3762 2504 3796 v.
2529 3748 2623 3798 So-

380 3822 470 3870 lin.
498 3825 685 3881 56,‚10.
723 3859 787 3868 ...
823 3837 872 3880 a,
897 3834 996 3868 om.
1021 3818 1149 3868 Rob.
1189 3857 1252 3865 -.
1290 3815 1607 3882 duarumque,
1631 3818 1797 3867 RTd.
1844 3816 2073 3878 duarum,
2105 3809 2208 3866 GK
2230 3813 2416 3878 (Rob.)
2461 3814 2624 3885 τρεῖς,

380 3887 652 3937 Hannonis
674 3887 908 3950 Periplus
941 3893 992 3935 et
1015 3883 1268 3935 Gosselin.
1295 3885 1595 3934 recherches
1619 3900 1705 3935 sur
1729 3885 1783 3934 la
1804 3885 2083 3949 geograph.
2113 3889 2159 3945 l,
2187 3888 2300 3934 136.
2327 3923 2392 3933 -.
2435 3882 2622 3948 Gorya-

384 3951 514 4015 dum,
538 3946 740 4004 1³on
764 3951 938 4015 (codd.
963 3953 1178 4004 Salmas.
1203 3966 1368 4002 exerc.
1392 3965 1442 4015 p.
1469 3956 1585 4002 915.
1610 3968 1654 4002 a.
1678 3948 1767 4014 B.)
1810 3949 2094 4016 Gor-yonam,
2117 3952 2251 4001 Rob.
2275 3945 2376 4014 βγ.
2414 3990 2477 3999 ..
2518 3957 2622 4014 yut·

386 4021 464 4081 tis,
487 4023 537 4071 R.
551 4024 579 4071 ¹.

448 4118 480 4179 5
505 4125 620 4169 201.
656 4104 999 4185 Hesperidum,
1023 4113 1236 4171 ROTd.
1273 4118 1591 4184 Hesperides,
1615 4115 1673 4180 β.
1714 4160 1777 4169 ...
1825 4118 1927 4179 hoc,
1949 4121 2059 4170 Rd.
2106 4118 2240 4180 haec,
2264 4113 2365 4182 βγ.
2406 4158 2469 4168 ....
2507 4114 2622 4168 Sat-

386 4185 497 4248 tius,
519 4187 626 4236 Rd.
663 4227 726 4237 ...
765 4187 856 4249 his,
882 4190 928 4238 d.
969 4229 1030 4238 ..-
1066 4188 1310 4252 Hesperu,
1334 4180 1476 4237 ROd
1512 4185 1683 4250 (codd.
1720 4185 1964 4250 Salmas.)
2017 4185 2303 4252 Hesperien,
2325 4180 2383 4246 β.
2437 4184 2622 4249 Hespe-

1248 4850 1253 4851 ⁷
1320 4848 1333 4849 n
1382 4846 1451 4849 n--
1483 4845 1720 4849 i-fflr
