2961 4861
416 336 536 398 176
1107 349 1513 397 NA'runAms
1559 348 1945 396 msa-onnus

415 504 619 569 ditum
663 512 785 579 est,
828 500 949 565 hoc
991 500 1162 565 idem
1205 510 1351 564 ante
1396 498 1736 564 solstitium
1780 497 2207 586 quadragenis
2250 499 2464 582 quinis
2508 501 2644 568 die-

414 604 535 668 bus
581 601 972 685 totidemque
1015 611 1239 685 postea
1279 599 1417 664 fieri
1462 610 1529 664 et
1567 622 1686 686 per
1730 622 1839 665 eos
1883 616 1977 663 xc
2023 598 2162 664 dies
2203 599 2270 663 in
2311 601 2648 668 meridiem

414 706 673 770 umbras
715 703 859 769 iaci.
913 702 1163 766 Rursus
1204 701 1272 764 in
1314 698 1542 766 Meroe
1587 693 1829 786 (insula
1868 700 2029 764 haec
2070 710 2392 784 caputque
2434 703 2648 788 gentis
2677 721 2776 765 184

413 805 808 891 Aethiopum
853 802 1135 886 quinque
1176 800 1439 865 milibus
1484 800 1760 864 stadium
1802 822 1842 863 a
1887 797 2104 882 Syene
2162 799 2231 864 in
2254 822 2459 865 amne
2499 800 2649 867 Nilo

414 903 766 988 habitatur)
819 903 921 968 bis
975 922 1141 965 anno
1202 899 1454 986 apsumi
1518 899 1807 976 umbrae,
1873 899 2007 964 sole
2069 897 2650 966 duodevicesimam

417 1006 581 1073 tauri
622 1015 874 1090 partem
917 1013 982 1066 et
1024 999 1628 1084 quartamdecimam
1670 999 1870 1064 leonis
1924 999 2273 1084 optinente.
2339 999 2420 1064 In
2460 999 2651 1065 India

416 1118 612 1196 gente
642 1103 915 1170 Oretum
959 1123 1143 1166 mons
1187 1110 1285 1166 est
1310 1099 1565 1165 Maleus
1607 1100 1882 1177 nomine,
1925 1100 2108 1164 iuxta
2148 1123 2342 1185 quem
2382 1101 2649 1166 umbrae

416 1217 661 1273 aestate
704 1205 773 1268 in
814 1213 1119 1279 austrum,
1164 1201 1375 1265 hieme
1416 1200 1487 1264 in
1530 1200 2025 1285 septentrionem
2051 1200 2389 1267 iaciuntur.
2438 1200 2648 1283 Quin-

417 1310 626 1374 decim
690 1315 939 1370 tantum
1001 1301 1292 1368 noctibus
1355 1300 1446 1365 ibi
1510 1300 1778 1385 adparet
1840 1301 2208 1386 septentrio,
2281 1301 2362 1366 In
2427 1303 2649 1367 eadem

417 1409 604 1476 India
629 1405 873 1471 Patalis
921 1401 1334 1468 celeberrimo
1377 1410 1572 1484 portu
1616 1401 1710 1466 sol
1752 1399 1979 1466 dexter
2011 1402 2233 1478 oritur,
2277 1400 2541 1467 umbrae
2583 1401 2649 1465 in

417 1509 748 1575 meridiem
806 1504 1062 1569 cadunt.
1150 1498 1698 1584 Septentrionem,
1765 1499 1856 1565 ibi
1912 1499 2287 1565 Alexandro
2343 1512 2646 1580 morante,
2678 1521 2774 1566 185

419 1613 794 1677 adnotatum
849 1603 1056 1688 prima
1110 1610 1354 1664 tantum
1405 1610 1588 1683 parte
1645 1598 1854 1663 noctis
1907 1600 2171 1685 adspici.
2249 1599 2651 1667 Onesicritus

419 1714 553 1777 dux
613 1709 753 1774 eius
797 1702 1082 1788 scripsit,
1149 1702 1382 1786 quibus
1439 1701 1509 1764 in
1549 1700 1707 1764 locis
1758 1699 1983 1765 Indiae
2025 1702 2288 1766 umbrae
2329 1725 2458 1768 non
2500 1704 2649 1782 sint,

423 1809 921 1897 septentrionem
963 1826 1091 1867 non
1136 1801 1446 1886 conspici3
1509 1822 1584 1865 ea
1623 1802 1763 1867 loca
1804 1801 2113 1886 appellari
2155 1803 2330 1868 ascia
2371 1826 2492 1869 nec
2532 1804 2648 1869 ho-

418 1935 524 1976 ras
568 1905 957 1973 dinumerari
996 1903 1109 1968 ibi.

503 2005 834 2075 LXXIV.
891 2005 991 2068 76.
1037 2003 1129 2066 Et
1170 2013 1302 2067 tota
1331 2001 1768 2087 Trogodytice
1809 2001 2069 2068 umbras
2097 2003 2199 2068 bis
2228 2005 2652 2092 quadraginta

420 2112 703 2198 quinque
762 2104 988 2170 diebus
1043 2103 1112 2167 in
1166 2124 1332 2167 anno
1374 2101 1833 2168 Eratosthenes
1884 2102 1951 2167 in
1992 2104 2376 2170 contrarium
2418 2106 2649 2171 cadere

419 2209 722 2299 prodidit.

504 2307 801 2377 LXXV.
869 2305 970 2369 77.
1026 2301 1140 2369 Sic
1193 2303 1267 2367 fit
1320 2313 1394 2367 ut
1442 2303 1621 2367 vario
1672 2303 1832 2369 lucis
1884 2305 2273 2371 incremento
2316 2306 2384 2370 in
2422 2305 2648 2373 Meroe
2679 2325 2775 2370 186

417 2411 825 2502 longissimus
869 2407 1006 2473 dies
1050 2425 1156 2472 ΧΠ
1196 2405 1386 2470 horas
1429 2403 1910 2490 aequinoctialis
1956 2415 2022 2471 et
2060 2417 2202 2473 octo
2229 2406 2431 2494 partis
2458 2407 2649 2474 unius

492 2619 829 2685 quadriqenis,
860 2630 910 2664 σ.
949 2655 1011 2663 -
1043 2623 1225 2679 postea,
1256 2614 1402 2663 Bad.
1449 2623 1575 2676 post,
1606 2629 1645 2662 r.
1687 2654 1747 2661 -
1777 2629 1887 2677 per,
1917 2615 2125 2665 Barbar.
2148 2617 2296 2666 Rad.
2338 2624 2459 2679 post,
2484 2616 2547 2664 T.
2586 2656 2649 2664 -

424 2689 493 2750 in,
518 2703 618 2736 om.
644 2688 707 2735 Τ.
734 2725 797 2733 -
835 2682 951 2742 iaci,
977 2697 1076 2730 om.
1101 2680 1198 2731 Β).

493 2756 524 2818 ξ
551 2758 662 2802 184.
699 2749 894 2800 Rursus
920 2787 982 2795 -
1008 2746 1129 2797 haec
1168 2763 1268 2796 om.
1294 2745 1374 2795 (1¹.
1414 2786 1476 2794 ..-
1522 2745 1679 2806 Mero,
1710 2746 1810 2797 1³¹.
1847 2788 1910 2796 -.
1948 2746 2068 2798 haec
2098 2758 2349 2814 caputque,
2382 2749 2488 2799 Ta.
2531 2750 2650 2800 haec

425 2818 692 2885 capudque‚
715 2820 777 2869 R..
831 2813 951 2864 haec
974 2823 1044 2863 est
1063 2814 1239 2877 capud,
1266 2815 1339 2863 d2.
1396 2813 1640 2876 apudque,
1665 2813 1718 2863 d¹
1734 2851 1746 2863 .
1782 2815 1901 2864 haec
1926 2831 2052 2877 quae
2076 2825 2150 2865 est
2171 2826 2216 2865 et
2236 2825 2396 2880 caput,
2424 2810 2478 2864 Θ.
2527 2834 2651 2879 quae

426 2897 501 2939 eet
522 2896 682 2950 caput,
706 2885 912 2936 Robert.
936 2877 993 2942 β.
1037 2881 1299 2931 Nonnulla
1327 2888 1492 2929 mutat
1524 2880 1736 2931 Salmas.
1768 2882 1803 2930 1.
1836 2883 1870 2931 1.
1894 2883 1945 2931 b.
1972 2882 2032 2931 C.
2070 2922 2133 2931 .-
2204 2884 2391 2946 ainque,
2417 2884 2656 2932 RTado·

427 2950 687 3017 (Robert.)
741 2959 789 3000 et
829 2950 1060 3014 quinque,
1099 2943 1157 3008 β.
1213 2987 1274 2995 .-.
1327 2945 1557 3009 stadium,
1599 2942 1738 2996 ead.
1789 2949 2070 3011 stadiorum,
2094 2951 2144 3000 R
2191 2945 2424 3009 Bobert.)
2446 2945 2544 3014 βγ.
2584 2989 2649 2999 .-

426 3022 602 3081 asumi,
635 3019 729 3071 Β).
789 3058 841 3067 ..
897 3023 1058 3081 parte,
1098 3017 1161 3066 R.
1218 3054 1280 3062 -..
1333 3015 1574 3074 obtinente,
1617 3016 1651 3063 d
1691 3012 1948 3077 (Robert.)
2000 3017 2125 3067 hunc
2148 3018 2402 3079 obtinente,
2442 3018 2546 3066 Ra.
2585 3056 2649 3065 .-

427 3089 601 3148 India‚
624 3091 674 3139 R
697 3085 869 3149 (codd.
904 3079 1138 3144 Barbar.)
1174 3080 1369 3142 Indiae,
1388 3083 1461 3129 ad
1486 3076 1746 3144 (Bobert.)
1767 3078 1869 3146 βγ.
1895 3084 2013 3132 Vid.
2039 3087 2102 3133 ad
2127 3089 2208 3143 32,
2237 3089 2314 3135 17.
2345 3123 2401 3134 ..
2436 3083 2649 3143 Oretum,

426 3159 556 3207 Rad
579 3154 829 3216 (Robora,
869 3153 1015 3201 codd.
1056 3146 1308 3211 Barbari.)
1367 3145 1552 3208 Oreum,
1592 3161 1639 3197 σ.
1695 3190 1757 3198 -
1812 3164 1960 3210 mens,
2000 3153 2063 3202 R.
2103 3191 2165 3199 -
2202 3161 2436 3211 austrum,
2475 3152 2647 3201 Rana·

426 3227 608 3280 orbum,
647 3220 745 3271 R¹.
799 3259 861 3267 -.
917 3218 1001 3277 ad,
1041 3231 1081 3264 0·
1115 3212 1374 3277 (Robert.)
1430 3255 1494 3263 -
1549 3215 1899 3279 septemtrione,
1940 3219 2004 3267 R.
2050 3258 2113 3266 -..
2151 3216 2418 3279 iaciuntur,
2458 3220 2546 3270 R¹.
2586 3257 2647 3267 .-

427 3296 706 3352 appareret,
730 3284 825 3335 3¹.
865 3324 925 3332 ..
960 3283 1177 3344 Patalis,
1201 3277 1499 3333 RTOado.
1534 3281 1761 3344 Patales,
1785 3278 1840 3343 β.

494 3353 525 3414 ξ
553 3358 665 3402 185.
694 3360 840 3416 parte
866 3352 1025 3408 noctis,
1049 3351 1196 3399 Rad.
1232 3350 1378 3399 noctis
1397 3358 1557 3412 parte,
1590 3345 1690 3414 βγ.
1716 3350 1858 3399 Haec
1883 3351 2148 3413 exscripsit
2177 3352 2414 3401 Martian.
2448 3349 2573 3415 Cap.
2602 3357 2648 3412 6,

429 3427 541 3472 593.
555 3459 617 3467 -
635 3416 827 3477 Indice,
851 3432 897 3464 σ.
919 3456 980 3464 -.
998 3424 1118 3476 sunt,
1141 3417 1424 3465 Robert....
1442 3418 1657 3479 conspici
1677 3432 1752 3477 ea,
1776 3417 1873 3467 R2.
1892 3418 2063 3481 cons-pi
2082 3436 2131 3479 a,
2155 3418 2250 3468 3¹.
2269 3418 2483 3482 cons-pici
2503 3427 2549 3468 et
2571 3434 2649 3479 ea,

426 3490 500 3539 ad
523 3481 906 3548 (Robert.)197.
928 3523 992 3530 -.
1025 3482 1147 3540 scia,
1171 3480 1252 3529 (Ρ.
1280 3520 1342 3529 .-
1365 3483 1451 3542 Et,
1475 3481 1591 3532 'ra‘
1614 3485 1661 3531 d.
1695 3484 1796 3544 Ex,
1820 3487 1881 3534 R.
1916 3482 1985 3533 At
2007 3484 2076 3546 in,
2100 3488 2156 3534 a²
2180 3482 2437 3548 (Robert.)
2459 3480 2559 3549 βγ.
2584 3524 2648 3535 .-

435 3552 762 3618 Troqodytice,
784 3551 930 3599 Rad.
965 3545 1207 3613 troyodite,
1231 3548 1439 3598 Robert.
1487 3547 1843 3614 Troylodytice,
1864 3547 1965 3616 βγ.
2003 3592 2066 3599 -
2104 3556 2314 3612 umbras,
2338 3554 2497 3602 R²ad
2520 3548 2572 3613 (s
2596 3554 2651 3602 in

423 3618 638 3682 rasura.)
691 3620 877 3676 umbra,
916 3615 1014 3666 ΒΚ
1063 3655 1126 3664 -..
1180 3615 1402 3678 quinque,
1441 3617 1573 3666 Rad
1613 3615 1860 3679 (Robert,
1901 3621 2046 3669 codd.
2086 3617 2338 3680 Barbari.)
2390 3618 2474 3682 II,
2497 3634 2546 3669 σ.
2586 3659 2649 3668 -.

423 3687 790 3744 Eratosthenes,
814 3700 864 3748 p.
893 3689 1004 3734 108.
1027 3683 1215 3732 Bernh.
1255 3720 1316 3730 ....
1349 3683 1529 3745 prodit,
1554 3686 1601 3733 d.

493 3754 522 3815 ξ
550 3761 661 3807 186.
698 3762 763 3813 ut,
788 3767 888 3802 om.
912 3749 1009 3801 1³¹.
1038 3790 1099 3798 .-
1137 3746 1323 3811 Meroe,
1347 3765 1391 3799 a.
1431 3747 1655 3811 Meroen,
1676 3752 1783 3800 Rd.
1817 3752 1936 3802 Vid.
1960 3754 2194 3803 Martian.
2219 3753 2343 3817 Cap.
2371 3760 2417 3815 6,
2444 3760 2556 3804 595.
2585 3794 2649 3803 ..-

424 3820 589 3881 horas,
633 3822 765 3871 Rd2.
819 3820 995 3870 Omitt.
1029 3815 1207 3867 Taffl.
1246 3858 1307 3865 ..-
1344 3816 1522 3878 XIII,
1562 3819 1768 3867 Bobert.
1824 3859 1885 3867 .-.
1920 3819 2224 3879 Brittannia,
2248 3823 2311 3871 R.
2356 3860 2407 3868 -
2448 3819 2649 3882 XVII,

423 3891 514 3938 ad.
550 3888 680 3948 XV,
704 3902 752 3936 σ.
786 3886 1039 3950 Hispania
1067 3881 1393 3949 septendecim,
1427 3886 1492 3934 R.
1539 3925 1602 3933 ..
1648 3883 1733 3945 ibi,
1765 3883 1861 3935 13¹.
1900 3925 1964 3936 ....
1998 3895 2185 3949 noctes3
2206 3902 2342 3951 pone
2365 3889 2420 3936 h.
2442 3903 2488 3936 v.
2512 3889 2647 3938 Pint.

422 3956 573 4004 verba
596 3973 630 4003 a
694 3964 796 4003 asto
819 3954 938 4004 lacis
963 3953 1135 4003 ambitu
1158 3950 1369 4001 subiecto
1410 3960 1578 4001 terrae
1619 3952 1854 4002 collocat.
1893 3993 1956 4003 ...
1994 3954 2112 4014 aad,
2137 3968 2183 4002 σ.
2223 3994 2285 4003 ...
2322 3952 2482 4015 dubie,
2506 3958 2655 4004 ad²c

425 4018 656 4081 (Robert.
721 4014 913 4084 dimisse,
934 4022 998 4070 R.
1034 4018 1200 4080 dubia,
1225 4017 1412 4069 STffl.
1451 4059 1514 4067 .-
1543 4018 1839 4084 promittunt,
1861 4021 1925 4069 R.
1952 4036 2006 4068 re
2026 4021 2315 4083 promittunt,
2339 4022 2446 4070 Td.
2480 4036 2648 4085 repro-

424 4086 624 4147 mittunt,
664 4088 701 4138 S
740 4085 998 4149 (Bobert.)
1019 4083 1120 4152 βγ.
1151 4095 1387 4149 promunt,
1421 4102 1466 4135 a.
1506 4096 1791 4149 repromant,
1813 4088 1953 4149 Lips.
1986 4089 2052 4137 ad
2075 4088 2239 4137 Tacit.
2263 4089 2437 4153 Agric.
2465 4094 2544 4139 12.
2584 4128 2645 4138 .-

422 4154 540 4215 coyi,
564 4154 627 4203 R.
655 4194 718 4202 .-
754 4152 1111 4213 solstitialibus,
1143 4155 1349 4204 Robcrt.
1379 4190 1439 4202 ....
1477 4153 1843 4214 verticemundi,
1865 4156 1928 4203 R.
1957 4194 2019 4205 .-
2042 4155 2262 4205 subiecta
2293 4165 2467 4216 terrae,
2499 4157 2646 4206 de.

421 4219 632 4269 subiecta
656 4228 808 4278 terra,
832 4222 976 4271 codd.
999 4221 1223 4281 Barbari,
1247 4235 1400 4281 quam
1432 4222 1729 4284 scripturam
1759 4221 2070 4273 retinendam
2101 4230 2191 4273 aut
2217 4223 2461 4273 subiectae
2484 4232 2650 4272 terrae
