2961 4861
353 318 479 381 230
1051 335 1456 381 NATURAus
1503 336 1893 382 ms'romAr:

294 472 306 481 ’
353 506 469 569 per
511 494 772 548 centum
814 482 1281 569 quinquaginta
1322 484 1499 548 milia
1541 502 1851 569 passuum
1891 502 2023 547 non
2062 486 2289 568 procul
2322 485 2599 550 Tiferno

354 584 748 668 Perusiaque
780 592 846 647 et
875 580 1179 648 Ocriculo
1207 583 1537 648 Etruriam
1578 585 1662 651 ab
1690 583 1956 649 Umbris
2001 605 2079 648 ac
2111 580 2395 662 Sabinis,
2437 607 2596 649 mox

356 684 518 748 citra
566 703 698 750 XVI
739 684 915 748 milia
968 707 1277 769 passuum
1325 686 1506 751 urbis
1547 685 1890 751 Veientem
1941 705 2172 772 agrum
2224 708 2265 749 a
2312 684 2598 752 Crustu-

356 785 549 864 min0,
581 785 749 849 'dein
776 784 1162 849 Fidenatem
1187 785 1628 870 Latinumque
1671 809 1711 849 a
1738 785 2057 850 Vaticano
2086 785 2413 851 dirimens.
2461 783 2599 853 Sed
2630 808 2701 851 54

275 932 278 935 >
354 886 527 950 infra
568 884 951 949 Arretinum
995 883 1257 949 Glanim
1312 887 1563 952 duobus
1622 898 1689 953 et
1740 887 2168 972 quadraginta
2218 885 2434 952 fluviis
2478 910 2597 951 au-

359 997 522 1063 ctus,
568 984 935 1071 praecipuis
980 995 1198 1050 autem
1238 986 1413 1051 Nare
1458 999 1526 1051 et
1567 987 1826 1051 Aniene
1871 986 1983 1069 qui
2029 996 2095 1049 et
2136 986 2281 1071 ipse
2323 987 2599 1075 naviga-

356 1085 505 1151 bilis
549 1083 815 1149 Latium
869 1085 1142 1149 includit
1194 1109 1235 1149 a
1261 1104 1269 1111 “
1292 1097 1498 1174 terg0,
1557 1109 1678 1151 nec
1729 1086 1942 1151 minus
1997 1096 2232 1164 tamen,
2291 1088 2481 1170 aquis
2523 1108 2601 1153 ac

361 1196 458 1250 tot
500 1183 786 1250 fontibus
829 1185 898 1248 in
939 1185 1168 1250 urbem
1220 1187 1551 1272 perductis
1605 1198 1671 1252 et
1720 1187 1870 1252 ideo
1926 1187 2282 1270 quamlibet
2331 1208 2600 1274 magna-

360 1308 506 1349 rum
544 1285 808 1350 navium
862 1308 944 1350 ex
985 1287 1150 1352 Italo
1204 1287 1366 1351 mari
1419 1310 1648 1372 capax,
1703 1306 1919 1352 rerum
1968 1287 2038 1351 in
2089 1298 2227 1352 toto
2278 1286 2433 1353 orbe
2482 1302 2602 1351 na-

364 1384 680 1449 scentium
719 1397 1037 1451 mercator
1078 1387 1572 1472 placidissimae,
1618 1388 1913 1474 pluribus
1957 1406 2163 1474 prope
2208 1388 2381 1452 solus
2412 1400 2606 1469 quam

366 1486 564 1550 ceteri
605 1487 676 1550 in
717 1485 1013 1551 omnibus
1058 1488 1244 1552 terris
1287 1511 1509 1554 amnes
1553 1489 1871 1554 adcolitur
1899 1488 2386 1574 adspiciturque
2415 1486 2604 1553 villis.

362 1584 669 1669 Nullique
708 1585 1050 1651 fluviorum
1090 1588 1304 1653 minus
1344 1590 1517 1668 licet,
1575 1590 1839 1655 inclusis
1881 1589 2206 1673 utrimque
2259 1587 2605 1665 lateribus3
2638 1610 2702 1654 55

363 1678 486 1752 nec
531 1697 746 1752 tamen
786 1687 929 1772 ipse
973 1687 1324 1775 depugnat,
1382 1712 1772 1774 quamquam
1813 1691 2041 1757 creber
2082 1712 2159 1754 ac
2202 1687 2459 1753 subitus
2500 1687 2606 1752 in—

369 1787 708 1852 crementis
751 1798 818 1852 et
858 1809 1177 1872 nusquam
1215 1789 1425 1877 magis
1467 1791 1654 1873 aquis
1709 1810 1903 1874 quam
1955 1790 2026 1854 in
2080 1790 2225 1874 ipsa
2265 1787 2428 1852 urbe
2474 1797 2608 1852 sta-

369 1888 736 1974 gnantibus.
810 1887 987 1969 Quin
1030 1890 1223 1955 immo
1266 1901 1448 1956 vates
1491 1891 1888 1979 intellegitur
1927 1890 2147 1976 potius
2192 1911 2270 1953 ac
2310 1887 2609 1965 monitor,

370 1996 566 2052 auctu
609 2010 863 2073 semper
903 1989 1244 2077 religiosus
1286 1992 1503 2057 verius
1546 2015 1740 2076 quam
1798 2013 2046 2056 saevos.
2119 1990 2389 2055 Latium
2445 1988 2612 2054 anti-
2642 2012 2708 2056 56

369 2109 565 2171 quom
616 2111 657 2152 a
712 2088 934 2155 Tiberi
993 2088 1280 2156 Circeios
1337 2104 1663 2157 servatum
1718 2102 1819 2156 est
1862 2109 1906 2154 L
1936 2109 1994 2155 Μ
2036 2110 2347 2177 passuum
2402 2089 2613 2177 longi-

371 2187 626 2264 tudine3
673 2199 806 2253 tam
851 2200 1077 2255 tenues
1119 2192 1473 2276 primordio
1517 2192 1726 2278 inperi
1772 2192 1954 2256 fuere
1997 2191 2297 2279 radices.
2352 2187 2615 2255 Colonis

374 2311 568 2374 saepe
609 2289 871 2354 mutatis
916 2301 1180 2356 tenuere
1224 2293 1336 2357 alii
1379 2292 1523 2359 aliis
1554 2292 1975 2378 temporibus,
2019 2290 2440 2379 Aborigines,
2483 2289 2613 2355 Pe-

370 2391 538 2481 lasgi
554 2441 573 2473 ,
634 2392 956 2471 Arcades,
1015 2390 1220 2461 Siculi
1234 2443 1252 2474 ,
1311 2394 1606 2460 Aurunci
1619 2443 1637 2473 ,
1694 2393 1921 2460 Rutuli
1977 2403 2044 2460 et
2092 2394 2264 2458 ultra
2326 2390 2616 2459 Circeios

373 2494 614 2572 Volsci,
662 2494 841 2574 Osci,
890 2497 1214 2575 Ausones,
1261 2498 1433 2562 unde
1474 2519 1707 2562 nomen
1733 2495 1887 2560 Lati
1929 2495 2253 2581 processit
2295 2496 2382 2560 ad
2407 2494 2617 2559 Lirim

375 2615 645 2660 amnem.
688 2594 769 2659 In
810 2596 1131 2681 principio
1176 2607 1276 2661 est
1304 2594 1515 2675 Ostia,
1563 2595 1813 2662 colonia
1854 2594 1936 2660 ab
1964 2594 2255 2660 Romano
2297 2617 2456 2684 rege
2500 2595 2615 2658 de-

454 2797 677 2861 Tiberuo,
700 2799 768 2849 A.
807 2839 869 2846 -,.
900 2814 1148 2862 passuum
1169 2796 1239 2861 D,
1263 2813 1313 2848 σ.
1341 2840 1404 2848 -.
1433 2797 1629 2863 procul,
1650 2800 1776 2850 ΒΑ.
1812 2799 2012 2849 Rasura
2033 2799 2088 2847 in
2111 2800 2160 2847 d.
2188 2839 2253 2848 -
2286 2799 2619 2863 Perusiaque,

375 2867 501 2918 RA.
543 2865 787 2927 Perusia,
820 2868 882 2917 Τ.
927 2864 1195 2927 Perusiae,
1229 2868 1276 2915 d.
1323 2906 1385 2914 .-.
1431 2874 1498 2927 et,
1533 2867 1715 2916 ΒΑΤ.
1760 2866 1961 2915 Rasum
1990 2865 2045 2914 in
2077 2866 2126 2914 d.
2172 2904 2238 2914 -
2280 2865 2517 2928 Ocriculo,
2549 2868 2619 2918 A.

381 2934 623 2996 Uericula,
647 2937 751 2985 Td.
795 2931 1074 2995 HocricoZO,
1098 2934 1166 2983 A.
1216 2931 1461 2994 Otriculo,
1495 2926 1610 2983 θΚ.
1649 2974 1712 2982 -.
1747 2930 1913 2992 XVI,
1936 2932 2000 2980 R.
2047 2931 2285 2994 tredecim,
2318 2934 2415 2983 Ad
2447 2931 2618 2995 (codd.

375 3001 554 3065 Rezz.)
577 2999 678 3067 βγ.
718 3043 781 3051 -
817 3003 1085 3062 venientem,
1108 3015 1156 3050 σ.
1187 3040 1250 3049 .-.
1286 2998 1533 3061 Fidenate,
1556 3002 1620 3050 Β.
1644 3040 1705 3048 .-
1739 2999 1989 3059 Latinum,
2008 3011 2057 3046 σ.
2096 3038 2161 3046 ..
2196 2998 2463 3061 Labicano,
2484 3002 2618 3050 Pint.

445 3070 474 3131 ξ
501 3078 580 3121 54.
618 3070 772 3135 infra,
796 3070 907 3120 Ad.
943 3067 1095 3128 intra,
1118 3069 1300 3119 ΒΤΚ.
1349 3067 1500 3129 ultra,
1522 3069 1699 3117 Dalec.
1736 3105 1801 3114 -..
1834 3063 2140 3124 Arretinum,
2162 3066 2322 3115 Hard.
2346 3066 2414 3115 A.
2460 3066 2620 3117 Arai-

378 3154 503 3201 num,
525 3135 638 3200 Ββ.
682 3137 982 3198 Arentiuum,
1017 3135 1124 3186 Td.
1170 3176 1233 3183 -
1288 3134 1482 3186 Tiniam
1513 3143 1569 3196 et,
1602 3135 1670 3184 K.
1716 3130 1766 3181 T
1759 3131 1912 3184 iniam
1943 3131 2068 3193 item,
2100 3133 2278 3190 Dalec.
2316 3173 2379 3181 -
2421 3130 2622 3196 Clanim,

377 3207 445 3255 A.
493 3246 555 3254 -
602 3213 791 3265 auctus,
825 3204 891 3253 A.
945 3204 1279 3265 actus,-B²d.
1334 3203 1478 3263 actis,
1511 3202 1612 3252 R¹.
1650 3241 1712 3249 -
1753 3197 2058 3265 praecipuis,
2092 3199 2248 3248 R2A.
2294 3200 2623 3263 praecipuus,
2668 3208 2675 3212 ’

378 3272 571 3321 ΤΒῑᾱ.
610 3311 673 3318 .-
709 3268 891 3329 Narie,
909 3271 962 3319 A
982 3272 1015 3318 ¹.
1052 3310 1116 3317 .-
1150 3271 1456 3333 saepitur-que
1473 3269 1560 3318 vel
1583 3268 1981 3330 &saepitur-que,
2005 3266 2182 3315 Heins.
2206 3267 2398 3314 advers.
2422 3281 2475 3329 p.
2506 3273 2621 3318 128.

446 3339 477 3399 ξ
504 3343 582 3387 55.
619 3333 872 3399 Nullique,
904 3337 973 3385 A.
1027 3333 1311 3397 Nullisque,
1345 3336 1546 3386 BTd1.
1599 3332 1894 3397 Nullusque,
1918 3334 2000 3381 d2.
2039 3372 2103 3381 -
2147 3330 2408 3395 utrimque,
2432 3333 2500 3382 A.
2557 3348 2621 3382 .-·

380 3410 559 3465 tamen,
590 3404 797 3452 R²Ad.
838 3401 929 3460 tric,
960 3403 1060 3451 Βῐ.
1101 3440 1164 3449 -.
1200 3400 1460 3466 depuquat,
1494 3403 1657 3451 RTd.
1686 3409 1891 3465 puynat,
1926 3394 2091 3462 Αβγ.
2130 3440 2193 3447 .-
2230 3398 2439 3460 subitus,
2464 3400 2622 3450 RAh

380 3466 569 3530 (codex
590 3469 966 3519 Lindenbruch.
992 3484 1073 3530 ap.
1101 3468 1241 3516 Cort.
1267 3471 1333 3517 ad
1352 3470 1546 3518 Lucan.
1575 3476 1622 3529 4,
1651 3466 1790 3529 141.)
1824 3465 2010 3527 subitis,
2035 3460 2135 3528 dss.
2163 3506 2226 3515 -.
2251 3475 2408 3528 nates,
2431 3467 2482 3517 R
2500 3469 2532 3516 ¹.
2559 3506 2622 3516 .-

342 3543 362 3556 “
381 3536 603 3597 minutos,
627 3539 675 3585 d.
713 3576 777 3584 -
814 3544 1019 3593 auctum,
1042 3536 1107 3584 Β.
2629 3529 2637 3545 “

449 3603 479 3664 ξ
507 3609 585 3654 56.
639 3602 867 3664 Circeios,
895 3604 942 3652 d.
988 3599 1217 3661 Cerceios,
1248 3593 1432 3651 ΒΑΘ.
1483 3642 1545 3650 ...
1588 3616 1742 3665 usque
1766 3602 2091 3661 observatum,
2123 3601 2190 3649 K.
2239 3640 2302 3648 ...
2348 3598 2412 3648 L.
2448 3598 2525 3649 M.
2554 3616 2623 3664 p.,
2652 3609 2657 3614 ’

381 3672 580 3721 Broter.
603 3672 667 3721 Β.
705 3667 782 3719 M.
802 3687 855 3734 p.
879 3667 962 3731 L„
984 3669 1097 3719 Ad.
1133 3665 1263 3717 mille
1282 3684 1520 3732 passuum
1555 3667 1924 3734 quinquaqinta,
1955 3662 2014 3729 β.
2054 3706 2117 3715 ..-
2148 3665 2432 3729 primordii,
2456 3669 2527 3717 Β.’
2560 3709 2622 3717 ..-

380 3738 619 3799 Aurunci,
642 3738 735 3788 Rd
766 3734 938 3799 (codd.
973 3733 1207 3797 Barbar.)
1250 3733 1461 3797 Arunci,
1486 3737 1554 3786 A.
1593 3776 1656 3785 -.
1710 3732 1941 3795 Circeios,
1975 3735 2023 3783 d.
2075 3730 2308 3795 Cerceios,
2332 3726 2520 3784 ΒΑΘ.
2558 3775 2621 3783 .-

380 3803 625 3868 Ausones,
648 3807 752 3856 Βᾱ.
786 3803 1018 3865 Ausonis,
1042 3804 1110 3853 A.
1144 3800 1438 3864 Ausonaces,
1462 3803 1526 3852 T.
1565 3844 1627 3852 -
1664 3816 1848 3863 nomen,
1875 3796 2056 3851 ΑΘΤ.
2102 3799 2152 3861 ἧ,
2174 3801 2238 3851 Β.
2277 3816 2444 3850 nomen
2467 3799 2625 3863 modo,

380 3867 439 3931 β.
495 3913 558 3921 .-
613 3873 694 3934 ab,
735 3873 860 3923 ΒΑ.
913 3890 963 3933 a,
1005 3865 1149 3933 ᾱβγ.
1205 3911 1268 3919 ..
1330 3869 1469 3919 lucus
1511 3869 1662 3930 Iovis,
1704 3869 1894 3919 Sabell.
1939 3877 1989 3918 et
2026 3869 2233 3918 Barbar.
2296 3867 2425 3918 locus
2466 3866 2625 3929 Solis,

382 3938 651 3989 RATdo.
690 3979 754 3989 ..-
790 3936 1061 3999 Numicius,
1083 3938 1148 3987 R.
1185 3935 1418 3998 uimitius,
1442 3939 1492 3986 d.
1531 3978 1593 3986 ..-
1629 3937 1831 3997 Danae,
1855 3936 2062 3986 Barbar.
2086 3936 2255 3985 ΒΑσ.
2292 3932 2403 3995 dea,
2427 3935 2532 3985 Td.

451 4005 480 4066 ξ
509 4009 588 4056 57.
628 4003 797 4068 Cirici,
819 4008 884 4056 Β.
928 4003 1132 4065 Cerceii,
1157 4005 1204 4054 d.
1245 4044 1307 4053 -.
1376 4004 1547 4064 uidem,
1569 4004 1738 4054 RAd.
1776 4000 2034 4066 quondam,
2057 4002 2119 4052 Τ.
2157 4042 2220 4050 -
2255 4000 2447 4063 marici,
2470 4002 2534 4051 R.
2560 4040 2624 4051 ..-

382 4070 606 4133 creditor,
629 4073 697 4123 A.
734 4113 798 4122 .-
833 4070 1059 4134 Homero,
1093 4072 1274 4135 Odyss.
1306 4022 1376 4133 ff,
1404 4076 1516 4121 194.
1556 4112 1617 4120 ..-
1666 4080 1722 4132 et,
1745 4070 2014 4121 RATde.
2062 4077 2128 4129 at,
2161 4064 2263 4131 βγ.
2305 4109 2367 4117 ...
2396 4065 2625 4133 planitie,

383 4138 507 4188 ΒΑ.
541 4138 701 4202 plane,
738 4141 830 4189 Td
864 4136 942 4200 (in
972 4137 1171 4201 rasura)
1204 4153 1253 4188 σ.
1293 4178 1354 4188 .-
1401 4136 1799 4202 I'heopkrmtus,
1832 4137 1952 4187 hist.
1986 4137 2144 4199 plant.
2174 4141 2220 4196 5,
2245 4142 2293 4186 8.
2328 4148 2380 4199 p.
2409 4140 2521 4185 194.
2560 4175 2624 4185 ..-

392 4202 734 4323 Ήῗέςοιηρηε,
759 4205 990 4268 fragmm.
1022 4213 1131 4256 144.
1159 4207 1235 4255 cd.
1260 4206 1461 4258 Muller.
1477 4246 1539 4254 .-
1563 4201 1866 4263 Clitarchus,
1890 4219 1937 4252 v.
1963 4202 2129 4254 Geier.
2155 4203 2345 4266 scriptt.
2371 4202 2525 4253 Alex.
2551 4205 2623 4254 M.

382 4285 432 4334 p.
560 4308 572 4321 .
