2961 4861
1196 392 1576 437 PRAEFATIO.
2369 396 2502 439 XLV

253 563 336 604 ne
364 545 614 604 facerem
641 549 702 602 et
729 551 942 623 natura
969 551 1028 603 et
1055 545 1369 605 multitudo
1396 545 1610 605 harum
1642 545 1903 605 sordium
1929 546 2246 622 impedivit.
2291 548 2505 624 Neque

252 652 434 712 fateri
461 653 685 726 dubito,
724 655 821 712 vel
849 653 900 711 si
923 672 1108 712 unum
1136 654 1460 714 alterumve
1488 673 1700 713 nomen
1727 655 1973 714 alicuius
2001 654 2238 729 herbae,
2268 656 2501 733 lapidis,

251 762 527 820 animalis
569 781 646 820 ex
680 760 992 820 Vincentio
1030 763 1259 821 restitui
1294 781 1465 839 posse
1514 762 1806 822 scivissem
1822 805 1839 836 ,
1890 772 2087 823 tamen
2135 773 2326 824 totum
2375 767 2504 825 eins

251 887 413 945 opus
461 888 555 929 me
603 889 722 929 non
771 879 1183 947 excerpturum
1224 869 1410 930 fuisse
1425 913 1443 945 ,
1496 889 1632 930 cum
1671 871 1783 931 hoc
1819 872 2049 931 lucrum
2099 883 2504 952 comparatum

251 997 398 1037 cum
431 962 653 1056 ingenti
689 979 890 1038 labore
926 980 1097 1039 nimis
1136 980 1434 1039 videretur
1472 981 1756 1056 exiguum
1794 989 1854 1040 et
1889 982 2008 1040 otio
2046 981 2188 1040 mihi
2226 1000 2506 1041 concesso

251 1088 472 1146 melius
499 1088 860 1164 parcendum
889 1097 1066 1147 esset.
1117 1088 1207 1147 At
1242 1088 1550 1166 multiplici
1587 1091 1947 1166 experientia
1972 1092 2213 1151 edoctus
2242 1093 2506 1150 animad-

252 1206 581 1269 verteram,
625 1216 778 1273 quae
818 1198 984 1256 verbi
1023 1216 1201 1256 causa
1228 1196 1583 1257 Schneidero
1614 1195 1837 1257 Saxoni
1871 1217 2027 1258 nova
2061 1200 2319 1275 itemque
2349 1203 2508 1260 bona

250 1307 421 1384 apud
457 1305 837 1365 Vincentium
876 1306 1244 1380 videbantur,
1302 1325 1374 1365 ea
1413 1307 1609 1365 omnia
1641 1307 1705 1366 in
1741 1308 1892 1366 meis
1934 1309 2224 1368 codicibus
2264 1311 2508 1386 reperiri

249 1415 363 1475 vel
404 1424 561 1474 certe
599 1414 880 1474 facillima
920 1423 978 1473 et
1015 1416 1337 1474 certissima
1376 1415 1705 1474 coniectura
1740 1435 1816 1474 ex
1843 1416 1970 1474 aliis
1998 1418 2378 1495 scriptoribus
2406 1437 2507 1478 ve-

248 1523 457 1595 tustis,
487 1524 599 1582 nisi
624 1524 846 1582 dudum
873 1529 1011 1582 sunt
1039 1525 1363 1596 emendata,
1394 1524 1692 1583 emendari
1717 1543 1912 1601 posse.

348 1634 551 1692 Pauca
579 1633 827 1708 denique
854 1633 1127 1691 addenda
1154 1641 1292 1691 sunt
1328 1633 1403 1691 de
1441 1652 1509 1690 re
1545 1634 1800 1706 quadam
1837 1651 2123 1709 perquam
2161 1635 2415 1693 mirabili
2450 1641 2510 1693 et

250 1743 341 1801 ad
389 1742 847 1819 cognoscendam
887 1759 1007 1816 qua
1054 1740 1284 1798 Plinius
1334 1740 1524 1797 medio
1572 1758 1719 1798 aevo
1770 1742 2051 1815 gauderet
2099 1743 2511 1800 auctoritatem

252 1850 415 1908 utili.
480 1850 870 1909 Inveniuntur
909 1847 1133 1906 scilicet
1182 1847 1341 1923 apud
1383 1847 1697 1905 nonnullos
1743 1848 1906 1906 illius
1948 1850 2158 1907 aetatis
2198 1850 2513 1926 scriptores

254 1957 402 2029 loci,
446 1958 656 2031 quibus
682 1957 775 2014 illi
799 1954 982 2014 Plinii
1010 1956 1339 2015 testimonio
1366 1956 1606 2014 laudato
1645 1956 1948 2015 veritatem
1986 1958 2337 2016 narrationis
2368 1977 2513 2017 suae

257 2066 648 2142 comprobare
676 2065 930 2123 student.
973 2063 1096 2122 Eos
1127 2065 1178 2123 si
1204 2065 1362 2141 apud
1396 2065 1592 2142 ipsum
1619 2060 1883 2124 Plinium
1922 2067 2179 2141 quaeris,
2218 2086 2511 2144 nusquam

259 2175 547 2253 reperies.
599 2173 732 2232 Hos
775 2173 936 2232 locos
975 2192 1109 2232 cum
1145 2193 1254 2250 ego
1282 2174 1533 2251 primum
1560 2175 1947 2252 inspexissem
1974 2186 2034 2235 et
2062 2177 2221 2253 apud
2246 2173 2512 2235 Plinium

256 2286 494 2344 frustra
556 2283 976 2358 quaesivissem
991 2324 1011 2356 ,
1076 2283 1332 2360 suspicio
1381 2282 1523 2341 mihi
1582 2284 1958 2344 oboriebatur
2015 2286 2328 2363 scriptores
2375 2287 2512 2345 illos

256 2394 526 2471 pleniore
553 2410 731 2468 quam
758 2410 868 2451 nos
896 2392 1095 2451 codice
1132 2409 1271 2451 usos
1309 2391 1513 2464 fuisse,
1556 2392 1666 2450 tali
1705 2392 1846 2466 fere,
1888 2393 2081 2469 qualis
2110 2402 2200 2453 est
2225 2394 2512 2455 Bamber-

258 2503 465 2579 gensis
477 2520 495 2572 3
534 2521 677 2560 mox
703 2508 900 2559 tamen
928 2520 1057 2559 eam
1085 2501 1286 2572 abieci,
1328 2519 1463 2560 cum
1500 2501 1560 2559 in
1596 2501 1717 2559 illis
1744 2501 1888 2560 locis
1917 2521 1951 2559 e
1976 2500 2176 2560 Plinio
2203 2514 2513 2579 personato

259 2610 519 2670 laudatis
547 2610 856 2684 aliquoties
896 2609 992 2668 vel
1032 2609 1180 2667 liber
1206 2609 1546 2669 XXXVII.
1576 2628 1732 2668 nunc
1761 2628 1793 2667 e
1820 2610 2245 2686 Bambergensi
2271 2613 2513 2691 supple-

261 2726 365 2777 tus
395 2726 725 2777 occurreret
747 2711 838 2799 (v.
865 2716 1140 2778 Servium
1162 2720 1238 2777 ad
1257 2717 1441 2795 Verg.
1464 2718 1620 2776 Aen.
1644 2714 1705 2790 8,
1727 2714 1875 2778 401.
1906 2720 2041 2779 coll.
2068 2719 2227 2780 Plin.
2250 2715 2353 2794 37,
2376 2718 2510 2793 30.;

261 2829 344 2888 ad
371 2824 435 2901 4,
469 2823 613 2887 261.
659 2826 795 2886 coll.
839 2828 997 2885 Plin.
1039 2823 1144 2900 37,
1177 2822 1351 2898 115.;
1392 2827 1468 2885 ad
1514 2823 1573 2899 1,
1607 2823 1748 2886 174.
1806 2829 1940 2888 coll.
1981 2830 2139 2888 Plin.
2171 2825 2275 2902 37,
2310 2824 2511 2912 139.),

263 2946 356 3010 ut,
399 2938 449 2995 si
488 2955 631 2996 vera
658 2944 855 2995 essent
879 2936 986 2993 illa
1015 2936 1362 3008 testimonia,
1406 2936 1698 3013 pleniores
1727 2938 1872 2995 adeo
1903 2955 2078 3011 quam
2108 2937 2513 3013 Bambergen-

266 3064 395 3105 sem
433 3045 657 3105 codices
701 3045 988 3103 exstitisse
1028 3046 1382 3122 credendum
1419 3054 1594 3104 esset.
1650 3045 1876 3103 Deinde
1920 3047 2237 3117 crederem,
2280 3047 2331 3103 si
2358 3048 2517 3122 apud

265 3174 454 3214 unum
489 3155 744 3229 aliquem
783 3154 1124 3231 scriptorem
1160 3154 1250 3211 illi
1286 3154 1404 3211 loci
1440 3153 1861 3210 invenirentur.
1926 3151 2017 3210 At
2066 3170 2201 3211 cum
2236 3153 2367 3228 ipse
2404 3173 2516 3230 ego

268 3271 547 3339 quattuor
575 3265 788 3335 norim,
832 3264 935 3338 qui
963 3262 1145 3320 Plinii
1181 3259 1589 3319 auctoritatem
1617 3259 1770 3318 falso
1797 3279 1940 3337 prae
1966 3279 2030 3319 se
2057 3261 2274 3333 ferunt,
2314 3264 2515 3340 plures

269 3372 523 3431 fortasse
560 3371 877 3447 aliquando
915 3370 1323 3440 inveniantur3
1380 3388 1558 3445 porro
1599 3388 1733 3428 cum
1773 3371 1869 3429 vel
1909 3371 2290 3430 recentissimi
2325 3390 2515 3448 neque

274 3498 504 3556 semper
545 3481 878 3554 gravissimi
919 3480 1146 3537 mediae
1189 3479 1400 3537 aetatis
1442 3477 1753 3556 scriptores
1793 3498 1972 3557 opera
2010 3498 2118 3539 sua
2165 3482 2514 3542 testimoniis

270 3586 456 3646 Plinii
506 3589 872 3661 exornarint‚
920 3588 1023 3646 ubi
1071 3606 1356 3664 perquam
1398 3588 1613 3646 mirum
1655 3595 1745 3646 est
1792 3607 1992 3648 omnes
2032 3590 2169 3652 illos
2219 3590 2513 3666 pleniores

271 3698 502 3758 codices
538 3702 662 3753 tam
702 3696 816 3754 cito
854 3697 1114 3772 periisse,
1159 3703 1229 3755 ut
1265 3715 1466 3756 eorum
1503 3703 1737 3775 praeter
1761 3697 2256 3773 Bambergensem
2285 3699 2516 3758 nullum

273 3807 528 3884 amplius
558 3811 748 3863 exstet
774 3806 1106 3881 vestigium,
1130 3825 1286 3865 nunc
1311 3807 1452 3864 mihi
1479 3808 1801 3866 certissime
1828 3826 2178 3885 persuasum
2207 3816 2299 3867 est
2322 3808 2515 3867 levem

272 3916 528 3992 aliquam
569 3914 838 3973 fraudem
874 3915 1113 3973 illorum
1155 3915 1455 3974 hominum
1492 3916 1589 3973 hic
1629 3918 2057 3989 agnoscendam
2096 3934 2248 3988 esse,
2287 3918 2408 3992 qui,
2447 3926 2516 3977 ut

273 4024 704 4083 narrationibus
733 4023 855 4081 suis
884 4024 1061 4081 fidem
1089 4023 1367 4096 facerent,
1409 4023 1589 4083 Plinii
1616 4042 1829 4081 nomen
1856 4026 2304 4102 adscripserunt,
2348 4027 2514 4087 cuius

273 4134 556 4192 naturalis
583 4131 825 4190 historia
851 4150 961 4208 per
1002 4139 1187 4191 totam
1223 4133 1475 4191 mediam
1518 4139 1766 4192 aetatem
1804 4142 1872 4192 ut
1906 4134 2041 4193 fons
2081 4136 2268 4194 omnis
2306 4138 2512 4195 huma-

276 4260 383 4302 nae
412 4242 681 4303 scientiae
712 4248 773 4299 et
800 4242 1247 4321 encyclopaedia
1285 4243 1639 4303 universalis
1680 4244 1741 4302 in
1783 4262 2011 4303 summo
2049 4244 2271 4305 honore
2308 4245 2512 4304 habita
