2961 4861
432 316 554 381 108
609 360 617 379 .
935 321 938 326 ’
1125 331 1534 378 NA'rthms
1579 330 1970 377 ms'romAn
2044 301 2062 323 “

427 483 656 558 monia,
703 504 831 547 non
872 482 1129 559 liberos,
1173 504 1302 546 non
1347 482 1623 565 denique
1668 480 2011 564 quicquam
2056 481 2232 545 aliud
2273 482 2397 546 nisi
2440 481 2690 548 iuvan-

431 583 602 648 tibus
649 583 844 648 sacris
889 583 1200 670 deligunt.
1274 583 1409 649 Alii
1466 584 1534 646 in
1586 583 1727 668 ipso
1774 579 2091 668 Capitolio
2147 583 2378 646 fallunt
2423 606 2500 647 ac
2547 583 2691 647 ful-

428 686 779 750 minantem
820 684 1150 769 periurant
1179 682 1417 761 Iovem,
1467 693 1533 748 et
1571 683 1689 747 hos
1731 684 1954 748 iuvant
1997 678 2259 760 seelera,
2305 684 2448 749 illos
2494 706 2696 748 sacra

433 808 548 850 sua
589 786 814 870 poenis
857 795 1078 871 agunt.
1134 782 1391 848 Invenit
1436 795 1647 847 tamen
1690 784 1884 848 inter‘
1897 783 2015 848 has
2057 794 2364 866 utrasque
2414 795 2694 849 senten-

432 888 552 950 tias
606 885 888 949 medium
944 883 1064 948 sibi
1117 884 1262 969 ipsa
1312 885 1663 948 mortalitas
1710 907 1951 949 numen
1974 933 1992 962 ‚
2056 906 2183 968 quo
2226 885 2438 949 minus
2483 886 2699 949 etiam

433 987 624 1071 plana
667 985 748 1049 de
793 984 915 1049 deo
945 986 1335 1056 ,coniectatio
1381 996 1570 1049 esset.
1638 983 1805 1050 Toto
1834 986 2078 1070 quippe
2105 986 2346 1050 mundo
2376 995 2443 1050 et
2469 987 2694 1049 omni-
2727 1005 2793 1048 22

431 1087 555 1151 bus
598 1086 759 1152 locis
803 1086 1227 1169 omnibusque
1268 1084 1444 1149 horis
1486 1086 1770 1150 omnium
1798 1086 2067 1151 vocibus
2096 1084 2387 1150 Fortuna
2414 1086 2557 1151 sola
2583 1087 2696 1173 iq-

437 1197 708 1251 voeatur
737 1209 811 1251 ae
839 1187 1221 1263 nominatur,
1267 1208 1396 1249 una
1425 1197 1783 1264 accusatur,
1828 1209 1959 1252 una
1986 1187 2201 1274 agitur
2227 1208 2359 1265 rea,
2403 1209 2539 1251 una
2574 1209 2694 1251 co-

436 1288 698 1377 gitatur,
745 1287 880 1356 sola
918 1286 1237 1365 laudatur,
1285 1286 1421 1353 sola
1463 1288 1757 1374 arguitur
1802 1297 1868 1352 et
1911 1310 2058 1352 cum
2094 1286 2397 1353 conviciis
2428 1287 2692 1364 colitur,

438 1388 735 1463 volubilis
779 1411 817 1451 a
860 1389 1182 1472 plerisque
1207 1435 1225 1465 ‚
1283 1411 1323 1452 a
1362 1388 1686 1472 plerisque
1730 1410 1884 1453 vero
1928 1398 1994 1453 et
2039 1411 2229 1453 caeca
2272 1388 2690 1466 existumant,

441 1512 628 1578 vaga,
674 1490 1062 1567 inconstans,
1107 1488 1371 1566 ineerta,
1419 1488 1598 1553 varia
1627 1487 2164 1575 indignorumque
2195 1489 2455 1553 fautrix.
2506 1486 2694 1553 Huic
2723 1509 2790 1553 23

444 1591 660 1655 omnia
704 1612 986 1675 expensa
1010 1638 1026 1666 ‚
1085 1589 1234 1653 huic
1278 1588 1492 1653 omnia
1533 1589 1829 1653 feruntur
1872 1600 2137 1676 accepta
2179 1602 2244 1655 et
2284 1589 2352 1652 in
2398 1600 2537 1653 tota
2580 1613 2698 1683 ra:

445 1694 616 1759 tione
668 1691 1030 1756 mortalium
1082 1691 1219 1755 sola
1268 1700 1609 1772 utramque
1667 1690 1973 1777 paginam
2024 1692 2183 1756 facit
2231 1689 2523 1773 adeoque
2568 1690 2693 1756 ob-

442 1794 673 1860 noxiae
705 1816 924 1857 sumus
970 1791 1175 1856 sortis.
1200 1802 1275 1854 ut
1318 1812 1451 1854 sors
1494 1791 1638 1876 ipsa
1678 1813 1796 1876 pro
1841 1792 1961 1856 deo
2006 1793 2108 1870 sit,
2157 1814 2285 1875 qua
2328 1791 2489 1855 deus
2532 1813 2693 1877 pro-

444 1895 636 1960 batur
691 1896 993 1957 incertus.
1067 1889 1230 1955 Pars
1275 1892 1398 1956 alia
1440 1902 1507 1955 et
1547 1891 1730 1956 hancx
1754 1893 1936 1978 pellit
1976 1903 2277 1976 astroque
2323 1914 2442 1956 suo
2488 1914 2692 1957 even-

449 2005 553 2058 tus
608 1993 904 2079 adsignat
955 1991 1258 2056 nascendi
1311 1992 1564 2079 legibus
1588 2041 1606 2070 ,
1667 1994 1990 2082 semelque
2047 1994 2114 2057 in
2171 1993 2376 2058 omnis
2435 1992 2694 2058 futuros

449 2117 753 2180 umquam
798 2093 919 2157 deo
940 2092 1294 2155 ‘decretum
1318 2140 1334 2169 ,
1381 2092 1447 2155 in
1491 2094 1803 2176 reliquom
1845 2117 1997 2159 vero
2040 2093 2240 2159 otium
2284 2093 2494 2158 datur.
2563 2090 2693 2159 Se·
2720 2115 2792 2164 24

451 2195 604 2260 dere
649 2194 861 2280 coepit
903 2192 1216 2276 sententia
1255 2191 1416 2258 haee
1457 2194 1826 2278 pariterque
1872 2205 1936 2259 et
1988 2194 2310 2260 eruditum
2353 2196 2581 2283 volgus
2627 2207 2695 2261 et

450 2296 612 2361 rude
655 2296 722 2362 in
767 2317 908 2360 eam
953 2315 1146 2359 cursu
1187 2293 1385 2358 vadit.
1451 2294 1627 2360 Eece
1672 2295 2006 2383 fulgurum
2044 2297 2345 2374 monitus,
2386 2297 2693 2360 oraculo-

451 2422 595 2465 rum
623 2396 961 2485 praescita,
1005 2395 1417 2482 haruspicum
1452 2396 1784 2483 praedicta
1811 2407 2005 2480 atque
2035 2395 2229 2464 etiam
2256 2419 2460 2483 parva
2487 2396 2690 2475 dictu,

523 2537 552 2598 δ
601 2544 682 2588 21.
738 2539 1016 2602 quicquam,
1057 2538 1116 2586 P.
1173 2578 1235 2585 -
1286 2536 1430 2601 aliis,
1472 2553 1505 2586 a
1526 2539 1555 2585 ¹.
1609 2575 1664 2584 ...
1689 2560 1690 2579 ¹
1725 2537 2014 2598 iuvantibus,
2054 2530 2345 2588 STGadr.
2403 2536 2693 2598 iubentibus,

454 2606 661 2655 Pa²bd
677 2609 696 2636 '2
706 2620 783 2668 gp
793 2599 850 2664 β
901 2645 956 2652 -
1016 2602 1242 2669 deliyunt,
1283 2606 1373 2654 ab.
1429 2601 1651 2670 diliyunt,
1695 2597 2014 2668 &Pdgprm
2063 2645 2126 2653 ..
2161 2603 2477 2669 fulminante,
2517 2605 2579 2652 T.
2632 2646 2684 2653 .-

450 2673 710 2736 periurant
734 2671 916 2730 Iovem,
948 2671 1036 2720 Pd
1045 2685 1136 2733 gp.
1169 2673 1430 2734 periurant
1449 2668 1589 2732 Iove,
1614 2672 1677 2721 Τ.
1721 2672 2067 2735 periuratione,
2092 2688 2137 2721 a.
2167 2681 2430 2736 pererrant
2451 2671 2587 2732 Iove,
2611 2676 2695 2721 a‘·'.

452 2748 713 2803 pererrant
735 2737 920 2797 Iovem,
953 2738 1002 2785 b.
1045 2738 1270 2801 peieraret
1292 2736 1475 2800 Iovem,
1508 2734 1613 2803 βγ.
1681 2740 1762 2788 De
1794 2740 2169 2789 constructione
2199 2740 2298 2788 vid.
2335 2740 2482 2790 Ovid.
2513 2742 2695 2790 Amor.

459 2805 562 2856 111.
600 2811 658 2854 11
675 2841 688 2865 ,
723 2811 804 2854 22.
846 2844 899 2852 ..
943 2804 1275 2864 sacramenta,
1319 2806 1385 2855 K.
1428 2844 1484 2852 -.
1526 2807 1646 2867 suis,
1678 2808 1737 2857 P.
1784 2830 1848 2854 ‚³
1875 2808 1989 2868 has,
2034 2808 2196 2856 omitt.
2229 2808 2263 2856 b
2285 2809 2297 2838 ¹
2336 2804 2594 2869 (Robert.)
2635 2847 2690 2855 .-

459 2871 687 2933 medium,
721 2873 855 2923 delet
890 2871 1180 2922 Gronovius
1214 2875 1279 2941 ad
1312 2878 1401 2933 28,
1447 2878 1494 2921 2.
1527 2871 1557 2932 ξ
1597 2880 1674 2923 13.
1723 2913 1775 2922 ..
1820 2874 1932 2936 sibi,
1967 2876 2130 2924 omitt.
2161 2874 2291 2938 ng
2323 2871 2585 2937 (Robert.)
2635 2916 2695 2923 .-

459 2938 710 3002 οοηίεετίο,
747 2940 1050 2991 Gronovius.

529 3007 559 3068 ξ
586 3015 665 3058 22.
691 3007 914 3058 omnibus
939 3008 1069 3070 locis,
1094 3008 1209 3058 abd
1223 3023 1352 3072 gpr.
1380 3007 1499 3058 locis
1524 3009 1759 3069 omnibus,
1783 3009 1841 3058 P.
1868 3006 2050 3070 (Rob.)
2072 3003 2175 3073 βγ.
2215 3048 2271 3056 -
2312 3010 2539 3068 omnibu-1,
2563 3024 2614 3073 p.
2636 3050 2696 3058 .-

462 3085 680 3139 vocatur,
704 3077 913 3128 Robert.
954 3117 1015 3126 -.
1052 3095 1128 3138 ac,
1153 3093 1231 3127 ar.
1256 3093 1316 3126 ac
1337 3091 1454 3137 una,
1480 3077 1677 3139 a2bgp
1703 3073 1965 3139 (Robert.)
2004 3084 2052 3124 et
2075 3094 2188 3138 una,
2211 3078 2272 3126 P.
2310 3092 2430 3139 una,
2467 3072 2609 3141 dssr.
2641 3116 2693 3125 .-

1405 3171 1491 3198 una
1517 3170 1570 3198 ar
1630 3161 1713 3199 itur

464 3230 568 3263 una
608 3214 775 3279 ayitur
815 3230 902 3262 rea
945 3254 1006 3262 -.
1049 3215 1293 3276 arquitur,
1317 3215 1364 3263 d.
1419 3229 1509 3261 rea
1550 3171 1653 3261 ασέα
1692 3213 1891 3277 οοςίειιν,
1915 3212 2023 3262 sola
2045 3212 2157 3262 sola
2189 3208 2447 3272 laudatur,
2488 3210 2594 3260 sola
2617 3228 2699 3259 ar-

461 3282 661 3344 quitur,
695 3296 741 3328 a.
779 3297 866 3328 rea
901 3296 1000 3329 una
1027 3283 1268 3342 arquitur,
1294 3298 1392 3330 una
1417 3280 1657 3346 coqitatur
1681 3276 1903 3346 (coyitur,
1926 3279 2003 3342 b),
2027 3281 2134 3330 sola
2156 3278 2265 3329 sola
2296 3279 2547 3339 laudatur,
2570 3279 2701 3343 Pbg

464 3342 728 3409 (Robert.)
775 3360 865 3394 rea
899 3362 998 3394 una
1030 3349 1267 3410 arquitur,
1299 3363 1351 3411 p.
1397 3348 1541 3397 Haec
1576 3348 1749 3396 omnia
1781 3363 1881 3397 om.
1907 3364 1947 3396 r.
1983 3363 2084 3398 una
2117 3347 2358 3410 cogitatur
2400 3361 2500 3395 om.
2538 3347 2598 3396 T.
2635 3388 2696 3396 -

465 3422 515 3461 et
536 3428 655 3473 cum,
677 3413 806 3462 Pab
815 3427 894 3474 gp
919 3411 1179 3475 (Robert.)
1202 3430 1323 3475 cum,
1348 3431 1388 3463 r.
1426 3423 1485 3474 et,
1509 3416 1544 3462 d
1566 3415 1621 3463 in
1643 3431 1831 3464 rasura.
1878 3415 2207 3477 volubilisque,
2232 3414 2547 3477 TPabdgp
2573 3411 2699 3475 (Ro-

460 3477 619 3541 bert.)
659 3519 721 3527 -
758 3494 793 3526 a
811 3478 1074 3542 plerisque,
1099 3496 1134 3528 a
1153 3480 1409 3543 plerisque,
1435 3481 1497 3529 Τ.
1536 3498 1570 3529 a
1589 3479 1852 3546 plerisque,
1879 3484 1951 3532 ab
1964 3486 1997 3532 d
2007 3498 2084 3546 gp
2110 3478 2371 3544 (Robert.)
2394 3475 2438 3542 β
2447 3494 2496 3545 γ.
2535 3498 2569 3528 a
2595 3481 2700 3546 plu-

467 3547 618 3608 ribus,
642 3547 701 3595 P.
735 3545 968 3608 Plerique
993 3554 1044 3594 et
1077 3549 1212 3609 apud
1245 3547 1374 3596 alios
1408 3548 1677 3610 scriptores
1711 3551 2014 3612 posteriores
2046 3558 2099 3599 et
2130 3550 2268 3613 apud
2298 3550 2526 3599 Plinium
2558 3564 2701 3613 saepe

468 3615 600 3664 esti.
626 3629 675 3677 q.
700 3613 965 3676 permulti;
987 3613 1087 3661 vid.
1114 3620 1162 3675 2,
1190 3617 1268 3663 67.
1296 3620 1376 3664 82.
1404 3617 1484 3664 97.
1513 3620 1625 3664 loo.
1654 3622 1766 3666 104.
1793 3624 1841 3678 s,
1870 3621 1981 3668 127.
2011 3624 2056 3678 5,
2083 3624 2129 3667 s.
2158 3621 2202 3678 7,
2232 3620 2343 3666 173.
2371 3623 2418 3676 s,
2448 3620 2561 3667 137.
2587 3623 2633 3678 9,
2656 3623 2699 3667 2.

469 3690 552 3743 31,
579 3689 660 3732 60.
685 3688 767 3742 36,
797 3687 874 3730 16.
901 3684 983 3741 37,
1012 3687 1056 3730 1.
1085 3721 1144 3729 -..
1173 3697 1264 3745 quo
1303 3699 1375 3741 ue,
1398 3682 1457 3731 P.
1492 3723 1553 3731 -
1589 3691 1636 3732 et
1659 3701 1819 3744 caeca,
1844 3701 1889 3734 a.
1927 3694 1974 3734 et
1996 3700 2146 3735 caeca
2169 3683 2330 3744 etiam,
2356 3684 2661 3748 TPa2‘bdg

470 3747 730 3811 (Robert.)
747 3743 849 3812 βγ.
889 3748 1001 3807 Qm.
1030 3741 1087 3796 θ.
1123 3789 1169 3796 ..
1205 3700 1619 3814 ingiqnorumque,
1646 3752 1745 3802 ΤΡ
1757 3753 2003 3816 abdgpr
2026 3748 2287 3814 (Robert.)
2313 3751 2629 3818 iradiynorum‚
2687 3790 2698 3800 .

540 3816 669 3877 §2:3.
706 3815 858 3875 Hinc,
883 3816 986 3878 Pg.
1027 3856 1089 3864 .-
1126 3814 1253 3876 hinc,
1277 3817 1380 3879 Pg.
1425 3855 1476 3865 ..
1520 3818 1681 3867 omnia
1688 3819 1952 3881 feruntur,
1977 3821 2050 3869 ab
2062 3836 2109 3883 p.
2140 3820 2398 3883 feruntur,
2414 3819 2503 3881 Pg
2527 3815 2700 3881 (Rob.)

473 3885 773 3947 referuntur,
809 3884 912 3932 Td.
970 3884 1247 3947 Zeugmate
1271 3891 1349 3934 est
1379 3899 1501 3933 usus
1533 3884 1667 3935 Plin.
1702 3887 1756 3934 in
1796 3888 1950 3937 verbo
1970 3885 2183 3951 ferendi
2210 3888 2276 3937 ad
2314 3888 2604 3936 evitandam
2625 3903 2699 3937 su-

470 3966 836 4015 pervacaneam
859 3953 1231 4001 verbositatem.
1264 3993 1325 4001 .-
1357 3951 1465 4002 sola
1491 3960 1560 4001 est
1588 3968 1663 4015 ea,
1698 3970 1739 4003 r.
1762 3995 1824 4004 ...
1853 3956 2069 4018 inquam,
2095 3970 2145 4018 g.
2179 3995 2241 4004 -
2261 3970 2491 4020 puynam,
2515 3970 2556 4003 r.
2592 3955 2699 4004 vid.

472 4019 714 4082 Scaliger.
740 4018 1024 4068 animadvv.
1048 4021 1102 4069 in
1122 4020 1359 4071 Guiland.
1385 4022 1447 4069 de
1472 4035 1667 4085 papyro
1692 4038 1742 4086 p.
1768 4028 1868 4083 45„
1906 4022 2114 4073 Gesner.
2140 4024 2206 4072 ad
2227 4022 2281 4072 h.
2305 4022 2339 4070 1.
2376 4023 2549 4073 Minus
2579 4030 2701 4072 recte

473 4086 602 4134 haec
640 4087 793 4135 verba
833 4086 1086 4136 intellexit
1117 4087 1282 4137 Beier.
1325 4089 1391 4137 ad
1425 4087 1533 4137 cic.
1575 4090 1715 4139 Lael.
1755 4095 1831 4150 16,
1869 4095 1949 4139 58.
1983 4105 2034 4153 p.
2061 4096 2141 4139 91.
2200 4130 2259 4138 ..
2320 4105 2428 4139 sors
2461 4090 2572 4154 ipsa
2602 4106 2700 4153 pro,

472 4221 650 4282 Pdgp
685 4217 948 4284 (Robert.)
993 4239 1102 4272 sors
1132 4237 1224 4286 pro
1263 4221 1388 4286 ipsa,
1424 4224 1471 4272 b.
1526 4181 1730 4287 ⁸222?sz
1793 4241 1887 4289 pro
1922 4241 1975 4272 se
2010 4226 2118 4288 ipsa
2142 4224 2248 4274 sola
2267 4240 2375 4289 pro,
2402 4218 2494 4274 Or.
2568 4225 2700 4286 Quae

475 4288 723 4350 scriptura
746 4304 861 4337 cum
884 4291 1072 4340 librarii
1096 4289 1541 4352 interpolationem
1566 4293 1762 4353 prodat,
1786 4292 2047 4354 vulgatam
2073 4306 2278 4356 quoque
2301 4291 2576 4342 lectionem
2601 4307 2700 4342 cor-
