2961 4861
483 400 591 439 uv
1415 394 1795 435 PRAEFATIO.

482 545 2734 626 oepmeadeoeusaaoemtinspermctavssquiaoertimimeindeiu·

482 659 667 717 dicari
704 664 918 734 potest,
961 675 1081 731 quo
1119 666 1285 713 statu
1320 656 1455 713 libri
1489 656 1730 730 triginta
1770 655 1998 730 priores
2037 652 2203 729 (nam
2228 652 2450 712 librum
2477 653 2737 729 primum

481 768 676 826 minus
712 770 827 825 hoc
865 767 998 824 loco
1035 766 1097 822 in
1135 781 1377 823 censum
1414 758 2034 841 veuireintelligitur)
2070 763 2150 819 ad
2186 764 2735 837 nospervenerinu

482 878 585 936 ubi
621 876 740 934 tale
777 873 1105 932 subsidium
1142 858 1583 943 emendationis,
1627 872 1805 946 quale
1838 879 1930 929 est
1964 869 2043 941 B,
2091 889 2214 929 non
2250 872 2439 929 adest.
2505 872 2737 931 Multus

480 986 656 1043 etiam
694 1002 803 1058 per
839 983 950 1040 hos
984 982 1525 1041 libroslacunasin
1566 979 2739 1058 diversiscodicibusexstareetvulga-

480 1087 2245 1171 tamsshicquoquehaudraroplenioremessequamvel
2282 1088 2474 1147 bonos
2503 1090 2740 1149 codices

481 1218 683 1259 omnes
708 1208 815 1258 aut
842 1209 998 1259 certe
1026 1200 1287 1276 singulos
1314 1199 1768 1257 commentarius
1796 1204 2010 1265 noster¹
2024 1197 2224 1267 docet3
2264 1203 2330 1254 at
2361 1198 2563 1256 multo
2596 1198 2741 1274 plu-

478 1327 576 1368 res
623 1310 808 1368 latere
856 1317 917 1366 et
962 1318 1070 1366 aut
1114 1325 1363 1384 prorsus
1412 1324 1532 1364 non
1576 1307 1770 1382 detegi
1809 1322 2004 1381 posse,
2055 1306 2198 1379 quia
2244 1304 2482 1363 nullum
2529 1323 2741 1364 earum

480 1418 800 1495 vestigium
840 1423 1056 1487 exstat,
1096 1423 1201 1474 aut
1236 1424 1479 1492 propter
1512 1414 2015 1491 interpolationes,
2063 1415 2282 1489 quibus
2326 1414 2560 1473 librarii
2606 1414 2741 1473 tali·

481 1528 592 1585 bus
631 1526 777 1584 locis
812 1526 1111 1583 hiantibus
1149 1526 1607 1594 succurrebant,
1662 1524 1726 1581 id
1765 1524 1945 1581 modo
1980 1541 2090 1598 per
2126 1523 2530 1581 coniecturam
2564 1523 2739 1594 effici,

480 1645 549 1694 ut
583 1634 849 1693 Plinium
886 1635 1113 1710 aliquid
1151 1633 1454 1711 scripsisse
1501 1633 1784 1705 sciamus,
1835 1634 1996 1707 quod
2043 1650 2165 1690 non
2209 1632 2468 1709 amplius
2516 1639 2740 1703 exstat,

480 1744 620 1823 quid
646 1744 945 1823 scripserit
969 1745 1325 1814 nesciamus,
1365 1744 1428 1801 id
1468 1762 1603 1801 cum
1637 1761 1746 1818 per
1780 1760 1845 1798 se
1880 1748 2005 1798 tam
2029 1739 2334 1816 probabile
2361 1741 2459 1812 sit,
2503 1746 2579 1799 ut
2604 1759 2741 1818 pro·

480 1855 796 1931 pemodum
824 1861 1052 1912 certum
1077 1854 1271 1912 dicere
1296 1852 1511 1929 possis,
1539 1861 1668 1910 tum
1694 1849 2300 1925 Pseudo-Appuleius
2326 1847 2741 1908 Salmasiauus

480 1970 543 2020 et
589 1961 860 2019 nonnulli
907 1960 1025 2018 loci
1071 1978 1110 2017 a
1155 1978 1254 2017 me
1301 1961 1492 2018 notati
1541 1960 1969 2029 demonstrant,
2016 1958 2083 2016 in
2132 1958 2347 2032 quibus
2385 1958 2741 2016 lacunarum

482 2069 654 2143 sigua
699 2067 1155 2144 deprehendisse
1190 2068 1335 2126 mihi
1370 2067 1610 2137 videor;
1660 2068 1779 2126 vid.
1820 2064 1862 2125 2
1875 2109 1894 2139 ,
1941 2063 2087 2126 147.
2135 2067 2275 2126 coll.
2323 2069 2743 2126 observatione

482 2185 689 2235 nostra
727 2170 834 2235 39.
876 2177 955 2233 ad
993 2176 1243 2234 indicem
1289 2176 1429 2234 libri
1468 2176 1739 2247 secundi,
1789 2184 1918 2234 tum
1964 2181 2169 2234 notam
2211 2171 2315 2234 12.
2362 2177 2442 2233 ad
2484 2177 2744 2235 indicem

481 2284 618 2343 libri
642 2279 768 2355 16„
796 2302 976 2361 porro
1003 2280 1069 2355 4,
1101 2279 1245 2343 112.
1274 2283 1411 2343 coll.
1432 2284 1512 2343 ad
1531 2279 1636 2356 34,
1665 2280 1830 2356 149„
1860 2284 2112 2359 denique
2132 2281 2199 2356 4,
2219 2280 2325 2343 49.
2350 2280 2455 2345 58.
2500 2280 2567 2357 6,
2591 2279 2742 2346 136.

490 2389 592 2469 11,
622 2389 770 2455 267.

565 2503 682 2563 His
717 2504 899 2580 igitur
938 2503 1016 2561 de
1053 2502 1309 2578 singulis
1346 2504 1641 2562 codicibus
1681 2505 1828 2562 satis
1866 2505 2123 2580 copiose,
2163 2512 2230 2563 at
2265 2522 2407 2574 non,
2457 2511 2531 2562 ut
2570 2514 2743 2581 puto,

482 2611 644 2671 ultra
679 2613 1094 2672 necessitatem
1130 2612 1443 2688 disputatis
1483 2612 1843 2687 loquendum
1885 2620 1977 2671 est
2013 2614 2091 2671 de
2130 2613 2355 2672 ratione
2395 2631 2554 2687 quae
2588 2615 2746 2673 inter

482 2720 618 2779 illos
654 2720 995 2789 intercedit3
1046 2721 1361 2778 revocandi
1402 2729 1542 2779 sunt
1583 2721 1662 2780 ad
1701 2739 1842 2779 suas
1893 2721 2110 2780 classes
2148 2727 2210 2779 et
2246 2721 2502 2780 familias
2516 2764 2539 2794 ,
2594 2740 2746 2782 suus

484 2828 694 2904 cuique
730 2829 900 2888 locus
937 2827 1347 2902 assignandus,
1387 2834 1637 2887 stemma
1673 2847 1899 2900 eorum,
1951 2830 2149 2903 quoad
2186 2831 2315 2898 eius
2355 2831 2484 2889 fieri
2521 2838 2746 2908 potest,

484 2937 930 3015 proponendum
943 2977 964 3009 ,
1004 2937 1273 3013 corrupti
1312 2955 1351 2994 a
1392 2938 1588 2995 minus
1621 2939 1944 3014 corruptis,
1995 2938 2332 3017 interpolati
2378 2941 2456 2998 ab
2494 2939 2748 3017 integris

485 3047 844 3122 secernendi,
894 3052 964 3107 ut
1009 3046 1213 3125 paucis
1262 3046 1475 3120 dicam,
1527 3047 2073 3120 demonstrandum,
2130 3048 2370 3123 quinam
2418 3050 2749 3108 secundum

484 3159 723 3235 regulas
770 3158 912 3217 artis
961 3164 1021 3216 et
1068 3157 1267 3236 inepta
1313 3156 1552 3216 libidine
1598 3162 1798 3236 spreta
1844 3175 1988 3235 prae
2028 3158 2237 3216 ceteris
2275 3158 2396 3216 sint
2436 3158 2748 3232 sequendi,

486 3267 725 3341 quinam
766 3267 1023 3326 secundo
1062 3268 1195 3325 loco
1231 3267 1621 3342 supplementi
1660 3267 1848 3324 instar
1883 3266 2225 3343 usurpandi,
2264 3267 2511 3342 quinam
2554 3284 2748 3344 repu—

487 3375 705 3432 diandi.
746 3373 1004 3447 Magnae
1041 3391 1184 3432 vero
1218 3373 1334 3433 hoc
1358 3376 1421 3433 in
1448 3375 1684 3451 negotio
1711 3376 1972 3434 versanti
1998 3381 2317 3435 occurrunt
2341 3375 2749 3449 difficultates,

489 3498 741 3557 quarum
776 3481 968 3555 prima
1008 3488 1116 3554 est,
1159 3482 1319 3556 quod
1354 3483 1641 3541 naturalis
1680 3482 1943 3557 historia,
1985 3502 2136 3562 opus
2178 3484 2421 3544 maximi
2456 3484 2749 3558 ambitus,

487 3589 606 3649 iam
647 3588 1068 3648 vetustissimis
1110 3590 1468 3667 temporibus
1511 3592 1770 3651 lacerum
1795 3594 1973 3652 modo
1999 3600 2061 3651 et
2086 3594 2493 3653 detruncatum
2520 3592 2582 3652 in
2608 3610 2748 3651 ma-

490 3719 602 3760 nus
641 3698 1014 3759 librariorum
1052 3698 1232 3770 venit,
1273 3700 1375 3772 qui
1413 3701 1657 3774 proinde
1696 3702 1774 3760 ad
1811 3704 2219 3779 apographum
2255 3721 2433 3762 suum
2461 3702 2749 3781 suppleu-

491 3810 633 3868 ‹lum
660 3824 901 3885 prorsus
929 3807 1229 3866 diversum
1256 3807 1510 3866 codicem
1539 3812 1955 3885 sequebantur,
1984 3812 2141 3871 unde
2165 3812 2327 3871 haud
2353 3829 2491 3871 raro
2516 3811 2749 3872 factum

491 3925 603 3990 est,
642 3925 710 3976 ut
736 3917 911 3975 unius
940 3916 1155 3976 codicis
1181 3924 1379 3994 partes
1409 3917 1678 3977 diversae
1704 3919 2000 3979 diversum
2038 3920 2446 3998 apographum
2472 3921 2744 3981 reddant.

494 4027 626 4086 Hoc
652 4026 737 4085 ita
762 4024 985 4085 factum
1012 4044 1142 4087 esse
1170 4045 1303 4087 cum
1332 4046 1437 4105 per
1464 4046 1528 4086 se
1565 4029 1643 4087 sit
1679 4029 1994 4089 admodum
2035 4031 2363 4108 probabile,
2404 4037 2534 4089 tum
2571 4031 2748 4090 docet

494 4135 659 4194 locus
688 4133 1023 4214 Symmachi
1061 4136 1233 4213 epist.
1267 4132 1326 4208 1,
1359 4133 1461 4196 24.
1500 4146 1638 4215 post
1663 4138 2003 4198 Fabricium
2029 4159 2068 4199 a
2093 4139 2279 4199 Iano
2316 4141 2379 4199 in
2417 4142 2745 4199 observatt.

495 4243 645 4304 critt.
675 4261 737 4321 p.
768 4241 826 4304 7.
856 4251 990 4322 apte
1018 4245 1264 4306 allatus:
1311 4244 1419 4320 „Si
1448 4255 1506 4304 te
1534 4266 1701 4308 amor
1726 4249 1902 4308 habet
1929 4250 2218 4313 naturalis
2246 4249 2531 4310 historiae
2560 4266 2741 4325 quam
