2961 4861
1065 310 1206 355 Lm.
1239 312 1338 356 111.
1396 310 1553 356 cAr.
1585 310 1652 357 v,
1716 309 1912 358 snc'r.
1941 312 1979 353 9.
2515 295 2637 358 231

397 458 622 531 ducta3
691 456 1004 543 oppidum
1054 457 1488 536 Laurentum,
1553 458 1740 522 lucus
1796 455 1973 521 Iovis
2029 455 2377 544 Indigetis,
2434 461 2639 526 amnis

395 556 753 635 Numicius,
797 553 1021 623 Ardea
1062 580 1102 623 a
1128 558 1357 624 Danae
1385 557 1613 623 Persei
1654 567 1860 621 matre
1907 556 2183 623 condita.
2227 556 2402 622 Dein
2428 581 2636 642 quon·
2668 581 2729 627 57

397 658 545 725 dam
570 652 1058 743 Aphrodisium,
1102 659 1379 723 Antium
1420 659 1687 736 colonia,
1731 652 1979 722 Astura
2019 657 2258 723 fiumen
2302 668 2366 724 et
2405 659 2635 741 insula,

394 756 630 822 fluvius
655 756 1096 844 Nymphaeus,
1144 756 1402 824 Clostra
1424 758 1733 835 Romana,
1783 755 2022 823 Circeii
2077 758 2401 840 quondam
2428 759 2641 827 insula

395 858 685 925 inmenso
735 858 999 942 quidem
1049 859 1210 923 mari
1264 858 1657 924 circumdata
1723 858 1828 944 (ut
1869 858 2152 923 creditur
2192 857 2512 947 Homero)
2575 871 2643 928 et

399 982 571 1025 nunc
610 959 897 1046 planitie.
964 959 1210 1024 Mirum
1255 971 1354 1025 est
1395 960 1573 1044 quod
1614 959 1736 1024 hac
1778 959 1860 1022 de
1902 981 1972 1022 re
2017 958 2267 1024 tradere
2311 959 2641 1024 hominum

393 1060 658 1126 notitiae
711 1082 1077 1146 possumus.
1162 1060 1674 1147 Theophrastus,
1750 1059 1862 1144 qui
1918 1058 2165 1145 primus
2231 1070 2641 1127 externorum

394 1161 609 1244 aliqua
659 1161 741 1226 de
790 1160 1097 1227 Romanis
1159 1162 1533 1249 diligentius
1595 1159 1853 1245 scripsit
1918 1160 2100 1245 (nam
2155 1159 2636 1247 Theopompus,

394 1273 545 1329 ante
587 1282 782 1345 quem
821 1285 1007 1328 nemo
1049 1264 1439 1329 mentionem
1479 1262 1726 1339 habuit,
1778 1260 2002 1325 urbem
2033 1261 2368 1326 dumtaxat
2406 1286 2445 1326 a
2476 1261 2637 1329 Gai-

393 1362 476 1429 lis
518 1372 771 1447 captam
814 1362 998 1440 dixit,
1044 1355 1405 1429 Clitarchus
1459 1363 1542 1428 ab
1589 1385 1663 1427 eo
1693 1384 2047 1448 proxumus
2075 1361 2465 1448 legationem
2494 1374 2636 1428 tan-

397 1472 536 1527 tum
576 1462 661 1525 ad
699 1457 1143 1529 Alexandrum
1184 1463 1447 1527 missam
1460 1462 1511 1548 ε)
1541 1517 1625 1528 ,-.
1666 1462 1772 1527 hic
1813 1461 1943 1525 iam
2000 1462 2371 1546 plus-quam
2399 1485 2436 1526 e
2467 1464 2640 1529 fama
2668 1487 2730 1531 58

397 1559 791 1628 Circeiorum
840 1563 1088 1629 insulae
1138 1573 1205 1630 et
1253 1584 1621 1628 mensuram
1675 1562 1891 1646 posuit
1947 1561 2154 1626 stadia
2207 1563 2532 1647 octoginta
2573 1564 2641 1628 in

396 1683 474 1730 eo
529 1663 881 1742 volumine,
948 1664 1122 1747 quod
1186 1663 1442 1749 scripsit
1496 1661 1817 1728 Nicodoro
1883 1660 2380 1726 Atheniensium
2430 1664 2648 1751 magi-0,

396 1774 623 1843 stratu,
668 1765 780 1849 qui
821 1765 949 1828 fuit
986 1764 1165 1830 urbis
1207 1774 1465 1830 nostrae
1510 1779 1811 1827 GOGOXL.
1866 1784 2051 1827 anno.
2109 1760 2444 1846 Quidquid
2488 1786 2642 1849 ergo

396 1874 711 1931 terrarum
762 1875 861 1928 est
909 1875 1165 1949 praeter
1217 1865 1456 1930 decem*
1495 1861 1670 1927 milia
1728 1884 2043 1947 passuum·
2100 1884 2303 1947 prope
2361 1863 2642 1929 ambitus

401 1965 727 2031 adnexum
781 1965 1029 2029 insulae
1082 1975 1233 2049 post
1285 1985 1434 2029 eum
1490 1984 1729 2027 annum
1791 1961 2063 2027 accessit
2111 1962 2355 2028 Italiae.
2435 1963 2641 2029 Aliud
2670 1988 2732 2032 59

392 2065 805 2133 miraculum:
851 2087 892 2128 a
922 2062 1193 2130 Circeiis
1232 2065 1418 2150 palus
1445 2061 1790 2148 Pomptina
1834 2073 1952 2140 est,
1997 2085 2189 2147 quem
2218 2064 2432 2130 locum
2457 2083 2641 2130 xxw

393 2165 650 2231 urbium
714 2165 916 2230 fuisse
968 2163 1313 2229 Mucianus
1378 2173 1475 2227 ter
1541 2164 1761 2227 consul
1810 2162 2092 2247 prodidit
2104 2189 2122 2241 3
2189 2164 2340 2228 dein
2396 2164 2636 2230 fiumen

393 2265 644 2344 Ufens,
673 2289 894 2352 *supra
949 2266 1123 2349 quod
1175 2264 1525 2330 Tarracina
1594 2263 1931 2350 oppidum,
1989 2264 2216 2351 lingua
2257 2264 2641 2331 Volscorum

394 2368 629 2432 Anxur
672 2367 914 2432 dictum
958 2378 1024 2433 et
1073 2367 1186 2432 ubi
1229 2367 1411 2432 fuere
1466 2365 1784 2450 Amyclae
1829 2389 1868 2429 a
1910 2365 2317 2450 serpentibus
2362 2365 2634 2446 deletae,
2700 2451 2709 2457 ,

395 2467 545 2533 dein
585 2469 761 2532 locus
809 2465 1192 2553 Speluncae,
1237 2467 1416 2532 lacus
1453 2465 1829 2542 Fundanus,
1889 2462 2116 2530 Caieta
2156 2475 2400 2550 portus,
2448 2467 2635 2552 oppi-

394 2570 547 2635 dum
599 2569 900 2635 Formiae
951 2568 1259 2635 Hormiae
1321 2567 1599 2646 dictum,
1665 2577 1742 2631 ut
1808 2566 2274 2633 existumavere
2289 2616 2308 2645 ,
2375 2569 2639 2654 antiqua

462 2776 493 2836 ξ
531 2783 609 2828 58.
664 2776 762 2824 iam
793 2783 837 2825 et
862 2773 995 2840 plus,
1019 2789 1070 2838 p.
1124 2814 1187 2823 ...
1240 2788 1280 2832 e,
1314 2773 1541 2822 Nitzsch.
1577 2773 1644 2820 ad
1676 2771 1832 2820 Hom.
1866 2770 2047 2834 Odyss.
2086 2778 2165 2834 10,
2194 2779 2306 2824 135.
2339 2790 2387 2838 p.
2419 2782 2530 2827 110.
2577 2785 2637 2840 et,

394 2840 703 2907 RAdpssr.
737 2874 814 2896 b,
872 2839 1190 2901 Cerceiorum,
1223 2833 1393 2889 Aod.
1440 2880 1506 2888 -.
1552 2847 1608 2899 et,
1640 2838 1807 2890 RAd.
1853 2838 2031 2889 Omitt.
2073 2835 2174 2906 βγ.
2223 2842 2638 2905 Theophrastum

393 2909 590 2960 Plinius
615 2911 687 2959 ait
714 2924 823 2958 non
844 2912 997 2957 modo
1024 2908 1249 2958 Circeios
1279 2908 1500 2957 insulam
1526 2920 1962 2966 commemorasse,
1986 2922 2161 2956 verum
2186 2915 2236 2956 et
2258 2910 2505 2959 ambitum
2530 2913 2638 2961 eius

395 2978 599 3037 dixisse,
641 2978 775 3025 unde
819 2984 1041 3038 apparet,
1072 2976 1255 3025 notitia
1294 2989 1462 3024 rerum
1501 2973 1796 3024 Italicarum
1828 2979 2074 3034 quantum
2116 2988 2382 3035 progressa
2413 2975 2567 3025 fuerit
2609 2995 2641 3027 a

396 3045 735 3107 Theopompo
760 3050 812 3093 et
833 3043 1093 3094 Clitarcho
1118 3045 1184 3092 ad
1208 3043 1355 3092 Theo
1390 3043 1636 3091 hrastum.
1658 3079 1721 3087 -
1740 3035 2004 3099 Nicodoro,
2028 3039 2095 3088 A.
2122 3036 2551 3105 Nicodero,de.
2572 3084 2635 3093 -

394 3111 705 3178 maqistratu,
728 3113 775 3161 d.
821 3109 1152 3174 mayistratui‚
1175 3109 1333 3171 BAp
1392 3122 1441 3171 γ.
1478 3107 1598 3155 Vid.
1633 3107 1694 3154 de
1718 3107 1770 3154 h.
1805 3106 1840 3153 l.
1894 3106 2109 3155 Casaub.
2136 3107 2202 3154 ad
2224 3106 2490 3169 Theophr.
2517 3111 2637 3159 cha-

394 3188 516 3229 ract.
540 3195 591 3242 p.
620 3185 695 3229 15.
732 3180 809 3228 ed.
842 3180 1066 3228 Fischer.
1116 3176 1352 3226 Schneid.
1387 3177 1452 3224 ad
1475 3174 1739 3235 Theophr.
1772 3173 1927 3235 lapid.
1964 3177 2042 3220 59.
2069 3188 2117 3236 p.
2154 3178 2266 3223 585.
2309 3173 2548 3225 Ceterum
2573 3192 2639 3227 ex

394 3247 476 3296 his
497 3248 660 3297 verbis
695 3247 1042 3307 colligendum
1060 3244 1258 3292 videtur
1289 3255 1413 3302 esse,
1444 3248 1715 3302 utrumque
1739 3240 2087 3302 Theophrasti
2113 3256 2257 3304 opus,
2291 3250 2342 3292 et
2372 3244 2639 3295 historiam
2730 3251 2735 3254 “

393 3314 683 3376 plantarum
707 3321 758 3361 et
780 3315 843 3361 de
865 3312 1029 3361 causis
1052 3311 1357 3373 plantarum,
1380 3324 1412 3357 a
1432 3308 1603 3357 Plinio
1626 3322 1785 3356 unum
1808 3307 2041 3357 habitum
2063 3307 2247 3371 fuisse3
2271 3326 2392 3360 nam
2411 3311 2636 3362 Circeios

393 3381 782 3442 Theophrastus
805 3377 1221 3427 commemoravit
1243 3378 1296 3425 in
1327 3376 1419 3424 illo
1454 3389 1622 3438 opere,
1644 3374 1959 3425 Nicodorum
1991 3377 2290 3427 archontem
2322 3380 2375 3427 in
2399 3381 2500 3429 hoc
2523 3388 2635 3430 tan-

397 3455 503 3496 tum
537 3444 604 3506 (1.
636 3451 713 3507 19,
740 3451 785 3495 5.
809 3461 858 3509 p.
886 3444 1027 3508 377.)
1051 3459 1216 3508 neque
1238 3444 1292 3492 in
1323 3445 1429 3492 illo,
1482 3443 1594 3493 Nisi
1615 3441 1748 3493 forte
1769 3443 1968 3493 Plinius
2000 3445 2237 3494 notitiam
2261 3462 2406 3495 suam
2429 3462 2458 3496 e
2481 3447 2634 3497 fonti-

395 3515 490 3563 bus
513 3515 615 3562 iam
639 3514 907 3575 deperditis
930 3513 1116 3562 hausit.
1139 3552 1202 3561 -.
1232 3506 1533 3572 CCCCXL„
1559 3510 1772 3561 Casaub.
1796 3511 1908 3561 ΒΑ
1925 3502 2022 3561 BT
2035 3514 2126 3576 dp.
2157 3508 2466 3576 CGCG'LX,
2483 3511 2540 3575 β.
2567 3554 2631 3564 .-

396 3596 512 3644 erqo
545 3583 789 3629 terrarum
821 3589 908 3641 est,
939 3581 1108 3643 RAp.
1162 3587 1234 3629 est
1258 3595 1371 3642 erqo
1401 3588 1661 3640 terrarum,
1684 3574 1826 3650 ᾱβχ.
1864 3620 1927 3628 -.
1958 3596 2128 3644 prope,
2162 3584 2209 3630 d.
2248 3580 2541 3645 propinqui,
2568 3583 2633 3631 K.

397 3648 574 3698 omitt.
597 3648 765 3709 BAp.
803 3687 866 3696 ...
903 3664 1147 3709 annexum,
1171 3649 1234 3697 R.
1271 3662 1520 3707 annesum,
1543 3661 1593 3710 p.

463 3713 493 3775 ᾗ
521 3720 598 3764 59.
632 3712 792 3764 Aliud
812 3712 1125 3776 miraculum3
1151 3716 1280 3763 haec
1302 3714 1630 3777 suppositicia
1652 3714 1808 3764 habet
1828 3714 1985 3764 Hard.
2025 3752 2088 3762 ...
2124 3731 2159 3763 a
2187 3709 2392 3762 Circeiis
2419 3754 2482 3762 -
2508 3716 2635 3765 voci-
2744 3724 2759 3733 ‘

395 3791 543 3832 catam
567 3782 729 3831 omitt.
756 3783 859 3831 Td.
897 3823 960 3830 -.
993 3780 1236 3842 Pomtina,
1257 3783 1326 3831 A.
1355 3796 1515 3845 puna,
1538 3782 1603 3831 R.
1639 3821 1702 3829 -
1738 3779 1965 3842 XXIV,
2005 3780 2172 3830 RAa.
2208 3780 2506 3842 XXXIII,
2534 3776 2634 3845 θγ.

395 3849 633 3910 XXIII,
654 3844 711 3910 β.
738 3889 802 3898 -
846 3846 1012 3911 Ufens,
1034 3850 1135 3898 vid.
1158 3850 1350 3912 Vergil.
1374 3850 1506 3899 Aen.
1536 3852 1580 3908 7,
1605 3855 1723 3898 802.
1764 3846 2006 3906 Ummium,
2033 3842 2090 3895 Θ.
2125 3847 2406 3910 Aufentum,
2430 3849 2554 3898 BA.
2570 3890 2633 3898 ..-

403 3914 696 3977 Tar-racina,
728 3916 898 3966 ΒΑσ.
960 3915 1260 3975 Tem-acina,
1293 3919 1451 3968 Hard.
1486 3930 1534 3977 r.
1574 3955 1636 3964 ...
1684 3913 1928 3964 vulcorum
1962 3912 2145 3976 linqua,
2177 3914 2241 3965 R.
2291 3955 2353 3962 -
2398 3914 2629 3978 Andura,

394 3985 459 4033 R.
498 3992 607 4032 -et
629 3984 873 4046 ubifuere
893 3980 1147 4048 Amyclae,
1174 3986 1319 4033 codd.
1346 3984 1524 4034 Gelen.
1562 3991 1607 4032 et
1629 3980 1715 4030 ubi
1720 3981 1873 4043 fuere
1896 3979 2087 4031 Amicle
2108 3979 2214 4032 sive
2234 3981 2462 4044 Amitide,
2486 3984 2550 4033 R..
2587 3992 2634 4033 et

397 4051 479 4100 ubi
480 4050 635 4113 suere
657 4049 854 4113 Amycle
885 4050 994 4101 sive
1024 4049 1273 4115 Amyncle,
1303 4053 1370 4101 A.
1409 4090 1473 4099 ....
1512 4047 1643 4099 locus
1675 4044 1960 4113 Speluncae,
1991 4050 2093 4099 vid.
2130 4049 2359 4101 Oudend.
2393 4053 2458 4101 ad
2492 4051 2632 4101 Suet.

396 4118 509 4168 Tib.
543 4123 625 4168 39.
661 4114 932 4181 Speluncae
966 4133 1068 4169 om.
1104 4120 1167 4169 R.
1205 4160 1270 4168 .-
1306 4118 1462 4179 lacus,
1488 4132 1587 4165 om.
1621 4115 1687 4164 R.
1724 4156 1788 4163 -
1824 4113 2122 4178 Fundanus,
2154 4118 2265 4169 BA
2299 4114 2471 4178 (codd.
2504 4120 2630 4170 Bar-

396 4185 504 4234 bari
527 4194 578 4235 et
610 4182 814 4247 Gelen.)
848 4183 1144 4247 Fundanus,
1173 4201 1223 4235 σ.
1262 4193 1325 4235 ‘-
1369 4181 1566 4244 Gaieta,
1598 4182 1665 4233 A.
1706 4223 1768 4231 -.
1803 4180 2058 4244 Hormiae,
2090 4187 2158 4235 A.
2195 4185 2311 4237 Om.
2344 4186 2407 4239 Β.
2444 4227 2508 4236 -
2554 4184 2630 4235 di-

398 4260 535 4314 ctum,
567 4253 679 4303 ΒΑ
710 4246 879 4314 (codd.
914 4252 1118 4316 Gelen.)
1158 4253 1304 4319 prius
1337 4250 1451 4305 olim
1483 4252 1672 4313 dictum,
1713 4251 1870 4301 Hard.
1905 4266 1933 4300 c
1969 4254 2113 4302 codd.
2136 4265 2186 4316 r.
