2961 4861
1214 380 1428 425 mnan
1475 380 1519 423 1.
2396 365 2478 427 45

256 551 393 607 nae,
439 550 603 614 quae
634 538 1044 614 campestres,
1092 552 1256 614 quae
1288 529 1617 594 siccaneae
1631 533 1675 607 ⁸,
1722 552 1886 614 quae
1917 530 2271 614 aquaticae,
2317 554 2484 616 quae

256 652 634 695 communes.
679 629 932 696 Divisio
975 652 1303 716 generum.
1354 628 1610 711 Quibus
1654 629 1808 696 folia
1850 653 1976 696 non
2021 630 2334 696 decidant.
2379 631 2485 698 De

256 730 713 797 rhododendro.
775 728 1033 812 Quibus
1075 754 1202 796 non
1246 731 1457 796 omnia
1504 731 1653 795 folia
1697 730 2005 808 cadant⁹;
2119 731 2309 796 uibus
2352 731 2419 795 in
2436 734 2485 772 ¹⁰

251 830 406 896 locis
448 831 604 896 nulli
624 833 672 872 ¹¹
717 831 1035 897 arborum.
1096 831 1202 898 De
1246 841 1477 895 natura
1530 831 1824 898 foliorum
1869 831 2255 896 cadentium.
2320 830 2486 913 Qui-

253 933 370 998 bus
413 933 707 999 foliorum
752 933 910 997 varii
955 935 1215 998 colores.
1287 932 1678 1019 Populorum
1720 954 1958 1019 genera
2001 950 2105 995 111.
2196 930 2488 1013 Quorum

252 1034 545 1098 foliorum
587 1034 834 1120 figurae
876 1045 1205 1099 mutentur
1222 1036 1291 1097 ¹².
1382 1032 1571 1116 Quae
1616 1034 1767 1100 folia
1817 1043 2152 1098 versentur
2193 1032 2490 1098 omnibus

251 1135 453 1199 annis.
515 1133 841 1201 Foliorum
887 1157 922 1198 e
966 1134 1194 1220 palmis
1238 1157 1392 1199 cura
1436 1146 1502 1200 et
1543 1156 1720 1199 usus.
1780 1133 2107 1200 Foliorum
2151 1133 2486 1198 mirabilia.

252 1233 433 1302 Ordo
476 1246 748 1300 naturae
791 1234 859 1298 in
903 1235 1079 1299 satis.
1127 1232 1313 1315 Quae
1358 1234 1618 1301 arbores
1660 1258 2011 1320 numquam
2051 1233 2338 1300 floreant.
2381 1234 2488 1300 De

248 1335 578 1423 iuniperis.
622 1335 727 1402 De
772 1347 1084 1422 conceptu
1125 1336 1445 1413 arborum,
1495 1337 1576 1401 de
1619 1336 2105 1422 germinatione,
2153 1334 2233 1401 de
2277 1346 2488 1421 partu.

253 1434 404 1518 Quo
447 1437 669 1504 ordine
711 1436 997 1502 floreant.
1040 1435 1146 1501 De
1189 1459 1406 1502 cornu.
1455 1434 1605 1518 Quo
1649 1458 1944 1522 quaeque
1963 1439 2014 1476 ¹³
2061 1445 2343 1522 tempore
2389 1437 2489 1501 fe-

246 1548 413 1602 rant.
486 1537 838 1602 Anniferae
852 1585 869 1615 ,
915 1537 983 1600 in
1028 1537 1371 1602 triennium
1426 1538 1729 1604 ferentes.
1806 1536 1997 1620 Quae
2041 1537 2322 1603 fructum
2364 1561 2490 1603 non

250 1637 483 1703 ferant.
532 1636 718 1720 Quae
760 1637 1052 1703 infelices
1097 1638 1582 1703 existumentur.
1640 1637 1829 1720 Qua‘e
1873 1639 2174 1705 facillime
2217 1639 2493 1724 perdant

249 1737 532 1804 fructum
555 1750 668 1804 aut
686 1738 927 1805 florem.
975 1737 1164 1821 Quae
1192 1739 1304 1804 ubi
1326 1762 1454 1824 non
1483 1740 1782 1804 ferant14.
1829 1737 2169 1820 Quomodo
2192 1739 2405 1802 ferant
2423 1743 2491 1800 ¹⁵.

251 1837 514 1921 Quibus
543 1840 792 1906 fructus
821 1850 970 1904 ante
995 1862 1188 1925 quam
1219 1839 1442 1906 folium
1461 1850 1765 1906 nascatur
1782 1843 1850 1905 ¹⁶.
1893 1839 2175 1917 Biferae,
2211 1839 2491 1904 triferae.

252 1939 446 2023 Quae
491 1941 818 2007 celerrime
862 1951 1218 2019 senescant,
1279 1963 1443 2026 quae
1490 1940 1867 2007 tardissime.
1936 1940 2295 2006 Praecoces
2351 1939 2490 2004 fru-

249 2052 430 2119 ctus3
497 2039 759 2106 serotini
775 2042 846 2104 ¹⁷.
917 2038 997 2103 In
1041 2040 1274 2125 quibus
1332 2042 1519 2127 plura
1560 2065 1775 2107 rerum
1833 2065 2074 2128 genera
2124 2040 2490 2129 gignantur.

250 2139 645 2227 Crataegum
667 2143 735 2204 ¹⁸.
764 2140 1187 2206 Differentiae
1218 2141 1516 2207 arborum
1545 2165 1663 2227 per
1691 2165 1960 2228 corpora
1991 2154 2056 2208 et
2082 2165 2314 2209 ramos.
2352 2142 2491 2209 Lo-

251 2253 349 2308 tos
394 2242 533 2307 sive
578 2241 730 2306 faba
774 2239 1045 2307 Graeca.
1106 2241 1212 2308 De
1252 2242 1467 2307 ramis.
1523 2242 1630 2310 De
1674 2244 1930 2310 cortice.
1995 2243 2101 2310 De
2144 2245 2492 2310 radicibus.

247 2344 543 2411 Arbores
601 2367 766 2430 quae
826 2355 1050 2432 sponte
1108 2344 1594 2410 resurrexerint.
1688 2343 1944 2426 Quibus
2003 2345 2208 2410 modis
2268 2355 2494 2430 sponte

249 2458 603 2512 nascantur
620 2448 671 2488 ¹⁹
714 2446 993 2512 arbores.
1052 2443 1340 2510 Naturae
1385 2446 1787 2512 differentiae
1830 2470 1960 2513 non
2000 2446 2214 2512 omnia
2255 2445 2496 2531 ubique

250 2546 646 2634 generantis.
690 2544 826 2618 Ubi
844 2549 894 2588 ²⁰
937 2569 1104 2631 quae
1147 2569 1276 2612 non
1303 2557 1649 2612 nascantur
1667 2550 1736 2611 ²¹.
1780 2546 1886 2612 De
1915 2546 2257 2634 cupressis.
2298 2546 2494 2613 Nasci

253 2670 452 2735 saepe
500 2670 582 2712 ex
628 2657 799 2712 terra
852 2669 1020 2732 quae
1080 2657 1229 2711 ante
1249 2650 1298 2688 ²²
1339 2658 1493 2711 nata
1535 2670 1664 2713 non
1711 2638 1855 2713 sint.
1913 2648 2018 2715 De
2060 2648 2331 2726 hedera3
2376 2672 2494 2735 ge-

249 2772 409 2815 nera
456 2748 596 2813 eius
640 2765 764 2811 xx.
810 2746 1080 2813 Zmilax.
1139 2746 1244 2813 De
1289 2748 1621 2831 aquaticis.
1679 2747 1784 2815 De
1828 2751 2109 2816 calamis.
2161 2749 2495 2815 Harundi-

250 2872 409 2914 num
454 2871 694 2935 genera
736 2851 1066 2911 xxvn123.
1121 2846 1226 2913 De
1283 2847 1630 2934 sagittariis
1685 2861 1750 2915 et
1794 2850 2145 2936 scriptoriis
2199 2862 2263 2917 et
2310 2851 2495 2916 fistu-

251 2951 503 3016 latoriis
559 2948 839 3014 calamis.
912 2947 1018 3014 De
1076 2946 1506 3014 Orchomenia
1563 2949 1920 3015 harundine
1979 2961 2044 3015 et
2087 2952 2502 3036 aucupatoria

257 3060 325 3114 et
365 3049 730 3135 piscatoria.
772 3048 879 3114 De
920 3049 1221 3115 vinitoria
1261 3050 1642 3114 harundine.
1686 3050 1793 3115 De
1837 3052 1982 3115 alno
1999 3053 2070 3112 ²4.
2129 3050 2234 3115 De
2266 3051 2494 3128 salice3

252 3175 500 3239 genera
558 3153 695 3217 eius
751 3155 974 3216 vn1²⁶.
1050 3149 1239 3233 Quae
1291 3160 1550 3237 praeter
1603 3151 1859 3215 salicem
1904 3150 2247 3235 adligando
2297 3150 2500 3216 utilia.

254 3254 365 3320 De
413 3253 660 3341 scirpis,
709 3253 1011 3329 candelis,
1058 3252 1299 3329 cannis,
1348 3251 1566 3336 tegulo
1585 3253 1652 3314 ²⁶.
1697 3250 1802 3317 De
1850 3252 2188 3317 sambucis.
2241 3250 2347 3316 De
2388 3273 2500 3316 ru-

253 3356 381 3420 bis.
428 3354 533 3419 De
564 3353 859 3419 arborum
893 3352 1083 3418 sucis.
1128 3336 1234 3417 De
1265 3351 1601 3417 arboribus
1643 3352 2008 3418 caedendis.
2044 3352 2149 3419 De
2189 3352 2412 3440 sapino
2429 3354 2499 3416 ²⁷.

254 3456 368 3521 De
412 3453 855 3540 magnitudine
899 3454 1218 3519 arborum.
1262 3451 1369 3518 De
1399 3463 1631 3519 natura
1673 3454 2085 3520 materiarum
2104 3456 2172 3518 ²⁸.
2216 3453 2500 3540 Igniaria

262 3659 347 3703 12.
370 3651 555 3716 figura
586 3657 795 3711 mutetur,
826 3650 964 3699 1³¹2
1039 3657 1115 3701 13.
1154 3668 1243 3715 quo
1275 3668 1508 3715 quaeque,
1534 3651 1597 3702 Τ.
1644 3669 1824 3717 quoque
1849 3668 1988 3716 quae,
2020 3652 2166 3701 Rad.
2241 3658 2319 3702 14.
2365 3649 2501 3708 Quae

254 3720 347 3771 ubi
390 3715 603 3781 (ubique,
628 3715 703 3779 R)
756 3734 847 3767 non
870 3718 1062 3780 serant,
1102 3719 1265 3768 R'rd.
1311 3719 1488 3770 omitt.
1522 3736 1568 3769 a.
1652 3726 1728 3770 15.
1774 3718 2014 3777 Quomodo
2028 3720 2219 3782 serant,
2256 3719 2419 3767 omitt.
2452 3735 2498 3768 a.

261 3793 343 3837 16.
374 3786 558 3850 solium
590 3792 832 3845 nascatur,
866 3785 969 3834 Ra.
990 3785 1130 3848 solia
1160 3796 1431 3847 nascantur,
1465 3788 1572 3836 Td.
1657 3791 1734 3838 17.
1771 3788 1966 3837 serotini
1975 3807 1993 3848 ,-
2036 3787 2093 3834 hi
2124 3801 2230 3834 non
2276 3801 2498 3836 comme-

255 3862 530 3904 morantur
556 3859 633 3913 16,
663 3857 791 3913 119„
814 3854 950 3901 unde
972 3854 1192 3916 suspicio
1217 3856 1279 3903 de
1301 3855 1487 3904 lacuna
1510 3856 1682 3904 oritur.
1757 3861 1834 3904 18.
1876 3850 2178 3919 Crataeymn‚
2211 3854 2316 3903 Rd.
2368 3852 2498 3903 G'ra-

255 3931 460 3981 taoeum,
484 3938 529 3970 a.
572 3920 840 3980 Gratecum,
866 3921 929 3969 Τ.
1022 3925 1098 3969 19.
1133 3931 1406 3982 nascantur,
1427 3923 1500 3970 ita
1530 3937 1626 3970 nos
1660 3922 1963 3983 scripsimus.
2001 3929 2268 3981 nascuntur,
2292 3922 2496 3971 RTad.

256 3995 343 4039 20.
383 3988 557 4052 ubique
595 3987 880 4053 generantis.
924 3986 1036 4048 Ubi,
1071 3988 1174 4036 Td.
1212 3998 1254 4037 et
1278 3989 1362 4037 ubi
1379 3996 1607 4052 qenerant
1630 3987 1718 4048 vel,
1741 3989 1804 4036 R.
1841 3997 1925 4037 aut
1945 3989 2014 4037 ibi
2030 3997 2315 4052 qenerantur
2337 3988 2426 4050 vel,
2452 4006 2497 4039 a.

257 4062 343 4106 21.
379 4064 659 4115 nascuntur,
684 4056 749 4103 R.
795 4061 876 4104 22.
911 4063 1032 4115 ante,
1058 4056 1160 4103 Ra.
1198 4064 1355 4114 antea,
1381 4055 1485 4103 Td.
1541 4061 1620 4104 23.
1653 4054 1947 4115 XXVIII,
1971 4071 2016 4104 a.
2052 4054 2309 4117 XXVII,
2333 4057 2496 4107 RTd.

257 4129 343 4173 24.
381 4122 465 4172 De
497 4122 636 4182 alno,
668 4122 832 4171 RTa.
877 4122 993 4173 Om.
1027 4124 1073 4171 d.
1146 4128 1226 4171 25.
1285 4120 1445 4182 VIII,
1477 4122 1580 4170 Ra.
1639 4120 1765 4182 VII,
1802 4123 1909 4170 Td.
1981 4128 2060 4172 26.
2106 4122 2283 4188 wydo,
2316 4124 2495 4174 Ta2d.

257 4189 450 4255 tegnlis,
485 4191 615 4239 Ra¹.
683 4193 763 4239 27.
798 4190 879 4239 De
901 4189 1086 4253 supino,
1110 4189 1215 4238 Td.
1250 4189 1396 4238 Pone
1418 4191 1694 4238 secundum
1717 4191 1858 4252 quod
1879 4191 2104 4253 sequitur
2124 4190 2312 4239 lemma
2333 4193 2497 4240 collo-

256 4264 383 4306 cant
425 4258 529 4308 Ra.
611 4262 692 4307 28.
738 4257 819 4307 De
849 4267 1032 4307 natura
1064 4257 1389 4317 materiarum
1423 4258 1528 4306 Td.
1575 4256 1741 4321 Supra
1773 4272 1907 4320 pone
1939 4257 2069 4308 sucis
2102 4257 2359 4309 collocant
2393 4261 2496 4308 Ra.

2365 4508 2442 4559 Ι

2603 4520 2680 4559 ’κ
