2961 4861
1157 320 1589 379 PRAEFATIO.
2417 316 2497 379 13

268 507 348 548 ex
389 483 511 548 illis
541 504 691 546 mox
724 482 912 553 velim
951 482 1237 570 intellegi
1264 483 1577 569 pingendi
1602 483 2020 571 fingendique
2045 483 2498 560 conditoribus,

268 572 427 675 qu⁹os
438 579 552 656 ...in
591 591 833 658 libellis
877 592 976 655 his
1029 591 1316 656 invenies
1371 592 1667 676 apsoluta
1719 614 1914 677 opera
1970 604 2035 657 et
2072 571 2194 659 illa
2247 614 2500 676 quoque

269 725 433 785 quae
485 701 774 765 mirando
825 722 955 764 non
1010 700 1313 764 satiamur
1354 700 1660 785 pendenti
1706 694 1888 766 titulo
1941 702 2365 788 inscripsisse,
2432 711 2504 765 ut

268 812 580 897 „Apelles
610 810 928 875 faciebat'’
976 820 1088 873 aut
1117 808 1599 893 „Polycletus,''
1648 819 1971 893 tamquam
1998 811 2295 875 inchoata
2334 832 2503 874 sem-

267 943 384 1007 per
412 932 549 984 arte
595 930 660 984 et
700 917 1075 1003 inperfecta,
1120 928 1195 981 ut
1226 927 1446 981 contra
1483 917 1863 983 iudiciorum
1893 919 2231 985 varietates
2277 941 2504 1004 super-

269 1040 439 1094 esset
481 1029 709 1142 afftifici
752 1049 1086 1114 regressus
1116 1026 1199 1089 ad
1228 1027 1502 1103 veniam,
1548 1026 1723 1092 velut
1752 1027 2163 1092 emendaturo
2194 1028 2508 1112 quidquid

268 1139 765 1214 desideraretur,
814 1136 868 1199 si
909 1157 1037 1198 non
1081 1147 1253 1200 esset
1290 1136 1708 1220 interceptus.
1758 1134 1975 1216 Quare
2017 1139 2278 1223 plenum
2321 1159 2507 1203 vere·
2534 1154 2597 1203 27

269 1246 541 1312 cundiae
585 1245 765 1323 illud,
823 1245 996 1328 quod
1035 1244 1247 1308 omnia
1286 1265 1484 1329 opera
1527 1254 1852 1328 tamquam
1891 1246 2236 1312 novissima
2276 1247 2507 1312 inscri-

267 1454 473 1514 tiquam
495 1452 650 1501 Plinii
674 1454 737 1501 ab
761 1460 966 1502 auctore
989 1452 1181 1500 incerto
1207 1448 1470 1514 scriptam)
1497 1452 1643 1514 loqui
1664 1453 1936 1514 voluisset,
1973 1454 2292 1503 scribendum
2324 1453 2429 1504 fere
2463 1455 2509 1503 ei

206 1526 211 1533 “
270 1528 406 1568 erat:
445 1519 817 1569 lucubrationem
841 1519 1082 1583 inscripsit
1103 1520 1264 1568 horum
1301 1517 1395 1580 (sc.
1431 1517 1881 1580 facetissimorum)
1927 1537 2046 1570 unus
2082 1531 2197 1585 puto
2244 1523 2358 1586 quia
2401 1523 2508 1583 rel„

272 1601 587 1648 quamquam
621 1596 672 1635 et
706 1587 777 1635 ita
799 1588 945 1636 locus
970 1586 1214 1648 explicari
1238 1593 1423 1648 potest,
1448 1595 1506 1635 ut
1530 1588 1595 1635 sit
1618 1602 1707 1649 per
1729 1587 2066 1636 inversionem
2089 1590 2245 1651 paulo
2271 1590 2509 1637 audacio-

269 1669 376 1703 rem
394 1655 609 1712 „dictum
644 1652 1007 1703 lucubrationem
1040 1653 1284 1716 inscripsit
1304 1653 1574 1702 Bibaculus
1602 1662 1714 1716 puto
1739 1654 1855 1716 quia
1877 1654 1994 1703 Bib.
2031 1665 2138 1703 erat
2159 1665 2202 1703 et
2233 1658 2509 1716 vocabatur,

270 1723 406 1770 unde
452 1721 552 1768 iam
594 1729 805 1782 apparet
843 1721 1121 1770 Weicherti
1161 1720 1515 1768 emendatione
1556 1734 1663 1767 non
1704 1734 1833 1781 opus
1875 1734 1998 1768 esse.
2034 1721 2379 1782 Agnoscimus
2407 1724 2511 1770 hoc

271 1790 391 1837 loco
417 1787 665 1849 frigidum
689 1795 739 1835 et
761 1788 826 1836 ab
850 1787 1102 1849 elegantia
1123 1787 1325 1835 iocandi
1349 1787 1713 1835 alienissimum
1736 1786 1892 1835 Plinii
1917 1787 2191 1848 ingenium.
2228 1789 2358 1838 Nam
2396 1804 2512 1838 cum

272 1857 360 1904 alii
385 1868 596 1916 quoque
620 1855 888 1932 scriptores
912 1853 1133 1903 Romani
1158 1867 1312 1914 opera
1335 1868 1427 1901 sua
1448 1853 1816 1915 inscripsissent
1838 1854 2214 1903 lucubrationes
2249 1853 2349 1916 (uti
2382 1856 2513 1905 Atta

273 1938 352 1985 ap.
401 1921 635 1972 Nonium
670 1937 709 1969 s.
745 1924 792 1968 v.
829 1916 1126 1982 auspicavi),
1160 1920 1302 1968 Furii
1336 1920 1740 1969 lucubrationem
1772 1921 1947 1970 laudat
1967 1922 2181 1981 Plinius,
2218 1923 2337 1985 quia
2360 1922 2512 1973 huius

274 2003 570 2052 cognomen
595 1988 639 2035 ei
660 1987 979 2036 occasionem
997 1988 1202 2049 praebet
1225 1988 1425 2036 iocandi
1451 1996 1502 2035 et
1521 1987 1686 2049 lepide
1706 1988 1897 2037 scilicet
1920 1989 2222 2050 explicandi,
2249 1993 2511 2052 quomodo

273 2058 464 2107 Furius
497 2057 563 2103 ad
596 2055 731 2102 hanc
763 2055 1144 2116 inscriptionem
1169 2055 1475 2116 pervenerit3
1500 2056 1814 2116 probabilem
1840 2056 1975 2103 enim
1998 2071 2202 2104 causam
2225 2055 2381 2106 fuisse
2406 2059 2512 2107 eius

276 2122 632 2182 bibacitatem,
668 2136 774 2169 non
810 2124 948 2183 quod
979 2121 1190 2170 Furium
1221 2134 1338 2170 vere
1359 2122 1591 2170 bibacem
1615 2129 1664 2170 et
1687 2123 1964 2171 heluonem
1986 2122 2142 2172 fuisse
2169 2124 2400 2184 sciamu3‚
2426 2126 2515 2174 sed

277 2206 419 2239 mera
447 2197 522 2238 est
544 2190 674 2237 haec
696 2189 852 2237 Plinii
887 2188 1192 2237 coniectura.
1243 2187 1441 2248 Quodsi
1465 2190 1601 2238 enim
1623 2189 1807 2238 Furius
1831 2190 1971 2238 aliud
1995 2205 2284 2252 cognomen
2307 2192 2513 2241 habuis·

279 2266 369 2318 set,
394 2257 764 2305 lucubrationis
788 2245 1047 2317 inscriptio
1072 2255 1160 2303 vix
1182 2256 1353 2305 Plinio
1378 2271 1499 2318 prae
1523 2257 1635 2305 aliis
1659 2257 1816 2306 allata
1837 2256 2030 2305 fuisset.
2065 2258 2221 2307 Ludit
2253 2273 2374 2308 vero
2407 2260 2514 2308 Pli-

278 2326 390 2373 nius
430 2325 485 2371 in
517 2338 644 2371 voce
678 2322 1010 2382 lucubratione,
1046 2337 1176 2384 quae
1211 2338 1329 2371 cum
1361 2323 1565 2385 proprie
1599 2324 1660 2372 de
1695 2337 1848 2386 opere
1873 2324 2047 2384 aliquo
2071 2331 2229 2372 noctu
2253 2326 2514 2375 elaborato

279 2393 492 2451 dicatur,
519 2389 775 2440 transferri
798 2389 951 2439 etiam
974 2391 1157 2454 potuit,
1181 2393 1243 2439 de
1269 2403 1371 2452 quo
1396 2396 1568 2439 tamen
1592 2391 1789 2439 dubitat
1807 2391 2030 2440 Bahrius
2054 2406 2104 2454 p.
2121 2396 2252 2452 526„
2287 2394 2352 2442 ad
2376 2406 2515 2442 com·

281 2460 576 2523 potationes
601 2459 654 2505 in
676 2459 892 2507 multam
913 2465 1118 2510 noctem
1141 2464 1342 2517 tractas,
1369 2470 1500 2518 quae
1524 2458 1825 2519 significatio
1845 2459 2188 2521 metonymica
2205 2460 2327 2508 alibi
2346 2467 2517 2509 tamen

278 2528 367 2575 vix
393 2526 548 2575 obvia
568 2526 795 2574 Plinium
817 2526 1048 2575 Bibaculi
1075 2524 1394 2586 cognominis
1419 2532 1602 2586 poetae
1618 2525 1761 2574 Furii
1784 2525 2189 2586 commonefecit,
2217 2541 2368 2588 quem
2387 2541 2517 2589 opus

279 2609 432 2643 suum
456 2592 860 2642 lucubrationem
882 2592 1193 2654 inscripsisse
1217 2591 1501 2653 suspicatur
1522 2607 1628 2640 non
1651 2607 1718 2641 ex
1752 2592 1937 2641 usitata
1967 2593 2108 2642 vocis
2133 2594 2517 2656 significatione,

281 2663 368 2710 sed
391 2676 463 2709 ex
486 2660 645 2708 altera
666 2660 771 2719 illa,
797 2661 862 2708 ad
886 2674 1039 2721 quam
1062 2666 1112 2707 et
1133 2659 1487 2707 inveniendam
1511 2667 1562 2708 et
1590 2659 1874 2721 eligendam
1906 2673 1999 2709 suo
2035 2662 2344 2724 cognomine
2371 2662 2516 2711 indu·

188 2743 193 2744 ⁷
282 2737 391 2777 ctus
415 2727 584 2777 fuerit.
621 2728 755 2776 Tum
774 2734 1139 2776 commemorat
1159 2726 1356 2776 Plinius
1372 2725 1673 2787 Varronem,
1694 2741 1844 2789 quem
1862 2742 1969 2776 non
1985 2728 2151 2777 minus
2167 2744 2321 2778 mlras
2342 2729 2517 2778 inscri-

282 2796 488 2858 ptiones
522 2795 626 2844 suis
660 2795 799 2843 libris
835 2794 1136 2856 imposuisse
1162 2793 1329 2842 refert.
1364 2793 1505 2842 Dicit
1527 2802 1698 2843 autem
1720 2795 2006 2844 Varronem
2027 2796 2141 2844 illas
2164 2794 2519 2858 inscriptiones

283 2864 442 2925 paulo
467 2862 633 2910 minus
658 2862 954 2922 asseruisse3
980 2868 1030 2910 et
1053 2876 1170 2910 cum
1183 2860 1334 2925 paulo
1368 2862 1520 2910 minus
1553 2869 1753 2911 constet
1785 2862 1919 2911 idem
1950 2876 2060 2911 esse
2084 2864 2224 2924 quod
2246 2877 2518 2925 propemo-

285 2933 410 2978 dum
451 2927 573 2991 (vid.
609 2934 658 2988 2,
685 2935 765 2978 ss.
793 2931 908 2978 247.
936 2934 983 2989 3,
1019 2934 1100 2977 44.
1129 2935 1174 2990 5,
1200 2935 1246 2977 4.
1274 2935 1320 2988 s,
1350 2934 1462 2978 139.
1492 2934 1603 2978 144.
1630 2934 1747 2978 210.
1788 2934 1866 2987 11,
1897 2931 2009 2977 171.
2040 2934 2118 2988 13,
2145 2935 2227 2978 92.
2264 2930 2384 2978 0011.
2421 2929 2518 2979 Ca-

284 2998 427 3045 saub.
454 2998 519 3044 ad
541 2995 680 3046 Suet.
706 2996 820 3045 Tib.
836 2991 944 3056 26.)
987 3013 1202 3045 asserere
1225 3003 1396 3044 autem
1418 2996 1451 3043 i.
1479 3010 1529 3056 q.
1551 2996 1806 3044 vindicare
1830 2992 1998 3054 (Cort.
2018 2996 2083 3042 ad
2099 2995 2292 3044 Lucan.
2319 3001 2367 3055 4,
2394 2992 2520 3056 56),

283 3064 485 3112 Plinius
507 3059 730 3112 Varroni
751 3064 886 3112 hanc
908 3032 1108 3111 laidem
1135 3063 1324 3122 tribuit,
1351 3076 1468 3109 eum
1490 3062 1865 3124 propemodum
1888 3060 2131 3120 effecisse,
2155 3067 2214 3108 ut
2235 3061 2520 3124 inscriptio-

285 3145 377 3179 nes
420 3130 711 3180 Sesculixes
753 3138 805 3179 et
842 3129 1152 3179 Flextabula
1191 3130 1468 3190 probentur
1509 3135 1561 3175 et
1601 3128 1852 3189 placeant.
1899 3127 2001 3175 Res
2044 3134 2151 3175 erat
2188 3126 2384 3179 lubrica
2415 3135 2523 3178 tam

285 3213 448 3247 novas
474 3205 524 3246 et
546 3198 798 3247 inauditas
822 3198 963 3246 libris
988 3197 1091 3245 suis
1114 3195 1467 3257 inscriptiones
1491 3193 1780 3256 imponere3
1806 3193 1894 3241 sed
1914 3192 2081 3241 Varro
2106 3208 2167 3242 ea
2188 3194 2385 3244 ratione
2422 3211 2523 3258 qua

287 3266 340 3313 in
365 3265 529 3313 satiris
553 3266 658 3314 suis
682 3266 797 3313 illas
816 3264 1040 3313 defendit
1059 3269 1110 3311 et
1125 3263 1487 3324 interpretatus
1511 3268 1601 3321 est,
1628 3260 1670 3309 si
1694 3273 1801 3307 non
1824 3273 2047 3321 prorsus,
2072 3268 2125 3309 at
2141 3275 2329 3323 magna
2351 3269 2523 3315 tamen

288 3347 356 3381 ex
379 3339 521 3393 parte
544 3347 628 3381 eas
651 3332 923 3380 vindicavit
947 3339 998 3379 et
1021 3331 1085 3379 ab
1112 3330 1511 3377 obtrectatorum
1532 3327 1902 3389 vituperatione
1926 3326 2163 3377 defendit.

358 3396 388 3455 ἓ
415 3403 496 3446 25.
534 3398 851 3458 bibliotheces,
883 3399 1139 3447 Barbarus
1174 3397 1267 3445 bd.
1304 3395 1614 3456 bibliothecis,
1650 3386 1744 3443 ΔΡ
1779 3390 2059 3455 (Murbac.)
2079 3434 2129 3443 ...
2151 3395 2361 3460 quidem,
2395 3397 2520 3447 Bar-

288 3467 444 3513 barus
480 3466 528 3512 d.
564 3464 774 3528 quidam,
807 3458 962 3515 bAP.
979 3504 1034 3512 -
1063 3462 1266 3523 Caesar,
1314 3463 1506 3512 omittit
1539 3455 1595 3511 Δ.
1615 3501 1665 3509 ..
1689 3463 1923 3525 quoniam,
1958 3462 2186 3512 Murbac.
2204 3465 2506 3528 -propriae

288 3532 581 3582 Durandus.
598 3563 607 3569 ,
611 3548 752 3594 prae,
786 3534 819 3580 d
854 3527 1133 3593 (Murbac.)
1162 3548 1277 3595 pre,
1313 3531 1374 3580 Τ.
1403 3530 1649 3594 publicae,
1674 3522 1923 3592 bAPssr.
1958 3529 2092 3579 Vide
2115 3529 2341 3582 Gellium
2367 3537 2413 3592 5,
2441 3536 2504 3581 14

292 3637 349 3645 -
404 3615 507 3646 osse
546 3613 592 3646 2.
2477 3633 2485 3643 .

359 3615 403 3724 ξ
417 3634 622 3715 26.'Me
639 3681 744 3725 non,
763 3666 834 3714 ab
846 3658 996 3714 dAP.
1021 3664 1133 3715 Non
1153 3682 1239 3726 me,
1261 3665 1440 3714 Ambr.
1451 3666 1495 3715 1.
1507 3665 1576 3714 Π.
1611 3663 1699 3717 Me
1721 3681 1832 3713 vero
1858 3681 1964 3725 non,
1988 3664 2244 3713 Vallicell.
2265 3702 2318 3711 .-
2336 3663 2523 3725 nullum,

290 3733 419 3782 de
441 3730 644 3793 (Ambr.
664 3728 734 3792 Ι.)
752 3731 908 3793 ullum,
928 3725 1066 3782 aTA
1085 3731 1286 3794 (Ambr.
1305 3729 1402 3794 Π.)
1420 3732 1686 3792 -imitari,
1705 3732 1808 3781 Td.
1823 3771 1880 3779 .-
1898 3749 2020 3792 mox,
2049 3723 2326 3782 adeAP
2357 3728 2521 3794 (Mur-

289 3796 429 3860 bac.)
441 3817 538 3860 nos,
549 3796 650 3862 βγ.
668 3838 725 3846 -
743 3800 831 3861 vel,
848 3816 888 3849 r.
906 3839 960 3848 .-
1012 3799 1529 3866 inqendifinqendique,
1543 3799 1799 3859 Gelenius,
1809 3798 2057 3848 incertum
2077 3814 2143 3848 an
2161 3813 2189 3847 e
2207 3799 2353 3847 codd.
2367 3800 2522 3864 pinyi-

295 3883 400 3928 que,
425 3869 498 3916 ab
509 3859 648 3917 dTA
657 3867 701 3915 P
725 3817 1247 3932 (Murbacgfinyique,
1271 3869 1449 3917 Ambr.
1473 3869 1517 3917 I.
1542 3868 1611 3916 II.
1647 3866 1853 3928 Ugolet.
1877 3867 2072 3914 Iovian.
2100 3860 2345 3925 εἰκόνων,
2383 3867 2520 3917 Rhe-

292 3949 471 3983 nanus,
490 3976 545 3984 .-
565 3935 887 3994 creditoribus,
910 3936 970 3984 Ρ.
998 3936 1278 3994 auctoribus,
1301 3936 1596 3984 Rhenanus.
1613 3972 1671 3981 -.
1687 3933 1774 3992 his,
1799 3934 1934 3981 abd.
1960 3934 2049 3994 hic,
2073 3935 2132 3983 Ρ.
2160 3933 2363 3983 Omittit
2386 3928 2443 3983 Δ.
2459 3954 2517 3982 -’

293 4001 1062 4128 ...Μ
1081 3995 1403 4134 >aa
1429 4008 1827 4117 Μ...
1930 4040 1984 4048 -
2001 4001 2222 4131 ra...-
2239 3999 2520 4132 Μ

299 4134 425 4197 quid,
449 4152 493 4185 a.
514 4174 566 4183 -
588 4137 956 4197 desideraretur,
981 4138 1013 4185 b
1026 4137 1109 4186 <112
1122 4129 1292 4185 ΛΤΚ.
1321 4105 1626 4195 desiderem,
1651 4151 1683 4183 a
1706 4103 1984 4196 (Mai-bae.)
2007 4131 2067 4196 β.
2212 4104 2225 4128 ’

365 4200 393 4260 ἓ
420 4206 499 4252 27.
535 4203 668 4263 illud,
692 4205 895 4254 bdRT.
920 4204 988 4263 id,
1011 4205 1071 4253 P.
1099 4203 1220 4252 illud
1241 4213 1322 4262 est,
1347 4195 1388 4248 Δ
1396 4198 1439 4263 β
1446 4216 1496 4265 r.
1533 4203 1593 4252 In
1630 4219 1662 4251 a
1683 4203 1879 4251 lacuna.
1901 4242 1949 4251 ...
1973 4202 2111 4266 quod,
2145 4196 2335 4253 APR².
2361 4219 2517 4266 quam,

299 4269 452 4318 R¹bd
479 4267 757 4333 (Murbac.)
783 4270 986 4321 Omittit
1008 4272 1070 4320 T.
1107 4271 1170 4321 In
1193 4287 1224 4320 a
1247 4271 1444 4319 lacuna.

2507 3500 2522 3525 9

2508 3567 2520 3580 ο
