2961 4861
958 321 1099 367 LIB.
1132 322 1205 376 11.
1264 321 1420 367 oAP.
1452 322 1621 367 va.
1681 320 1875 368 snc'r.
1906 324 1969 366 65.
2464 308 2582 369 167

353 483 427 538 et
482 470 919 557 dependentes
974 469 1212 553 ubique
1266 481 1491 559 guttae
1545 471 1760 556 parvis
1810 469 2154 556 globantur
2207 473 2466 540 orbibus
2522 488 2585 537 et

350 572 603 657 pulveri
656 570 889 636 inlatae
943 570 1394 653 frondiumque
1447 570 1734 658 lanugini
1786 570 2102 655 inpositae
2146 574 2436 656 apsoluta
2478 595 2582 637 ro-

355 673 670 744 tunditate
728 682 1107 749 cernuntur,
1171 682 1235 734 et
1283 672 1349 736 in
1405 671 1648 755 poculis
1702 669 1967 756 repletis
2023 670 2235 735 media
2290 695 2584 737 maxume

353 782 621 849 tument,
667 794 833 855 quae
875 782 1139 855 propter
1184 771 1597 856 suptilitatem
1642 771 1881 836 umoris
1925 770 2381 855 mollitiamque
2420 772 2488 835 in
2519 796 2585 837 se

347 873 740 948 residentem
768 872 1012 946 ratione
1042 871 1294 936 facilius
1324 893 1519 954 quam
1558 872 1701 944 visu
1737 871 2318 955 deprehenduntur.
2380 872 2585 957 quue

350 974 550 1046 etiam
590 973 801 1058 magis
844 973 1098 1050 mirum,
1143 971 1211 1034 in
1238 971 1485 1056 poculis
1515 971 1779 1056 repletis
1807 971 2026 1036 addito
2054 994 2274 1038 umore
2303 972 2586 1038 minumo

343 1072 791 1150 circumfluere
838 1072 1011 1155 quod
1055 1071 1352 1156 supersit,
1402 1082 1624 1148 contra
1668 1072 1922 1146 evenire
1964 1072 2357 1156 ponderibus
2400 1073 2582 1140 addi-

349 1174 436 1237 tis
493 1174 577 1244 ad
632 1173 891 1248 vicenos
951 1194 1141 1257 saepe
1196 1172 1526 1249 denarios,
1599 1172 1841 1245 scilicet
1897 1173 2048 1256 quia
2102 1174 2274 1238 intus
2327 1185 2588 1259 recepta

283 1351 286 1352 ⁷
344 1276 664 1357 liquorem
720 1274 790 1346 in
842 1273 1147 1346 verticem
1196 1274 1523 1351 attollant,
1586 1284 1653 1340 at
1705 1274 1960 1348 cumulo
2019 1274 2317 1338 eminenti
2374 1274 2587 1340 infusa

346 1376 731 1448 dilabantur.
790 1373 1034 1448 Eadem
1081 1385 1177 1438 est
1220 1396 1435 1451 causa,
1483 1385 1746 1466 propter
1790 1396 1983 1459 quam
2026 1396 2061 1439 e
2105 1363 2374 1440 navibus
2420 1387 2587 1438 terra
2618 1393 2713 1437 164

345 1497 482 1542 non
524 1485 816 1544 cernatur
860 1495 896 1538 e
939 1474 1199 1546 navium
1240 1473 1425 1542 malis
1469 1474 1846 1557 conspicua,
1893 1497 1969 1539 ac
1995 1476 2217 1560 procul
2245 1475 2584 1540 recedente

345 1576 646 1663 navigio,
706 1575 759 1642 si
813 1574 972 1658 quid
1025 1574 1199 1658 quod
1253 1574 1502 1660 fulgeat
1555 1574 1865 1661 religetur
1912 1576 1979 1640 in
2035 1575 2185 1639 mali
2231 1575 2583 1651 cacumine,

346 1676 660 1761 paulatim
700 1675 1089 1744 descendere
1135 1674 1427 1746 videatur
1472 1685 1539 1738 et
1581 1683 1901 1756 postremo
1944 1676 2317 1739 occultetur.
2377 1673 2584 1737 Deni-

346 1798 478 1859 que
530 1796 840 1850 oeeanus,
909 1795 1100 1857 quem
1156 1774 1430 1840 fatemur
1488 1772 1815 1850 ultimum,
1872 1795 2149 1855 quanam
2203 1772 2329 1836 alia
2380 1772 2586 1858 figura

348 1876 721 1949 cohaereret
777 1883 971 1955 atque
1023 1895 1149 1942 non
1210 1872 1535 1942 decideret
1591 1874 1763 1937 nullo
1817 1871 1986 1936 ultra
2038 1872 2324 1957 margine
2378 1871 2583 1936 inclu-

347 1976 589 2046 dente?
634 1974 712 2048 Id
740 1973 951 2057 ipsum
991 1973 1075 2046 ad
1114 1972 1488 2052 miraculum
1529 1973 1716 2049 redit,
1763 1994 2038 2055 quonam
2080 1971 2292 2049 modo,
2337 1971 2585 2046 etiamsi

346 2074 669 2160 globetur,
716 2082 1076 2136 extremum
1118 2093 1245 2134 non
1289 2070 1544 2135 decidat
1588 2093 1781 2135 mare.
1851 2069 2092 2136 Contra
2122 2071 2314 2153 quod,
2358 2081 2432 2137 ut
2460 2070 2586 2138 sint

347 2176 541 2259 plana
582 2173 830 2249 maria,
879 2183 944 2235 et
998 2193 1126 2253 qua
1167 2170 1465 2236 videntur
1507 2171 1718 2257 figura
1759 2192 1886 2238 non
1927 2192 2118 2256 posse
2161 2171 2229 2233 id
2271 2171 2584 2249 accidere,

345 2296 583 2359 magno
638 2293 757 2349 suo
809 2271 1048 2358 gaudio
1088 2293 1451 2356 magnaque
1496 2272 1699 2358 gloria
1740 2273 2104 2346 inventores
2151 2269 2385 2336 Graeci
2431 2294 2584 2355 sup-

350 2374 576 2447 tilitate
618 2372 1009 2461 geometrica
1052 2371 1303 2447 docent.
1370 2370 1666 2456 Namque
1723 2394 1869 2437 cum
1923 2394 1960 2437 e
2013 2370 2268 2443 sublimi
2309 2372 2376 2435 in
2420 2371 2585 2447 infe·
2619 2388 2710 2433 165

349 2476 521 2547 riora
560 2496 763 2558 aquae
809 2474 1097 2540 ferantur
1142 2485 1205 2537 et
1260 2473 1345 2535 sit
1386 2473 1547 2537 haec
1591 2484 1818 2536 natura
1861 2493 2079 2537 earum
2125 2471 2427 2536 confessa
2468 2494 2587 2537 nec

352 2576 692 2658 qnisquam
719 2574 974 2649 dubitet
1002 2574 1067 2638 in
1096 2574 1278 2639 litore
1313 2573 1442 2637 ullo
1487 2573 1838 2641 accessisse
1882 2596 2032 2656 eas„
2063 2595 2190 2655 quo
2216 2572 2586 2659 longissime

354 2675 682 2757 devexitas
725 2680 919 2759 passa
962 2673 1079 2750 sit,
1124 2674 1350 2758 procul
1393 2673 1589 2743 dubio
1633 2673 1961 2758 adparere,
2008 2696 2134 2757 quo
2178 2673 2333 2757 quid
2375 2674 2585 2749 humi-

351 2774 475 2843 iius
509 2775 634 2852 sit,
678 2774 954 2860 propius
1007 2796 1048 2836 a
1101 2783 1321 2847 centro
1366 2794 1510 2838 esse
1555 2783 1761 2842 terrae
1804 2773 2139 2856 omnisque
2181 2773 2366 2843 linias
2420 2794 2587 2858 quae

353 2976 505 3038 bert.)
548 3015 602 3023 ..
642 2966 878 3037 coactam,⁴
904 2980 952 3027 Β
991 2975 1070 3038 (in
1108 2976 1322 3038 rasura.)
1365 3018 1416 3026 -
1459 2994 1565 3038 non,
1608 2993 1709 3026 om.
1751 2978 1959 3026 Robert.
2001 3017 2061 3023 -
2100 2976 2253 3037 aliud,
2296 2992 2396 3026 om.
2423 2977 2485 3037 Τ.
2526 3017 2587 3026 .-

354 3053 541 3104 nature,
565 3046 626 3095 R.
663 3053 883 3105 naturae,
907 3046 1115 3094 Robert.
1156 3085 1218 3103 -÷-
1255 3045 1557 3106 manifestius
1581 3051 1792 3106 aspectu,
1815 3045 1863 3091 d.
1892 3081 1954 3090 ...
1982 3039 2223 3103 Namque,
2246 3045 2401 3092 R²a².
2438 3039 2589 3103 Nam,

353 3113 402 3169 B
423 3113 478 3160 ¹a
499 3112 570 3160 ¹d.
610 3150 673 3160 -.
708 3109 870 3172 inlate,
896 3112 957 3160 R..
999 3152 1061 3160 -.
1098 3111 1331 3171 absolute,
1354 3112 1444 3159 R'.
1486 3148 1547 3157 -.
1584 3109 1797 3163 maxima
1827 3116 1872 3156 et
1902 3115 2067 3167 ument,
2100 3108 2162 3161 Β.
2203 3146 2265 3156 ....
2303 3107 2590 3171 molitiaque,

353 3191 401 3225 σ.
439 3177 803 3241 molestiamque,
829 3177 926 3228 R2.
954 3217 1017 3226 -.
1054 3176 1350 3236 residentem,
1375 3178 1464 3224 ad.
1503 3171 1762 3232 residente,
1795 3174 1963 3229 RST.
2013 3213 2073 3220 —
2103 3174 2330 3236 facilior,
2382 3175 2470 3224 R'.
2528 3214 2588 3223 .-

354 3245 561 3308 repletis‚
587 3261 687 3294 om.
714 3246 775 3294 Τ.
814 3285 877 3293 -.
915 3245 1148 3301 humorem
1171 3243 1323 3301 immo,
1348 3243 1411 3291 Β.
1450 3281 1514 3289 -.
1553 3240 1794 3299 denarios,
1820 3241 1909 3289 R2.
1949 3278 2011 3287 .-.
2047 3250 2251 3305 recepta,
2285 3242 2372 3292 13².
2419 3251 2589 3305 recept,

353 3313 402 3360 Β
420 3313 451 3358 ¹.
499 3320 748 3373 receptum,
780 3313 854 3359 ad
901 3308 980 3370 (in
1011 3306 1225 3369 rasura.)
1269 3308 1404 3358 Huic
1436 3307 1552 3369 voci
1585 3306 1724 3356 addit
1754 3307 1829 3357 Βῖ-
1869 3321 2016 3369 saepe
2056 3309 2190 3368 male
2222 3309 2493 3371 repetitum
2525 3323 2590 3369 ex

354 3378 626 3438 superiore.
683 3417 742 3423 —
804 3373 1057 3435 adtollunt,
1081 3377 1142 3429 Β.
1212 3414 1264 3422 ..
1326 3384 1392 3436 at,
1415 3375 1505 3431 ¹ad.
1550 3373 1634 3434 ad,
1659 3374 1721 3422 Β.
1759 3391 1834 3435 ac,
1871 3374 1932 3424 Τ.
1974 3414 2035 3422 -
2071 3375 2305 3437 eminenti,
2339 3377 2427 3435 ΒΞ.
2473 3374 2586 3424 emi-

355 3451 505 3555 neate,
529 3436 803 3504 R'adssr.
844 3482 905 3489 .-
940 3442 1120 3505 irffusa,
1146 3443 1342 3491 R‘2ad2.
1381 3440 1571 3504 iqfura,
1595 3441 1691 3491 13¹.
1734 3440 1892 3503 iufra,
1926 3440 2075 3493 TKd
2096 3443 2125 3490 ¹.
2173 3482 2235 3491 ..-
2283 3441 2588 3501 delabantur,

354 3509 406 3558 R
472 3511 562 3557 ad.

425 3573 453 3633 ὅ
494 3579 604 3623 164.
647 3581 732 3632 est,
767 3587 866 3622 om.
900 3575 989 3627 R'.
1039 3614 1100 3622 ...
1148 3575 1358 3636 vanium,
1391 3577 1488 3626 R'.
1540 3615 1601 3623 ...
1644 3575 1985 3638 conspiciatur,
2018 3578 2106 3627 R2.
2144 3616 2207 3625 ...
2247 3575 2517 3634 recedente,
2541 3577 2589 3623 d·

352 3641 653 3705 procedente,
684 3641 813 3688 R2a.
852 3641 1172 3703 protendente,
1203 3642 1252 3690 Β
1272 3643 1301 3690 ¹.
1349 3682 1412 3691 ..
1462 3641 1716 3707 refulqeat,
1747 3643 1811 3691 T.
1850 3682 1912 3690 -.
1950 3642 2000 3690 in
2025 3641 2144 3691 mali
2162 3659 2238 3703 ca,
2265 3657 2366 3690 om.
2390 3643 2441 3690 Β
2460 3643 2489 3688 ¹.
2530 3679 2591 3689 ...

357 3706 647 3766 distendere,
681 3707 770 3755 R1.
822 3746 882 3754 ..-
931 3716 974 3755 et
999 3717 1250 3770 postrenw,
1285 3723 1385 3769 om.
1420 3709 1482 3758 Τ.
1531 3749 1594 3758 ...
1641 3708 1915 3768 occultetur,
1950 3710 2152 3757 R2a2d.
2190 3705 2470 3770 excultetur,
2493 3707 2543 3765 Β
2562 3709 2591 3753 ¹.

357 3772 624 3834 exulcetur,
650 3774 720 3833 a,¹.
748 3772 861 3825 Om.
886 3773 948 3822 Τ.
986 3813 1049 3822 -.
1072 3775 1307 3836 fetemus,
1327 3777 1415 3833 Βῑ.
1456 3816 1517 3824 -
1556 3792 1784 3838 quanam,
1809 3775 1996 3825 Sabell.
2021 3776 2071 3823 R
2094 3773 2172 3835 (in
2197 3769 2460 3834 cormaci.
2496 3789 2594 3836 qua

358 3858 462 3901 non,
502 3854 550 3890 σ.
590 3879 650 3888 .-
686 3837 889 3901 calleret,
929 3842 1025 3891 Ru
1065 3881 1126 3888 -
1164 3839 1359 3901 diceret,
1401 3845 1470 3899 α’.
1511 3882 1572 3891 -.
1608 3843 1752 3903 ultra,
1791 3843 1950 3891 R2a2.
2004 3840 2150 3901 intra,
2173 3840 2393 3891 R¹a¹d.
2431 3879 2493 3888 ...
2529 3837 2597 3893 Id

362 3908 532 3969 ipsum,
574 3907 736 3956 R'rd.
793 3904 962 3969 Ipsum
1003 3906 1069 3967 id,
1110 3902 1271 3971 εἳβγ.
1325 3908 1514 3970 Ipsum,
1547 3909 1619 3956 a¹.
1657 3907 1723 3956 In
1745 3907 1799 3956 id
1820 3907 1986 3969 ipsum,
2018 3899 2074 3952 θ.
2117 3944 2169 3953 ..-
2214 3905 2286 3954 ad
2307 3904 2594 3965 miraculum

361 3973 501 4034 redit,
525 3974 695 4033 mad.
732 3970 917 4035 nullum
940 3973 1011 4026 ad
1032 3973 1311 4031 miraculum
1335 3974 1480 4034 redit,
1504 3973 1603 4022 R2.
1637 3973 1752 4031 Om.
1778 3973 1840 4027 T.
1879 4011 1941 4020 ..
1971 3971 2134 4034 plena,
2159 3987 2260 4021 om.
2285 3974 2356 4020 a‘.

423 4039 456 4099 ᾗ
486 4046 596 4100 1,,65.
643 4057 691 4099 ¹e,
734 4040 905 4099 R²ad.
962 4049 1045 4100 est,
1087 4041 1178 4089 Βῑ.
1218 4080 1278 4090 ...
1318 4040 1573 4101 inferiora,
1616 4040 1664 4099 R
1705 4035 1765 4099 (a
1806 4053 1872 4086 cx
1904 4034 2060 4098 corr.)
2099 4077 2161 4088 ....
2196 4040 2259 4088 sit
2281 4039 2356 4089 hic
2382 4047 2593 4090 naturae

362 4121 530 4165 earum
568 4123 839 4166 consen-suc,
879 4123 918 4157 r.
959 4146 1020 4156 ...
1058 4106 1154 4168 illo,
1196 4109 1228 4156 d
1268 4105 1318 4167 (i
1356 4107 1409 4156 in
1447 4101 1666 4167 rasura.)
1702 4106 1752 4155 in
1778 4103 1892 4153 litus
1925 4102 2073 4154 ullum
2096 4106 2361 4161 accessisse
2386 4121 2474 4156 eas
2500 4108 2598 4157 nisi

366 4188 459 4235 quo
495 4172 791 4235 *lonyissimm
831 4174 896 4229 K.
935 4214 996 4223 ...
1036 4189 1062 4220 e
1104 4191 1213 4234 quo,
1255 4174 1344 4222 R'.
1386 4212 1447 4220 ...
1487 4171 1784 4236 ῑοηςίεείηιο,
1828 4187 1871 4220 a.
1913 4212 1973 4219 ..
2012 4171 2282 4237 apparebit,
2316 4175 2403 4225 ΒΖ.
2446 4214 2506 4223 ....
2543 4190 2592 4233 a,

365 4241 563 4299 RTad.
590 4240 766 4291 Omitt.
792 4241 995 4293 Barbar.
1019 4235 1121 4303 βγ.
