2961 4861
1172 370 1555 415 PRAEFATIO.
2406 375 2492 419 Lv

234 523 480 584 Plinius
528 522 880 593 elaboravit,
939 542 1011 582 en
1060 522 1166 587 tibi
1213 523 1449 582 libellos
1465 565 1485 594 ,
1545 541 1796 598 quorum
1851 532 2274 601 praesentanea
2323 527 2492 604 copia

234 634 357 693 fuit
369 633 433 704 ;”
475 634 687 691 docent
724 632 910 707 aliqui
946 638 1282 693 nostrorum
1312 633 1600 704 codicum,
1641 651 1675 690 e
1712 632 1924 708 quibus
1951 633 2180 694 Ianus
2208 634 2491 695 observa-

237 742 335 801 vit
383 741 513 799 aliis
559 741 620 800 in
674 740 839 799 libris
886 741 1280 801 Parisiensem
1328 741 1368 805 d
1415 742 1660 818 propius
1707 739 2161 801 Riccardianum
2216 744 2495 803 accedere

237 868 428 926 quam
452 850 516 908 in
542 849 694 922 aliis,
730 847 1091 909 Vossianum
1128 867 1364 927 quoque
1399 851 1575 909 modo
1602 850 1759 923 huic,
1788 850 1964 909 modo
1990 851 2164 909 alteri
2189 849 2495 911 Parisien-

238 960 398 1019 sium
436 959 774 1018 similiorem
811 976 968 1030 esse;
1009 960 1139 1036 ipse
1178 977 1291 1034 ego
1329 977 1509 1035 supra
1550 959 1775 1018 ostendi
1810 960 1873 1018 in
1912 959 2206 1018 codicibus
2231 957 2336 1018 Bd
2362 960 2499 1019 libri

239 1069 498 1127 extremi
530 1069 713 1126 alium
753 1068 977 1127 fontem
1021 1086 1154 1127 esse
1181 1085 1360 1143 quam
1385 1068 1446 1125 in
1472 1068 1718 1142 reliquis
1747 1069 2037 1128 omnibus.
2095 1067 2312 1128 Altera
2339 1068 2496 1128 diffi-

240 1177 460 1247 cultas,
499 1177 698 1252 priore
724 1177 778 1234 si
802 1194 922 1235 non
961 1177 1169 1249 maior,
1211 1186 1274 1235 at
1301 1184 1457 1236 certe
1500 1195 1621 1235 non
1646 1177 1860 1249 minor,
1891 1195 1962 1234 ea
1987 1185 2100 1249 est,
2134 1178 2292 1252 quod
2319 1197 2497 1254 prae-

238 1285 596 1344 stantissimi
640 1285 867 1344 codices
916 1285 1311 1361 familiamque
1359 1285 1640 1345 ducentes
1657 1326 1674 1357 ‚
1728 1287 1934 1360 quales
1983 1293 2122 1344 sunt
2168 1284 2298 1345 VR
2309 1327 2329 1358 ,
2380 1305 2500 1345 non

236 1395 589 1466 incolumes,
617 1395 723 1452 sed
750 1412 967 1470 magna
993 1396 1089 1455 sui
1115 1403 1284 1473 parte
1312 1395 1534 1454 omissa
1561 1401 1814 1453 aetatem
1841 1395 2132 1467 tulerunt,
2175 1395 2337 1471 quod
2362 1403 2500 1454 ante

239 1505 466 1577 omnia,
509 1511 579 1561 ut
613 1521 787 1563 nemo
825 1523 945 1562 non
981 1504 1277 1581 intelligit,
1316 1505 1390 1564 de
1430 1504 1628 1563 codice
1652 1502 1708 1562 B
1745 1504 1928 1563 valet.
1982 1502 2124 1563 Huc
2160 1505 2385 1564 accedit
2410 1505 2500 1562 in-

240 1613 429 1691 signis
466 1612 803 1685 auctoritas,
844 1630 963 1688 qua
998 1633 1149 1689 opus
1190 1612 1531 1671 Plinianum
1579 1632 1686 1690 per
1733 1620 1926 1672 totum
1976 1631 2191 1672 aevum
2238 1614 2500 1673 medium

239 1723 572 1794 fruebatur,
601 1740 753 1798 quae
779 1722 869 1780 uti
895 1722 1059 1780 utilis
1085 1721 1200 1779 fuit
1225 1728 1316 1779 tot
1341 1721 1698 1796 apographis
1726 1721 2127 1796 procreandis,
2167 1723 2250 1779 ita
2278 1730 2502 1796 pestem

240 1839 659 1908 corruptarum
683 1830 1007 1890 lectionum
1029 1830 1096 1887 in
1121 1830 1416 1888 infinitum
1443 1830 1591 1886 adeo
1618 1828 1808 1899 auxit,
1848 1834 1917 1886 ut
1953 1830 2131 1887 etiam
2170 1829 2373 1906 optimi
2408 1848 2504 1888 co-

240 1941 407 2000 dices
436 1939 709 2017 pessimis
745 1938 1096 1998 lectionibus
1132 1937 1530 1996 foedarentur.
1582 1937 1827 1996 Inscitia
1863 1938 2240 1997 librariorum
2282 1939 2503 1998 latissi-

239 2067 410 2108 mum
448 2047 545 2107 hic
585 2048 843 2124 spatium
881 2046 1115 2105 errandi
1154 2046 1391 2118 habuit,
1443 2053 1505 2127 et
1542 2046 1606 2104 in
1646 2046 1843 2104 codice
1879 2056 2139 2106 ceterum
2176 2049 2408 2124 egregio
2453 2049 2506 2108 si

242 2158 431 2218 semel
456 2157 655 2232 aliqua
680 2175 803 2216 vox
828 2164 960 2215 erat
984 2164 1281 2233 corrupta,
1312 2156 1440 2214 fieri
1467 2174 1589 2215 non
1615 2155 1826 2231 potuit,
1851 2154 1993 2228 quin
2020 2175 2127 2231 per
2156 2158 2344 2216 multa
2369 2158 2506 2216 inde

242 2274 488 2344 sumpta
513 2271 574 2324 et
598 2283 706 2342 per
733 2267 930 2325 varios
957 2267 1177 2344 gradus
1205 2271 1533 2342 propagata
1559 2264 1903 2341 apographa
1941 2264 2133 2323 malae
2175 2268 2501 2343 scripturae

241 2374 571 2437 laetissime
617 2384 1045 2453 proserperent.
1117 2374 1336 2434 Paucis
1384 2375 1444 2433 id
1495 2375 1776 2451 exemplis
1827 2374 2237 2435 demonstrabo
2251 2417 2272 2450 ,
2327 2376 2506 2435 simul

241 2485 592 2545 docentibus
632 2485 863 2544 nullum
906 2485 1165 2544 codicem
1192 2490 1426 2561 praeter
1452 2483 1527 2555 B,
1567 2492 1627 2543 et
1666 2502 1743 2541 ne
1782 2485 1939 2542 hunc
1968 2485 2205 2558 quidem
2232 2486 2504 2545 omnibus

242 2594 305 2653 in
330 2595 538 2665 rebus,
582 2611 785 2670 presse
814 2595 1172 2668 sequendum
1203 2611 1333 2652 esse
1348 2635 1365 2666 ,
1406 2596 1593 2653 bonas
1636 2593 1955 2669 scripturas
1984 2595 2160 2652 modo
2195 2594 2258 2652 in
2295 2595 2504 2654 melio·

242 2703 440 2775 ribus,
476 2703 653 2761 modo
678 2702 741 2761 in
768 2702 1153 2762 deterioribus
1188 2701 1461 2772 inveniri,
1506 2701 1688 2760 codici
1712 2701 1765 2762 B
1794 2704 1969 2762 modo
1999 2704 2288 2778 meliores,
2329 2706 2505 2764 modo
2597 2777 2602 2780 .

244 2811 563 2871 deteriores
611 2811 915 2884 accedere,
961 2811 1299 2888 saepissime
1337 2829 1407 2870 eo
1446 2809 1753 2886 vulgatam
1793 2813 2145 2889 scripturam
2185 2808 2220 2893 β
2267 2823 2503 2873 susten-

244 2922 376 2993 tari,
400 2940 522 2997 qua
548 2922 622 2980 de
649 2939 715 2980 re
742 2920 1090 2998 gravissima
1115 2919 1272 2978 infra
1297 2920 1629 2979 accuratius
1656 2921 1903 2980 dicetur.
1943 2921 2041 2980 Ita
2065 2921 2287 2982 habent
2304 2919 2368 2994 4,
2396 2918 2501 2981 91.

245 3031 330 3087 ita
372 3032 561 3089 Dolon
595 3026 738 3110 Αβ,
780 3032 863 3088 ita
898 3032 1110 3091 Delum
1150 3029 1228 3101 R,
1259 3032 1483 3089 ittalum
1519 3028 1591 3100 d,
1633 3031 1872 3088 Italiam
1906 3028 2236 3100 Robertus3
2280 3026 2397 3101 32,
2440 3027 2503 3090 3.

247 3139 444 3198 Marte
471 3134 599 3220 Ββ,
638 3158 793 3197 mare
820 3139 951 3212 Vd,
992 3142 1144 3197 mari
1168 3139 1259 3208 R3
1301 3133 1406 3209 34,
1439 3132 1584 3195 136.
1624 3155 1724 3196 aes
1752 3132 1933 3216 Βὴβ,
1975 3145 2059 3196 est
2086 3135 2237 3208 VR,
2280 3146 2334 3196 et
2362 3136 2505 3208 Td3

245 3245 466 3305 ibidem
494 3250 776 3323 quendam
802 3244 926 3326 Ββ,
968 3249 1208 3324 quedam
1236 3245 1370 3318 Rh,
1410 3248 1690 3322 quaedam
1716 3245 1798 3319 V,
1841 3247 2074 3322 quidam
2102 3247 2142 3304 d
2157 3263 2176 3316 3
2222 3239 2327 3319 34,
2362 3241 2507 3306 165.

246 3358 463 3413 annuis
488 3355 564 3426 Β,
592 3376 779 3415 annus
806 3355 955 3428 VR,
995 3374 1177 3416 annos
1205 3354 1334 3429 Td‚
1365 3373 1480 3431 per
1508 3374 1688 3415 annos
1715 3356 1756 3413 h
1773 3349 1910 3433 δρφ
1931 3350 1992 3434 β;
2034 3348 2139 3425 35,
2171 3350 2274 3413 26.
2304 3357 2505 3430 refice-

247 3470 455 3520 rentur
480 3460 534 3519 B
573 3456 772 3540 (codd.
803 3458 1071 3545 Gelenii)
1105 3460 1169 3545 β,
1213 3467 1582 3541 refigerontur
1611 3464 1681 3535 d,
1724 3466 2141 3542 refrigerentur
2172 3463 2507 3535 RVTN2,

248 3573 739 3648 rest-iqerarentur
775 3572 849 3645 h,
899 3576 1271 3651 refrigeraret
1307 3572 1394 3645 P;
1446 3567 1552 3646 35,
1585 3569 1689 3633 28.
1718 3576 1940 3650 alioqui
1976 3569 2102 3653 Ῑιβ,
2154 3576 2339 3650 aliqui
2363 3573 2510 3645 BR,

250 3683 468 3757 aliquis
489 3680 573 3752 V,
600 3683 827 3757 aliquos
846 3683 886 3741 d
901 3700 920 3752 3
952 3676 1056 3755 35,
1079 3678 1183 3743 46.
1206 3685 1272 3741 ob
1302 3685 1369 3742 id
1382 3681 1719 3755 BVRTd‚
1753 3685 1872 3742 abit
1891 3682 1956 3754 h,
1984 3683 2137 3743 subit
2155 3701 2210 3753 r,
2240 3685 2347 3741 olet
2366 3677 2507 3761 Νβ;

253 3782 357 3861 35,
391 3785 494 3850 63.
522 3809 585 3849 eo
611 3786 793 3870 Βὴβ,
822 3810 887 3851 co
914 3790 998 3863 V,
1030 3812 1140 3869 quo
1166 3792 1276 3851 Rd
1287 3810 1305 3863 3
1337 3787 1443 3865 35,
1476 3788 1623 3853 150.
1640 3795 1932 3869 firmiores
1960 3794 2157 3852 usibus
2177 3790 2252 3863 B,
2286 3793 2508 3866 firmio-

257 3898 413 3958 ribus
440 3898 589 3972 VR,
607 3901 897 3974 firmiores
924 3897 1162 3982 ΡᾱῙιβς
1192 3897 1296 3974 36,
1327 3898 1432 3961 43.
1461 3911 1682 3962 constat
1696 3925 1719 3969 ‚-
1748 3912 1873 3961 erat
1899 3904 2051 3961 enim
2076 3899 2151 3974 B,
2181 3910 2507 3963 constanter
2590 3957 2594 3964 .

259 4015 317 4063 at
343 4011 490 4066 enim
516 4006 664 4080 VR,
715 4020 1028 4069 constatur.
1057 4020 1119 4070 at
1145 4014 1292 4069 enim
1319 4012 1383 4081 h,
1434 4020 1691 4077 constat,-
1735 4020 1798 4068 at
1823 4014 1971 4069 enim
1999 4011 2060 4082 d,
2108 4020 2364 4078 consuit,-
2392 4020 2506 4070 ete-

264 4116 374 4172 nim
403 4111 459 4197 β.
514 4114 645 4175 Iam
680 4136 766 4188 ‚ex
806 4120 1012 4196 paucis
1041 4118 1133 4177 his
1161 4118 1464 4195 exemplis,
1508 4137 1760 4193 quorum
1799 4137 2077 4178 numerus
2114 4120 2176 4178 in
2218 4119 2507 4180 infinitum

271 4225 465 4300 augeri
498 4236 715 4302 posset,
755 4228 815 4287 id
853 4229 1012 4290 clare
1054 4228 1341 4300 videmus,
1382 4226 1615 4289 nullum
1653 4229 1910 4292 codicem
1953 4229 2153 4306 parvis
2187 4230 2512 4308 interpola-
