2961 4861
828 339 968 387 Lm.
1002 341 1076 387 11.
1137 341 1292 387 oAP.
1327 341 1477 386 xw.
1512 342 1631 388 xv,
1694 341 1887 389 sno'r.
1924 344 2099 388 11-13.
2446 327 2562 390 121

323 490 528 554 etiam
573 511 655 553 ex
696 492 1006 575 quadrato
1052 491 1245 557 sentit
1285 491 1499 557 radios
1544 516 1582 556 a
1628 511 1886 556 Lxxxx
1929 494 2240 579 partibus,
2286 496 2458 559 unde
2504 506 2569 560 et

318 612 564 654 nomen
618 592 871 677 accepit
920 602 1131 658 motus
1182 591 1429 677 primus
1472 603 1539 658 et
1592 594 1911 658 secundus
1954 595 2423 680 nonagenarius
2465 595 2566 658 di-

321 700 477 754 ctus
521 690 601 755 ab
654 701 926 777 utroque
970 702 1218 757 exortu.
1293 692 1542 758 Eadem
1603 694 1957 758 stationalis
2013 695 2182 759 senis
2227 694 2569 760 -mensibus

320 801 735 856 conmoratur
775 793 844 856 in
885 793 1111 879 signis,
1156 793 1391 878 alioqui
1427 793 1769 873 bimestris,
1816 817 1963 861 cum
2006 805 2255 860 ceterae
2297 805 2571 879 utraque

319 891 606 956 statione
659 904 1005 979 quaternos
1063 915 1316 959 menses
1368 916 1498 958 non
1552 895 1853 981 inpleant.
1948 893 2298 960 Inferiores
2356 905 2570 966 autem
2596 916 2655 960 61

318 992 499 1057 duae
541 993 939 1072 occultantur
978 995 1047 1058 in
1089 994 1262 1060 coitu
1303 996 1670 1081 vespertino
1715 995 1904 1061 simili
1945 995 2135 1062 modo
2176 996 2568 1080 relictaeque

317 1116 368 1157 a
413 1093 544 1160 sole
588 1094 855 1163 totidem
896 1094 966 1159 in
1003 1094 1294 1180 partibus
1323 1094 1569 1161 faciunt
1598 1106 1855 1161 exortus
1884 1096 2248 1176 matutinos,
2293 1097 2378 1161 ad
2407 1120 2567 1181 quos

312 1193 717 1281 longissimis
747 1194 1091 1259 distantiae
1132 1218 1286 1261 suae
1328 1195 1519 1260 metis
1560 1197 1756 1262 solem
1798 1197 2220 1281 insequontur
2260 1199 2566 1283 adeptae-

316 1317 455 1379 que
496 1317 732 1359 occasu
773 1295 1084 1361 matutino
1128 1296 1488 1361 conduntur
1528 1318 1606 1361 ac
1645 1307 2096 1381 praetereunt«
2140 1296 2303 1362 Mox
2339 1299 2566 1363 eodem

311 1396 660 1461 intervallo
702 1417 969 1481 vespere
1014 1397 1384 1462 exoriuntur
1426 1420 1633 1482 usque
1676 1397 1761 1461 ad
1818 1418 1980 1481 quos
2023 1397 2300 1463 diximus
2345 1399 2563 1463 termi-

313 1517 477 1572 nos3
523 1496 611 1561 ab
632 1496 810 1562 hisce
846 1497 1399 1585 retrogradiuntur
1440 1499 1527 1562 ad
1570 1498 1767 1563 solem
1810 1507 1877 1562 et
1919 1520 2152 1564 occasu
2194 1500 2565 1584 vespertino

318 1596 735 1663 delitescunt.
792 1597 1069 1663 Veneris
1115 1599 1298 1663 stella
1340 1609 1406 1663 et
1449 1599 1755 1663 stationes
1798 1598 1982 1676 duas,
2027 1601 2406 1664 matutinam
2448 1623 2561 1666 ve-

312 1697 820 1783 spertinamque,
866 1698 949 1764 ab
990 1707 1265 1781 utroque
1309 1708 1537 1765 exortu
1579 1697 1754 1774 facit,
1797 1721 1836 1762 a
1878 1699 2270 1792 longissimis
2314 1700 2561 1764 distan-

311 1798 448 1864 tiae
494 1820 650 1862 suae
689 1797 948 1877 finibus,
990 1795 1279 1863 Mercuri
1324 1799 1630 1864 stationes
1671 1797 1964 1864 breviore
2006 1809 2328 1864 momento
2371 1821 2564 1884 quam

309 1908 394 1963 ut
437 1897 831 1983 deprehendi
871 1898 1141 1985 possint.

408 1998 509 2062 13.
574 1997 761 2064 Haec
805 2009 903 2064 est
943 1999 1256 2064 luminum
1298 2000 1922 2084 occultationumque
1963 1999 2149 2080 ratio,
2193 2002 2560 2087 perplexior
2588 2022 2652 2065 62

307 2109 497 2163 motu
549 2100 894 2183 multisque
945 2100 1234 2167 involuta
1285 2101 1627 2166 miraculis.
1704 2098 2040 2184 Siquidem
2081 2102 2557 2189 magnitudines

293 2183 471 2264 (suas
519 2208 585 2264 et
627 2200 871 2266 colores
914 2211 1162 2265 mutant
1201 2211 1265 2267 et
1308 2201 1574 2268 eaedem
1602 2200 1686 2264 ad
1716 2202 2215 2287 septentrionem
2244 2205 2558 2270 accedunt

308 2299 681 2385 abeuntque
724 2301 807 2364 ad
850 2312 1139 2365 austrum
1185 2301 1497 2385 terrisque
1540 2303 1872 2387 propiores
1916 2312 2028 2366 aut
2070 2303 2247 2369 caelo
2289 2316 2557 2390 repente

311 2412 682 2467 cernuntur.
763 2400 844 2466 In
906 2402 1141 2488 quibus
1202 2401 1387 2469 aliter
1441 2402 1644 2466 multa
1695 2424 1888 2486 quam
1945 2401 2193 2485 priores
2259 2404 2554 2470 tradituri

307 2504 593 2568 fatemur
636 2525 713 2567 ea
741 2524 995 2587 quoque
1023 2503 1275 2569 illorum
1306 2523 1447 2567 esse
1476 2503 1784 2580 muneris,
1828 2502 1939 2586 qui
1966 2502 2156 2587 primi
2185 2504 2323 2568 vias
2353 2512 2551 2589 quae-

306 2603 497 2667 rendi
541 2603 1149 2680 demonstraverint3
1209 2602 1399 2667 modo
1441 2624 1524 2666 ne
1567 2602 1712 2686 quis
1756 2602 2057 2687 desperet
2100 2605 2353 2670 saecula
2393 2628 2549 2690 pro-

304 2703 503 2769 ficere
534 2725 803 2790 semper.
868 2696 1173 2770 Pluribus
1203 2703 1285 2768 de
1313 2703 1528 2769 causis
1556 2701 1714 2769 haec
1741 2703 1954 2768 omnia
1981 2703 2309 2772 accidunt:
2341 2709 2549 2793 prima
2579 2728 2644 2772 63

308 2876 437 2940 Cap.
463 2883 513 2927 8.
553 2875 582 2936 5
627 2880 739 2928 887.
781 2885 833 2928 et
872 2878 1084 2928 Salmas.
1126 2892 1290 2927 exerc.
1323 2893 1374 2941 p.
1403 2883 1516 2927 530.
1555 2892 1600 2926 a.
1633 2878 1700 2928 D.
1740 2918 1803 2926 .-
1839 2878 2109 2941 triquadro,
2134 2879 2192 2927 P.
2233 2919 2291 2927 -
2331 2882 2550 2941 statione,

306 2945 360 2992 R
381 2946 410 2991 ¹.
450 2983 514 2992 -
534 2944 753 3006 faciunt,
787 2959 890 2994 om.
922 2946 981 2994 P.
1020 2985 1083 2993 -..
1118 2946 1182 3006 in,
1218 2960 1317 2993 om.
1361 2957 1409 2993 σ.
1447 2983 1511 2992 .-
1549 2944 1778 3005 adverso,
1813 2945 1915 2993 Po.
1964 2961 2154 3004 averse,
2189 2939 2377 2996 Read
2409 2944 2552 3008 (libri

304 3010 524 3061 Salmas.
559 3025 722 3061 exerc.
759 3027 808 3075 p.
845 3015 957 3063 507.
991 3028 1036 3061 a.
1063 3009 1154 3073 G.)
1176 3026 1226 3076 r.
1273 3011 1538 3071 contrario,
1561 3012 1798 3060 Martian.
1825 3010 1951 3073 Cap.
1979 3017 2025 3059 8.
2061 3009 2091 3068 ξ
2119 3016 2233 3062 887.
2291 3013 2410 3061 Vid.
2436 3014 2548 3063 Sal-

307 3093 434 3127 mas.
472 3118 535 3125 .-
572 3077 850 3143 iterumque,
882 3074 1227 3130 RTGPadr.
1264 3080 1482 3141 itemque,
1514 3072 1572 3137 β.
1613 3118 1673 3125 -
1712 3076 2181 3140 appropinquantes,
2205 3078 2325 3126 PK.
2373 3095 2549 3143 appro-

300 3141 821 3273 Ριξᾳέῧῗτῑὶξξᾷ.
849 3230 1024 3277 ..pro
1067 3214 1078 3225 ⁰
1105 3229 1172 3271 re,
1194 3211 1253 3261 P.
1292 3249 1356 3259 ..-
1391 3227 1439 3270 a,
1463 3211 1569 3261 Ra.
1606 3211 1685 3268 ab,
1710 3203 1910 3271 Tdssr.
1949 3217 1994 3257 et
2014 3210 2093 3275 ab,
2117 3210 2211 3259 Pr.
2252 3210 2367 3261 Om.
2396 3206 2453 3261 Θ.
2485 3254 2547 3262 -

304 3279 598 3329 LXXXX
630 3281 837 3329 Barbar.
873 3281 938 3330 R.
983 3231 1228 3338 ffXoXX,
1253 3270 1468 3327 RTGP
1483 3278 1602 3324 adr.
1638 3276 1757 3325 vid.
1782 3275 2017 3324 Martian.
2040 3275 2164 3339 Cap.
2191 3283 2238 3327 8.
2261 3277 2306 3338 §-
2335 3285 2449 3329 884.
2479 3321 2541 3329 -.

305 3317 759 3461 ἒπρωε,τ1ζό1ξάι·.
805 3349 850 3396 is
879 3355 1050 3463 metrias,
1087 3341 1271 3410 dossr.
1294 3384 1401 3460 R-i!
1431 3349 1761 3458 mmmm-2222,
1794 3344 1961 3458 ΒΤ..
2008 3339 2248 3407 alioquin,
2281 3347 2429 3397 Pdo.
2483 3389 2543 3396 -

338 3428 485 3537 ”gezi
498 3429 927 3542 ‚rffgzoeiae—quguff’
944 3421 1137 3531 s'r'eeg
1146 3428 1391 3529 ἕαῗέιῑοιε
1413 3427 1562 3542 ‘Zaa—2
1584 3427 1635 3539 οἵ,
1661 3479 1722 3527 R.
1756 3427 1963 3528 ‘Zamae
1988 3493 2115 3540 quae
2137 3495 2187 3540 a,
2214 3479 2316 3529 Pa.
2354 3481 2544 3531 relicto-

306 3562 408 3608 que,
431 3541 535 3608 βγ.
573 3584 636 3593 -.
656 3545 880 3608 saciant,
903 3549 1004 3598 Pa.
1033 3587 1094 3595 .-
1132 3544 1204 3596 ad
1228 3562 1359 3610 quos,
1384 3546 1642 3596 RTPad.
1680 3554 1837 3609 atque,
1865 3539 1922 3594 θ.
1960 3554 2105 3608 atque
2127 3563 2176 3607 a,
2198 3543 2301 3611 βγ.
2342 3548 2424 3597 De
2446 3565 2544 3598 usu

303 3613 693 3675 praepositionis
736 3613 808 3662 ad
843 3615 940 3663 vid.
985 3616 1050 3663 ad
1090 3619 1172 3675 32,
1213 3620 1290 3663 14.
1337 3654 1400 3662 -.
1446 3612 1799 3674 lonyissimum,
1842 3612 1943 3661 Pa.
1998 3611 2301 3676 lonqissimu,
2337 3616 2437 3664 R1.
2483 3655 2538 3663 .-

303 3695 543 3740 occasum,
574 3692 622 3728 σ.
665 3697 796 3741 casu,
828 3682 888 3730 P.
937 3722 999 3731 .-
1044 3697 1255 3745 vespere,
1288 3673 1601 3730 RTOPad.
1652 3681 1861 3744 vesperi,
1894 3675 1953 3740 β.
2003 3720 2066 3728 -
2113 3680 2197 3741 ad,
2231 3695 2331 3728 om.
2365 3682 2425 3730 P.
2478 3722 2540 3732 -

301 3747 445 3809 hisce,
471 3741 528 3796 Θ.
567 3745 660 3808 his,
686 3743 980 3812 RPadssr.
1014 3789 1063 3796 ..
1098 3757 1154 3809 et,
1178 3749 1282 3798 Ra.
1321 3748 1476 3807 etiam,
1496 3748 1600 3796 Τά.
1639 3747 1814 3797 Omitt.
1837 3740 2041 3797 OPKr.
2080 3786 2144 3795 -.
2181 3764 2230 3808 α,
2260 3761 2363 3796 om.
2385 3748 2445 3797 P.
2475 3789 2538 3797 -.

301 3815 552 3875 stationes,
575 3814 676 3864 Pa.
733 3813 996 3877 statiomm,
1029 3815 1134 3864 ΒΤ
1147 3817 1194 3865 (1.
1233 3855 1295 3863 -
1343 3814 1578 3875 breviore,
1611 3815 1751 3863 R2a.
1791 3813 2014 3874 breviori,
2045 3815 2095 3863 R
2116 3814 2200 3862 ¹1².
2257 3815 2539 3876 breviorem,

300 3881 405 3930 Td.
444 3922 507 3930 -.
537 3883 749 3946 possint,
774 3877 1065 3932 RPGadr.
1096 3881 1273 3946 possit,
1295 3877 1353 3942 β.
2391 3950 2398 3956 .

365 3947 395 4007 ἓ
425 3955 504 3998 62.
537 3949 836 4013 perplexior,
860 3943 1123 3999 RTOad.
1156 3949 1464 4012 perplexiori,
1486 3949 1545 3997 P.
1588 3948 1907 4011 perplexiore,
1930 3943 1988 4008 β.
2028 3987 2090 3996 ..-
2127 3956 2295 4010 motus,
2321 3965 2367 4005 a.
2404 3951 2537 4011 moti,

300 4015 395 4063 Ru
435 4056 497 4064 ..
535 4023 721 4077 mutent,
744 4018 807 4066 R.
848 4057 910 4065 -.
947 4013 1159 4076 eaedem,
1184 4018 1315 4066 Rad
1340 4012 1601 4077 (Robert.)
1638 4011 1810 4076 eedem,
1833 4016 1893 4064 P.
1929 4012 2114 4076 eadem,
2142 4009 2199 4063 θ.
2239 4056 2301 4064 -.
2339 4027 2537 4080 septem-

299 4082 490 4143 stiones,
518 4083 623 4132 Td.
666 4122 723 4131 -
763 4083 913 4144 haud,
946 4085 1005 4133 P.
1047 4123 1108 4131 .-
1145 4083 1286 4133 aliter
1325 4097 1462 4146 pone
1500 4082 1695 4146 priores
1741 4083 1964 4131 collocat
1996 4082 2055 4130 P.
2105 4123 2166 4131 -
2204 4100 2343 4146 quae,
2375 4084 2433 4133 P.
2474 4125 2534 4133 -

299 4165 464 4266 ἓινῖιαὲ,
498 4150 556 4267 (ΓΞ.
596 4190 658 4265 d-
696 4150 1300 4277 ”ffirqmressd'ssssad'
1347 4147 1613 4213 quaerendi
1642 4149 1763 4211 vias,
1791 4145 1944 4211 Ριβγ.
1987 4189 2042 4198 -
2086 4147 2535 4212 demonstraverint,

471 4233 501 4265 a
546 4254 557 4266 .
634 4232 734 4267 emo
837 4234 1029 4269 averun
1051 4256 1063 4279 ,
1186 4255 1197 4266 .
