2961 4861
381 311 500 372 134
719 333 734 346 ·
1073 320 1480 366 NATURALIS
1526 318 1917 364 uls-romu:

373 479 443 541 in
498 493 717 541 nostro
771 497 925 538 vero
974 495 1138 537 aevo
1191 473 1364 536 cirea
1417 469 1799 535 veneficium
1840 491 1971 552 quo
2013 465 2329 532 Claudius
2372 465 2617 533 Caesar

372 578 690 663 inperium
733 574 990 658 reliquit
1030 572 1320 638 Domitio
1360 571 1602 637 Neroni
1644 594 1721 635 ac
1770 570 2003 634 deinde
2043 569 2412 655 principatu
2453 572 2615 647 eius,

375 679 720 744 adsidam
745 698 950 762 prope
977 697 1056 739 ac
1085 697 1361 739 saevom.
1413 672 1686 737 Referre
1713 671 2134 748 arbitrantur,
2176 671 2249 734 in
2274 693 2439 754 quas
2463 694 2617 756 par-

377 781 459 845 tis
497 802 640 845 sese
675 778 992 844 iaculetur
1032 789 1146 840 ant
1187 777 1372 840 cuius
1414 774 1639 839 stellae
1680 773 1835 837 viris
1875 772 2154 858 accipiat
2192 794 2486 856 quasque
2526 761 2617 837 si-

374 881 767 946 militudines
808 878 1038 943 reddat
1080 890 1146 942 et
1188 876 1424 960 quibus
1464 876 1533 938 in
1572 874 1734 940 locis
1775 873 2027 938 emicet.
2089 872 2425 938 'tibiarum
2465 895 2615 959 spe-
2642 891 2710 934 9³

377 982 478 1047 cie
540 981 824 1045 musicae
888 980 1010 1044 arti
1074 978 1460 1064 portendere
1483 1025 1503 1054 ,
1575 975 1870 1040 obscenis
1928 985 2146 1039 autem
2209 974 2499 1039 moribus
2548 976 2617 1038 in

376 1081 678 1148 verendis
717 1080 1011 1166 partibus
1053 1081 1404 1167 signorum,
1447 1076 1727 1164 ingeniis
1769 1088 1836 1141 et
1876 1076 2241 1154 eruditioni,
2283 1079 2342 1140 si
2370 1077 2616 1159 trique-

381 1195 545 1247 tram
592 1182 870 1269 figuram
923 1180 1384 1263 quadratamve
1435 1177 1701 1263 paribus
1741 1177 2000 1264 angulis
2048 1176 2135 1240 ad
2173 1178 2424 1260 aliquos
2464 1200 2616 1263 per-

378 1284 640 1349 ennium
671 1282 1002 1347 stellarum
1028 1283 1190 1345 situs
1219 1281 1434 1356 edant,
1454 1301 1706 1343 venena
1724 1278 1999 1343 fundere
2025 1277 2097 1342 in
2123 1278 2335 1363 eapite
2355 1291 2616 1363 septen-

383 1383 666 1449 trionalis
703 1384 1107 1448 austrinaeve
1146 1381 1480 1467 serpentis.
1551 1377 1857 1444 Cometes
1903 1379 1975 1443 in
2020 1400 2153 1443 uno
2200 1380 2399 1442 totius
2446 1379 2619 1444 orbis

375 1483 520 1549 loco
571 1484 797 1548 colitur
845 1484 914 1547 in
967 1483 1206 1569 templo
1256 1482 1503 1547 Romae
1525 1528 1545 1557 ,
1598 1480 1945 1545 admodum
1985 1479 2241 1544 faustus
2282 1479 2433 1544 divo
2473 1481 2618 1544 Au-

378 1595 574 1671 gusto
600 1585 924 1650 iudicatus
952 1583 1036 1649 ab
1063 1585 1227 1670 ipso,
1273 1583 1386 1666 qui
1425 1582 1771 1666 incipiente
1813 1601 1891 1645 eo
1932 1580 2230 1665 adparuit
2255 1580 2430 1645 ludis
2456 1603 2621 1664 quos

379 1684 658 1750 faciebat
683 1684 927 1750 Veneri
957 1681 1292 1749 Genetrici
1333 1705 1464 1747 non
1506 1682 1710 1746 multo
1750 1692 1902 1766 post
1940 1680 2191 1746 obitum
2216 1682 2421 1766 patris
2449 1679 2619 1747 Cae·

381 1786 543 1852 saris
610 1786 680 1851 in
743 1785 1037 1872 conlegio
1093 1783 1175 1849 ab
1231 1806 1310 1849 eo
1361 1783 1679 1848 instituto.
1772 1781 2069 1865 Namque
2124 1782 2227 1846 his
2281 1783 2499 1848 verbis
2552 1784 2622 1847 in
2646 1800 2715 1843 94

379 1886 690 1974 gaudium
732 1885 984 1969 prodit:
1061 1884 1209 1962 „Iis
1260 1884 1426 1969 ipsis
1476 1883 1776 1948 ludorum
1829 1904 2117 1947 meorum
2168 1884 2400 1949 diebus
2442 1884 2623 1948 sidus
2770 1890 2783 1894 ⁴

382 1987 681 2053 crinitum
722 2007 841 2069 per
884 1995 1132 2069 septem
1176 1986 1316 2050 dies
1358 1986 1427 2049 in
1468 1985 1731 2072 regione
1775 1983 1935 2049 caeli
1978 2005 2145 2067 quae
2186 1984 2308 2049 sub
2357 1995 2619 2069 septen·

381 2085 693 2151 trionibus
758 2096 859 2150 est
922 2096 1359 2170 conspectum.
1444 2084 1527 2148 ld
1592 2083 1915 2149 oriebatur
1973 2084 2144 2149 eirca
2209 2084 2620 2148 undecimam

379 2186 604 2251 horam
654 2186 783 2251 diei
838 2187 1209 2269 clarumque
1252 2196 1318 2251 et
1359 2185 1658 2251 omnibus
1703 2208 1739 2251 e
1784 2185 1972 2250 terris
2016 2185 2434 2269 conspicuum
2476 2184 2622 2249 fuit.

379 2286 483 2352 Eo
540 2286 746 2353 sidere
802 2287 1148 2375 significari
1200 2287 1430 2374 volgus
1483 2287 1758 2352 credidit
1801 2283 2100 2352 Caesaris
2142 2286 2417 2350 animam
2455 2287 2626 2350 inter

382 2388 648 2456 deorum
700 2388 1129 2455 inmortalium
1180 2389 1443 2453 numina
1494 2399 1860 2474 receptam,
1922 2408 2050 2472 quo
2101 2388 2359 2454 nomine
2399 2387 2470 2453 id
2520 2386 2622 2450 in-

386 2491 570 2579 signe
617 2490 953 2557 simulacro
1000 2490 1230 2576 capitis
1273 2490 1412 2556 eius
1435 2539 1455 2567 ,
1514 2490 1686 2574 quod
1728 2511 1879 2554 mox
1921 2489 1990 2552 in
2033 2489 2174 2555 foro
2219 2489 2623 2555 consecravi-

383 2730 661 2793 praemissa
682 2731 747 2778 ad
772 2737 1004 2793 tempora
1027 2731 1309 2781 Octaviano
1334 2731 1505 2794 priora
1525 2731 1858 2794 progreditur.
1910 2731 2045 2780 Hinc
2069 2730 2200 2780 alius
2223 2729 2464 2780 Octavius
2498 2745 2624 2779 con-

383 2796 464 2846 sul
497 2803 574 2845 est
610 2799 942 2859 quaerendus.
987 2799 1057 2847 Et
1088 2807 1167 2847 est
1198 2798 1240 2847 is
1276 2798 1369 2847 Cn.
1395 2798 1637 2848 Octavius
1661 2813 1707 2846 a.
1732 2814 1782 2846 u.
1810 2802 1922 2849 667.
1949 2798 2127 2847 consul
2150 2812 2268 2847 cum
2289 2798 2351 2847 1..
2378 2796 2623 2847 Cornelio

384 2863 552 2916 Cinna
590 2872 642 2913 et
680 2871 800 2927 post
839 2865 979 2914 hunc
1016 2865 1223 2927 pulsum
1264 2880 1380 2913 cum
1419 2866 1482 2914 L.
1518 2865 1758 2916 Cornelio
1790 2866 2005 2915 Merula.
2050 2867 2114 2914 In
2137 2866 2275 2914 hunc
2299 2865 2475 2913 omnia
2498 2879 2624 2928 qua·

383 2933 546 2992 dunt,
577 2946 638 2982 ac
669 2932 890 2997 primum
924 2933 1129 2996 quidem
1161 2932 1329 2996 ipsum
1360 2946 1567 2993 nomen,
1603 2933 1781 2982 deinde
1814 2933 1976 2982 civilis
2008 2941 2178 2982 motus
2218 2947 2384 3011 neque
2414 2932 2624 2993 bellum,

383 3001 522 3062 quod
561 3014 678 3050 vere
717 3000 807 3049 illo
851 3008 1079 3065 tempore
1119 3002 1348 3049 nondum
1389 2998 1503 3060 fuit,
1542 3014 1695 3062 porro
1737 3001 2033 3049 consulatus
2075 3000 2227 3048 huius
2268 3000 2420 3049 unius
2460 3014 2627 3062 neque

382 3067 613 3131 collegae
655 3077 1109 3130 commemoratus,
1153 3083 1303 3132 quem
1345 3068 1614 3131 expulerat
1654 3063 1789 3127 (Cic.
1824 3066 1973 3117 Catil.
2013 3069 2112 3118 111.
2156 3074 2235 3127 10,
2278 3073 2358 3116 24.
2401 3069 2624 3130 Appian.

380 3135 443 3185 Β.
487 3135 545 3186 C.
591 3142 644 3196 1,
687 3133 819 3197 65.)‚
866 3138 1045 3187 deinde
1091 3105 1253 3187 iustus
1300 3143 1589 3200 temporum
1631 3137 1773 3183 ord0.
1814 3137 1946 3184 Rem
1986 3135 2189 3184 conficit
2231 3134 2411 3184 Cicero
2451 3135 2516 3184 N.
2556 3136 2623 3184 D.

381 3203 450 3254 II.
494 3207 680 3264 5,14.‚
723 3204 809 3266 qui
849 3206 987 3254 bello
1031 3205 1311 3255 Octaviano
1353 3211 1607 3252 cometam
1647 3218 1859 3264 magnas
1900 3203 2212 3252 calamitates
2245 3203 2627 3265 praenuntiasse

382 3276 566 3318 narrat.
636 3270 850 3318 Minime
908 3286 1028 3321 vero
1087 3272 1316 3320 omnium
1375 3271 1556 3320 Cicero
1615 3271 1669 3318 in
1724 3270 1864 3319 libris
1913 3273 1975 3319 de
2020 3278 2202 3319 natura
2248 3270 2457 3318 deorum
2507 3277 2627 3318 ante

382 3350 574 3384 annum
611 3339 723 3386 711.
760 3337 957 3400 scriptis
988 3338 1181 3387 bellum
1215 3338 1479 3389 Octaviani
1515 3339 1659 3387 civile
1693 3352 2089 3386 commemorare
2120 3337 2302 3400 potuit,
2330 3337 2622 3399 praesertim

382 3415 500 3451 cnm
523 3401 630 3465 ipse
655 3403 757 3450 hoc
780 3417 914 3452 anno
939 3418 1029 3468 per
1050 3405 1472 3467 proscriptionem
1498 3406 1694 3454 occisus
1716 3404 1882 3454 fuerit.
1906 3445 1968 3452 -
2003 3403 2220 3466 Pompei,
2242 3405 2358 3453 ΒΡ.
2396 3445 2458 3452 -
2494 3419 2625 3464 vero,

381 3470 527 3520 Rad.
566 3484 769 3533 quoque,
792 3470 850 3518 P.
892 3509 953 3518 .-
989 3486 1129 3529 cura,
1153 3471 1211 3519 P.
1252 3510 1313 3517 .-
1349 3471 1640 3534 veneficium,
1667 3474 1754 3520 ad.
1793 3471 2085 3535 benficium,
2117 3472 2226 3523 ΒΡ
2260 3468 2522 3533 (Robert.)
2559 3511 2623 3520 ..-

376 3533 656 3601 principatu
698 3534 816 3596 eius,
851 3538 997 3585 Rad.
1028 3536 1373 3600 principatum,
1396 3538 1489 3588 Pr.
1527 3578 1590 3586 -
1624 3554 1794 3602 prope,
1818 3539 1964 3589 Rad.
2001 3555 2201 3603 quoque,
2224 3540 2284 3588 Ρ.
2312 3579 2374 3587 .-
2411 3537 2624 3588 arbim-

381 3619 506 3664 mur,
529 3604 587 3654 Ρ.
615 3642 678 3651 ...
704 3601 848 3664 vires,
873 3604 1013 3653 R2P.
1039 3601 1190 3664 virus,
1215 3605 1498 3655 R'STad.
1524 3606 1642 3655 vid.
1668 3608 1698 3669 ξ
1726 3612 2008 3656 los-109.
2033 3606 2295 3657 SenecN.
2323 3606 2386 3667 Q„
2415 3610 2459 3664 7,
2485 3611 2532 3654 4.
2560 3644 2622 3654 ..-

384 3669 634 3737 acceperit,
659 3671 717 3721 Ρ.
758 3710 819 3719 .-
857 3670 925 3731 in,
951 3685 1054 3720 om.
1078 3671 1136 3719 Ρ.

449 3739 585 3803 593.
622 3736 833 3803 speciem,
857 3706 961 3787 Ph.
1001 3778 1063 3786 ...
1101 3736 1201 3787 arti
1222 3738 1448 3800 musicae,
1473 3740 1532 3788 P.
1573 3780 1634 3787 -
1666 3740 1894 3802 pondere,
1920 3740 2016 3790 1³¹.
2059 3782 2118 3790 -.
2156 3739 2436 3818 irgferendis,
2459 3741 2518 3789 P.
2558 3779 2622 3788 ..-

383 3804 588 3869 inqeniis
611 3812 657 3853 et
680 3803 940 3854 eruditioni
960 3805 1022 3866 εἰ,
1043 3806 1251 3855 Barbar.
1276 3806 1322 3855 d.
1350 3805 1554 3869 inqeniie
1579 3816 1623 3855 et
1645 3805 1945 3869 eruditionis,
1971 3810 2031 3858 R.
2058 3806 2241 3872 inqenii
2255 3815 2301 3856 et
2319 3805 2622 3867 eruditionis,

383 3885 471 3922 aa.
509 3870 693 3935 inqenii
713 3870 1016 3935 eruditionis,
1039 3874 1098 3923 P.
1155 3914 1217 3921 -
1274 3871 1575 3937 triquetram,
1610 3874 1817 3924 Barbar.
1853 3878 1899 3924 d.
1951 3874 2343 3939 triquetramque,
2378 3876 2481 3924 Ra.
2529 3873 2620 3923 tri-

385 3938 738 4003 quadr-amque,
778 3940 836 3990 P.
884 3980 945 3991 .-
985 3940 1263 4006 peremium,
1304 3942 1362 3990 P.
1412 3981 1473 3990 ..-
1520 3941 1681 4001 edant,
1723 3943 1939 3992 B²Paaer
1975 3939 2148 4003 (codd.
2187 3940 2443 4005 Barbari.)
2495 3942 2621 3999 edat.

385 4005 514 4056 R'd.
562 4046 623 4056 ..
668 4016 959 4071 venenatum,
1002 4011 1091 4059 12².
1140 4049 1201 4057 .-
1249 4008 1534 4070 austriaeve,
1575 4024 1623 4057 σ.
1669 4049 1728 4057 ...
1779 4009 1927 4070 ανὸίε,
1968 4012 2031 4059 B.
2081 4052 2144 4058 -
2183 4009 2420 4074 templum,
2459 4010 2519 4059 P.
2557 4048 2620 4057 ..-

384 4072 625 4123 iudicatus
652 4114 713 4123 .-
738 4073 882 4124 multo
915 4078 1076 4126 omitt.
1102 4075 1260 4127 R¹a¹.
1307 4076 1523 4138 dicam,
1558 4078 1618 4126 P.
1668 4117 1729 4125 .-
1783 4077 2045 4141 apparavit
2077 4075 2219 4128 ludos
2248 4077 2331 4126 vel
2364 4078 2535 4142 potius
2569 4092 2623 4126 eo

383 4155 623 4203 apparere
709 4142 909 4206 paravit
932 4142 1084 4204 ludos,
1112 4144 1321 4195 Crusius
1344 4146 1551 4224 probab.
1572 4145 1679 4194 crit.
1707 4151 1752 4194 6.
1788 4146 1864 4194 At
1885 4159 1931 4194 v.
1958 4145 2161 4195 Stosch.
2186 4147 2239 4195 in
2261 4160 2393 4195 mus.
2429 4146 2537 4195 crit.
2575 4149 2621 4205 1,

389 4211 498 4258 171.
538 4246 598 4255 ..
646 4157 848 4259 tfeneris
866 4210 1128 4272 ‹lenm-icis,
1154 4224 1200 4258 σ.
1243 4252 1301 4258 -
1339 4210 1406 4270 in,
1434 4212 1597 4260 omitt.
1623 4213 1680 4260 P.
1723 4252 1781 4259 -
1820 4211 2088 4273 constituto,
2111 4229 2153 4262 r.

451 4269 585 4332 594.
625 4274 698 4337 in,
736 4277 886 4327 Rad.
927 4276 1064 4326 in-
1093 4277 1152 4325 iis
1190 4293 1290 4327 orn.
1326 4280 1384 4328 P.
1431 4277 1507 4339 td,
1531 4274 1630 4341 βγ.
1672 4319 1730 4326 -
1763 4277 1947 4343 prodet,
1973 4281 2120 4330 Rad.
2151 4275 2518 4345 prodidit,ssr.
2562 4319 2620 4326 ..-
