2961 4861
1227 388 1607 432 murano.
2361 392 2544 435 XLVII

284 557 433 600 rum
461 556 741 599 numerus
767 540 927 617 apud
952 536 1212 600 Plinium
1252 559 1359 617 per
1395 540 1581 618 ipsius
1621 540 1812 618 operis
1848 546 2122 600 naturam
2149 544 2340 619 magis
2366 544 2542 603 etiam

286 666 481 724 quam
517 649 677 725 apud
711 649 934 708 multos
974 649 1123 708 alios
1167 650 1479 726 scriptores
1515 658 1835 726 augeretur
1870 667 2113 709 necesse
2138 650 2274 710 fuit.
2316 651 2544 710 Partim

282 759 455 817 enim
480 758 711 817 numeri
734 759 990 817 maxime
1015 758 1078 818 in
1103 759 1396 835 prioribus
1422 759 1592 819 libris
1628 759 1788 819 obvii
1813 759 2036 818 multos
2064 777 2293 818 errores
2322 777 2543 835 genue-

282 873 458 941 runt,
502 885 579 925 ex
618 886 737 943 quo
764 885 978 943 genere
1007 874 1198 926 ortam
1224 886 1406 927 unam
1432 868 1741 927 ridiculam
1770 867 2280 945 interpolationem
2307 872 2545 930 clemens

284 977 754 1036 commemoravi
793 977 872 1035 ad
908 976 1171 1035 codicem
1209 975 1273 1034 V
1311 971 1479 1057 (coll.
1509 975 1841 1037 Tzschuck.
1880 983 2004 1036 not.
2044 977 2174 1036 crit.
2216 976 2295 1035 ad
2319 976 2546 1035 Melam

222 1104 229 1107 ’
279 1086 381 1144 11.
425 1079 487 1158 3,
531 1077 646 1164 1.),
696 1085 914 1161 partim
954 1085 1194 1144 nomina
1233 1086 1496 1162 propria,
1546 1087 1803 1145 maxime
1840 1087 2255 1163 geographica,
2305 1087 2546 1145 nomina

280 1194 615 1253 herbarum
641 1199 702 1251 et
727 1193 991 1271 lapidum
1017 1192 1267 1252 libran’is
1294 1193 1593 1269 incognita
1618 1212 1721 1254 eos
1748 1195 2006 1271 primum
2035 1195 2111 1252 ad
2142 1212 2393 1267 errores,
2415 1204 2544 1253 tum

281 1304 376 1363 ad
401 1302 878 1380 interpolationes
906 1302 1279 1361 deduxerunt
1286 1320 1306 1373 3
1350 1311 1411 1361 et
1445 1301 1585 1362 illos
1630 1303 1864 1379 quidem
1892 1320 2012 1361 non
2039 1304 2140 1362 diu
2165 1298 2302 1380 po'st
2329 1302 2543 1363 editam

281 1413 625 1472 naturalem
666 1411 967 1471 historiam
1004 1412 1145 1470 oriri
1193 1412 1454 1487 coepisse
1503 1411 1593 1470 illi
1638 1412 2012 1489 potissimum
2064 1412 2404 1488 scriptores,
2454 1412 2545 1470 uti

284 1521 598 1597 Zieglerus
640 1539 872 1596 quoque
912 1520 975 1579 in
1011 1520 1370 1596 praefatione
1406 1521 1485 1578 ad
1526 1521 1850 1580 secundum
1887 1519 2069 1579 Plinii
2109 1521 2327 1580 librum
2377 1520 2542 1594 vidit,

283 1632 529 1702 docent,
570 1629 674 1706 qui
707 1630 1057 1689 vetustiores
1097 1629 1366 1687 omnibus
1407 1629 1624 1686 nostris
1661 1629 1953 1687 codicibus
1994 1629 2434 1703 antiquissimos
2470 1630 2544 1688 li-

282 1741 436 1800 bros
463 1740 628 1797 adire
656 1745 995 1816 potnerunt,
1023 1738 1110 1795 uti
1132 1736 1369 1796 Solinus
1392 1730 1562 1815 (coll.
1588 1735 1841 1794 Salmas.
1867 1754 2057 1794 exerc.
2082 1753 2143 1812 p.
2169 1731 2313 1796 170.
2333 1740 2393 1796 b.
2417 1735 2541 1814 B.),

283 1846 627 1906 Martianus
666 1844 934 1922 Capella,
973 1844 1204 1903 Plinius
1231 1842 1614 1913 Valerianus,
1656 1843 1943 1931 Isidorus,
1983 1841 2200 1903 Dicuil.
2251 1844 2347 1902 Ita
2389 1844 2546 1919 quod

288 1947 537 2014 Plinius
566 1952 630 2026 2,
662 1949 807 2014 180.
839 1936 1075 2028 scripsit
1099 1951 1384 2024 Armant,
1426 1969 1547 2010 una
1585 1951 1763 2010 modo
1803 1970 2014 2012 manus
2042 1954 2303 2013 secunda
2330 1952 2543 2013 codicis
2663 1985 2674 1989 -

290 2065 358 2124 R
398 2063 679 2135 servavit,
723 2080 861 2120 cum
899 2061 1074 2120 ceteri
1110 2078 1309 2119 omnes
1349 2059 1486 2119 libri
1527 2079 1660 2121 cum
1698 2061 1996 2121 Martiano
2040 2061 2353 2123 exhibeant
2378 2063 2541 2123 Ara-

285 2175 443 2233 biam
457 2195 481 2240 ‚·
510 2168 572 2243 8,
600 2166 707 2230 4Ο;
761 2169 1001 2231 Solinus
1042 2170 1278 2246 quidem
1314 2171 1664 2247 scripturam
1702 2170 1964 2230 omnium
1992 2171 2255 2231 codicum
2283 2160 2541 2249 itiqerum

285 2282 619 2353 confirmat,
663 2300 840 2357 quam
878 2298 994 2339 non
1023 2278 1356 2343 Plinianam
1383 2298 1514 2339 esse
1540 2298 1714 2358 posse
1740 2281 1861 2339 iam
1887 2279 2160 2340 Muretus
2191 2286 2252 2338 et
2278 2276 2348 2340 C.
2379 2277 2541 2341 Ges-

283 2409 468 2451 nerus
495 2396 617 2450 tam
645 2408 722 2449 ex
749 2391 837 2450 rei
863 2394 1097 2462 natura,
1121 2407 1300 2466 quam
1328 2408 1404 2448 ex
1423 2390 1770 2449 Aristotelis
1790 2390 2125 2450 testimonio
2146 2391 2540 2451 ostenderunt.

285 2499 407 2561 Cui
443 2499 846 2577 depravationi
883 2501 1073 2577 magis
1110 2499 1416 2575 magisque
1453 2499 1710 2575 serpenti
1743 2499 1862 2558 iam
1892 2497 2236 2558 Cassiodori
2274 2507 2541 2579 tempore

283 2613 540 2688 ipsoque
588 2616 828 2668 auctore
880 2608 1263 2667 occurrebant
1305 2603 1474 2689 (vide
1529 2626 1683 2682 quae
1725 2609 1897 2667 docte
1945 2617 2006 2667 et
2046 2608 2348 2684 eleganter
2387 2609 2541 2669 hanc

285 2722 353 2779 in
392 2736 518 2776 rem
557 2718 876 2796 disputavit
913 2716 1206 2777 Olleris
1245 2717 1310 2775 in
1344 2718 1499 2776 libro
1536 2714 1780 2777 Parisiis
1810 2713 2008 2777 1841.
2054 2716 2239 2777 edito:
2305 2718 2539 2779 Cassio-

287 2831 427 2888 dore
476 2838 871 2887 conservamur
919 2829 989 2886 de
1037 2821 1366 2903 l'antiquite'
1408 2801 1678 2901 Latine)}
1737 2834 1798 2885 et
1844 2828 1905 2885 in
1956 2827 2337 2903 scriptoribus
2386 2829 2541 2887 hanc

287 2956 495 2997 curam
521 2937 776 3014 expertis
802 2934 1064 2995 Plinium
1105 2937 1280 2994 etiam
1319 2935 1499 2994 fuisse
1538 2955 1671 2995 cum
1698 2955 1808 3012 per
1838 2954 1902 2995 se
1930 2944 2022 2994 est
2046 2935 2371 3013 probabile,
2395 2944 2538 3004 ,tum

287 3062 410 3104 non
449 3046 642 3121 inepte
679 3044 821 3103 mihi
857 3044 1060 3105 videor
1097 3045 1368 3121 colligere
1395 3064 1471 3102 ex
1498 3043 1923 3119 subscriptione
1948 3044 2087 3100 libri
2111 3044 2226 3101 IV.
2254 3045 2316 3101 in
2343 3044 2539 3103 codice

287 3155 353 3213 A
407 3155 526 3213 iam
575 3173 757 3233 supra
813 3159 1294 3213 commemorata:
1368 3153 1639 3210 Feliciter
1686 3152 1893 3210 Iunius
1942 3150 2288 3210 Laurenaus
2336 3149 2535 3228 releqi,

287 3282 462 3339 quae,
503 3265 593 3322 uti
619 3263 733 3323 hoc
760 3272 820 3322 et
858 3265 921 3321 in
958 3263 1087 3320 aliis
1125 3259 1509 3336 scriptoribus
1550 3259 1772 3317 iactum
1812 3258 2053 3331 scimus,
2095 3277 2171 3318 ex
2195 3279 2314 3320 uno
2344 3261 2537 3321 codice

288 3375 354 3431 in
392 3372 646 3430 alterum
685 3371 1040 3448 transcripta
1078 3378 1140 3428 et
1182 3376 1510 3445 propagata
1553 3368 1839 3426 maiorem
1887 3375 2239 3428 vetustatem
2286 3369 2535 3442 redolet,

292 3497 473 3554 quam
521 3480 618 3537 cui
669 3481 855 3539 codex
900 3479 1004 3537 ille
1039 3478 1102 3537 A
1139 3485 1230 3536 est
1276 3477 1639 3536 tribuendus.
1692 3476 1805 3536 His
1855 3485 2050 3536 tamen
2098 3479 2535 3539 recensionibus

291 3588 482 3647 multo
521 3587 803 3645 arctiores
843 3588 990 3647 fines
1029 3586 1241 3660 fuisse,
1293 3604 1470 3661 quam
1506 3605 1696 3663 nuper
1749 3587 1907 3645 credi
1946 3594 2221 3663 coeptum
2259 3594 2378 3660 est,
2428 3587 2536 3647 illa

288 3698 420 3775 ipsa
460 3694 814 3772 subscriptio
854 3696 916 3774 in
957 3693 1151 3755 codice
1185 3693 1370 3753 Plinii
1411 3696 1582 3755 docet
1596 3737 1613 3768 ‚
1666 3680 1727 3753 et
1774 3697 2031 3755 verbum
2078 3699 2255 3773 releqi
2299 3697 2535 3771 egregie

290 3806 602 3865 confirmat
627 3822 699 3864 ea
727 3822 878 3880 quae
905 3805 979 3864 de
1003 3805 1117 3864 hac
1142 3824 1208 3863 re
1234 3803 1363 3863 Iah
1377 3805 1505 3863 niu
1519 3822 1548 3862 s
1577 3822 1742 3864 meus
1779 3806 1841 3863 in
1880 3804 2239 3882 praefatione
2266 3803 2533 3864 editionis

287 3915 493 3974 tertiae
519 3914 756 3973 Horatii
784 3913 877 3972 sui
904 3914 1093 3972 sobrie
1120 3912 1414 3972 disseruit.
1456 3911 1713 3971 Latioris
1753 3913 1877 3971 sine
1912 3912 2092 3972 dubio
2120 3912 2375 3971 ambitus
2402 3912 2533 3972 iue-

285 4029 429 4084 runt
451 4022 589 4083 illae
617 4042 723 4082 seu
762 4023 1199 4082 emendationes
1229 4040 1335 4080 seu
1360 4020 1862 4096 interpolationes,
1901 4039 2048 4097 quas
2089 4021 2328 4080 saeculo
2354 4020 2527 4095 XII.,

287 4150 409 4207 qua
435 4140 627 4191 aetate
666 4134 849 4192 verba
875 4131 1101 4191 Plinii·
1081 4150 1196 4189 iam
1226 4128 1665 4205 corruptissima
1693 4129 2266 4203 circumferebantur,
2304 4113 2864 4232 301)ωὲρῑ-

287 4248 386 4301 tus
413 4243 597 4303 abbas
625 4223 1028 4302 Thoriniensis
1059 4235 1470 4322 (Thorigny)‘
1451 4256 1517 4298 ιιι
1545 4235 1747 4299 Gallia
1774 4258 1840 4300 se
1874 4239 1935 4299 in
1962 4240 2218 4300 codicem
2245 4235 2514 4302 naturai*

2157 4421 2242 4472 J
