2961 4861
701 372 839 417 Lm.
873 371 947 417 11.
1012 369 1166 417 cAP.
1203 369 1697 416 Lxx-Lxxln.
1761 370 1953 416 snc'r.
1984 373 2167 416 τμη.
2428 358 2548 419 175

318 521 444 587 iter
485 532 638 596 erat,
695 521 968 586 eundem
1013 537 1305 585 remeans
1347 517 1605 584 obvium
1652 519 1968 584 contrario
2010 523 2550 604 praetervertebat

319 638 607 686 occursu.
658 620 812 701 Qua
851 613 935 685 de
979 641 1172 684 causa
1215 621 1299 684 ad
1340 639 1634 685 occasum
1677 620 2054 708 navigantes
2080 623 2372 704 quamvis
2401 624 2548 688 bre-

318 722 578 786 vissimo
622 721 726 786 die
769 722 1035 786 vincunt
1093 721 1299 806 spatia
1351 731 1699 785 nocturnae
1740 722 2167 809 navigationis
2226 735 2299 787 ut
2351 719 2548 789 solem

315 824 526 907 ipsum
569 821 966 886 comitantes.

398 920 697 986 LXXII.
766 923 869 985 ⁷4.
925 920 1232 1004 Vasaque
1275 923 1628 1007 horoscopa
1678 941 1804 988 non
1847 923 2086 1005 ubique
2132 925 2356 989 eadem
2402 935 2549 988 sunt
2581 945 2674 990 182

313 1022 479 1099 usui,
524 1022 591 1085 in
636 1022 911 1088 trecenis
955 1022 1176 1086 stadiis
1219 1033 1332 1086 aut
1373 1034 1446 1087 ut
1488 1023 1861 1110 longissime
1900 1024 1968 1087 in
2000 1025 2366 1112 quingentis
2403 1048 2547 1090 mu-

316 1121 597 1187 tantibus
640 1133 847 1187 semet
886 1122 1130 1186 umbris
1175 1123 1345 1189 solis.
1412 1123 1641 1208 Itaque
1684 1124 1966 1190 umbilici
2009 1126 2235 1211 (quem
2276 1143 2546 1212 gnomo-

310 1241 460 1288 nem
503 1224 857 1310 appellant)
898 1223 1126 1288 umbra
1164 1224 1230 1288 in
1260 1221 1572 1311 Aegypto
1612 1224 1965 1289 meridiano
2009 1234 2293 1310 tempore
2322 1226 2545 1308 aequi-

311 1326 483 1389 nocti
539 1325 642 1391 die
696 1325 887 1409 paulo
941 1323 1087 1410 plus
1151 1339 1342 1407 quam
1407 1324 1734 1388 dimidiam
1792 1326 2125 1412 gnomonis
2182 1347 2545 1390 mensuram

312 1425 562 1502 efficit3·
591 1426 657 1488 in
701 1424 859 1489 urbe
901 1423 1111 1488 Roma
1150 1440 1319 1487 nona
1361 1440 1512 1510 pars
1555 1425 1893 1511 gnomonis
1936 1425 2120 1489 deest
2148 1425 2431 1504 umbrae,
2477 1427 2545 1490 in

310 1525 548 1609 oppido
605 1524 877 1589 Ancona
931 1536 1228 1610 superest
1283 1526 1506 1607 quinta
1560 1525 1918 1612 trigesima,
1972 1527 2039 1590 in
2097 1536 2278 1611 parte
2321 1523 2545 1591 Italiae

310 1645 473 1709 quae
501 1626 778 1691 Venetia
819 1625 1180 1711 appellatur
1218 1625 1445 1689 iisdem
1490 1626 1663 1689 horis
1704 1625 1932 1689 umbra
1973 1626 2273 1711 gnomoni
2303 1648 2421 1710 par
2447 1626 2539 1691 fit.

391 1715 723 1790 LXXIII.
793 1723 895 1791 75.
946 1721 1152 1789 Simili
1194 1725 1386 1788 modo
1431 1725 1690 1788 tradunt
1730 1724 1796 1787 in
1829 1723 2045 1807 Syene
2086 1726 2324 1809 oppido
2368 1727 2542 1808 quod
2573 1746 2667 1790 183

310 1836 407 1889 est
450 1845 643 1911 supra
683 1819 1145 1890 Alexandriam
1190 1825 1472 1908 quinque
1527 1823 1784 1889 milibus
1840 1824 2114 1887 stadium
2170 1824 2394 1889 solstiti
2439 1826 2541 1889 die

307 1926 519 2002 medio
561 1927 799 1989 nullam
840 1924 1133 1987 umbram
1174 1924 1297 1988 iaci
1339 1934 1734 2007 puteumque
1776 1924 1912 1988 eius
1943 1924 2361 2009 experimenti
2387 1947 2538 2012 gra-

308 2027 397 2090 tia
448 2026 694 2091 factum
749 2036 952 2089 totum
1004 2025 1389 2103 inluminari,
1451 2045 1532 2089 ex
1587 2041 1716 2109 quo
1775 2025 2106 2110 adparere,
2163 2039 2294 2091 tum
2339 2030 2539 2092 solem

304 2128 397 2192 illi
436 2129 579 2192 loco
623 2147 818 2212 supra
855 2125 1165 2190 verticem
1207 2140 1373 2204 esse,
1417 2125 1593 2209 quod
1637 2138 1702 2190 et
1742 2127 1809 2190 in
1839 2127 2024 2191 India
2068 2146 2262 2213 supra
2301 2127 2536 2192 flumen

305 2226 624 2312 Hypasim
665 2227 803 2291 fieri
847 2238 1133 2310 tempore
1187 2227 1411 2292 eodem
1456 2225 1861 2292 Onesicritus
1916 2227 2156 2292 scribit.
2233 2225 2535 2293 Constat-

306 2345 430 2411 que
471 2327 539 2391 in
582 2326 895 2391 Benenice
939 2327 1097 2392 urbe
1139 2326 1680 2415 Trogodytarum,
1735 2328 1908 2392 unde
1965 2321 2183 2392 stadiis
2239 2341 2539 2410 quattuor

305 2419 559 2492 milibus
602 2440 894 2492 Dcccxx
946 2428 1013 2493 in
1066 2429 1292 2494 eadem
1347 2440 1562 2514 gente,
1622 2425 2018 2493 Ptolemaide
2071 2427 2310 2513 oppido
2365 2427 2537 2511 quod

304 2530 368 2592 in
413 2531 699 2616 margine
743 2530 915 2594 rubri
960 2529 1152 2593 maris
1196 2530 1277 2593 ad
1305 2530 1545 2614 primos
1577 2530 2053 2614 elephantorum
2085 2539 2354 2595 venatus
2382 2551 2534 2593 con-

303 2768 551 2830 (Robert.‚
595 2772 737 2820 codd.
781 2768 986 2832 Galen.)
1036 2784 1161 2834 prae
1201 2768 1384 2833 (parva
1421 2766 1620 2830 rasura)
1662 2770 1897 2832 vertebat,
1936 2772 1997 2821 R.
2047 2812 2108 2819 -.
2163 2764 2275 2829 diei,
2304 2772 2351 2820 R
2368 2770 2439 2820 ἀ.
2469 2813 2530 2819 -

307 2834 518 2900 huyum,
544 2853 589 2885 a.
630 2878 689 2885 -
726 2838 992 2897 comitante,
1018 2835 1111 2887 R'.

370 2902 399 2962 ξ
426 2902 537 2952 182.
587 2902 842 2967 ῐῖαεαᾳιιες
863 2905 1080 2953 Salmas.
1106 2914 1269 2952 exerc.
1293 2918 1343 2965 p.
1371 2907 1486 2953 458.
1511 2906 1559 2952 b.
1583 2904 1643 2953 F.
1668 2905 1802 2953 hanc
1825 2904 2100 2953 sectionem
2133 2918 2249 2953 cum
2279 2906 2533 2967 superiore

302 2971 577 3018 arctissime
624 2966 900 3032 coniungit,
947 2971 1146 3032 virgula
1190 2972 1345 3018 modo
1380 2971 1692 3033 interposita.
1734 3010 1796 3017 -.
1832 2972 2094 3032 uroscopia,
2118 2970 2215 3018 ΒΜ
2264 2967 2530 3033 korospica,

302 3035 531 3100 Sadhr.
574 3036 788 3099 oscopia,
828 3038 924 3087 R2.
978 3038 1238 3101 horispica,
1280 3034 1341 3086 Τ.
1381 3077 1442 3084 -
1482 3035 1664 3096 eadem,
1707 3032 1894 3085 Sabell.
1918 3036 2065 3084 Rad.
2120 3034 2291 3095 (codd.
2327 3035 2532 3097 Gelen.)

301 3100 468 3163 eidem,
494 3102 770 3153 Carbonar.
795 3105 981 3169 aliique
1005 3106 1149 3153 codd.
1175 3119 1254 3167 ap.
1279 3104 1430 3152 Rezz.
1470 3143 1532 3150 -
1568 3098 1711 3161 uisui,
1734 3102 1833 3150 11².
1864 3141 1925 3148 -
1962 3102 2181 3159 trecenis,
2206 3102 2350 3149 Rad.
2389 3101 2531 3150 trice-

301 3169 398 3229 nis,
426 3165 482 3218 θ.
519 3172 759 3232 trecentis,
782 3168 883 3236 βγ.
924 3213 984 3220 -
1025 3171 1242 3219 semitam
1266 3169 1434 3228 maris,
1460 3184 1505 3217 a.
1545 3210 1606 3216 —
1644 3165 1782 3216 solis.
1808 3166 2010 3228 Itaque,
2034 3167 2167 3216 Pint.
2192 3182 2236 3215 a.
2277 3166 2414 3217 Solis
2437 3170 2531 3217 ita·

301 3253 403 3299 que,
428 3231 476 3286 R
499 3235 846 3297 (membranae
868 3235 1048 3298 Rezz.)
1092 3237 1223 3286 solis.
1258 3232 1394 3283 Solis
1421 3233 1602 3296 itaque,
1629 3236 1676 3283 d.
1716 3274 1777 3281 ...
1815 3234 2100 3294 aequinocti,
2126 3235 2214 3284 R'.
2255 3274 2314 3283 ..
2352 3235 2528 3298 effecit,

298 3302 405 3352 Td.
446 3345 506 3352 ..
544 3307 725 3363 umbre,
746 3308 835 3355 R'2.
873 3305 1005 3361 urbe,
1031 3305 1119 3351 R'.
1149 3342 1210 3349 -
1236 3300 1456 3360 Ancona,
1479 3300 1712 3350 Radhr.
1737 3298 1949 3360 Ancone,
1972 3301 2106 3350 Pint.
2130 3296 2330 3363 13.Vid.
2356 3304 2529 3351 Vech-

297 3371 405 3417 neri
429 3371 670 3418 hellenol.
697 3384 745 3432 p.
773 3372 852 3419 28.
878 3385 950 3432 sq.
973 3368 1263 3418 Tzschuck.
1288 3376 1395 3416 not.
1422 3369 1529 3416 crit.
1555 3369 1618 3416 ad
1642 3369 1831 3416 Melam
1858 3366 1926 3417 Π.
1954 3374 2001 3429 4,
2023 3375 2067 3418 5.
2096 3410 2156 3417 -
2186 3370 2353 3431 quinta
2382 3368 2526 3433 triye-

296 3435 449 3495 st‘ma,
477 3437 655 3485 nach
693 3435 1019 3497 (carbonan,
1054 3432 1392 3496 Mediolann.)
1446 3434 1617 3498 quinta
1656 3436 1922 3493 trecesima,
1962 3451 2001 3484 r.
2063 3435 2253 3499 quinta.
2302 3437 2526 3494 Decima,

296 3503 455 3552 Hard.
511 3503 646 3552 deest
688 3504 849 3565 quinta
892 3502 1089 3561 decima,
1131 3503 1357 3552 Frenzcl.
1399 3503 1451 3550 in
1493 3502 1724 3553 Seebodii
1765 3503 1997 3552 biblioth.
2034 3505 2139 3552 crit.
2177 3506 2322 3553 1821.
2351 3502 2457 3553 vol.
2483 3507 2526 3554 Ι.

297 3584 346 3632 p.
375 3574 591 3620 97-99.
631 3609 693 3617 -
728 3570 1103 3632 partaliae‚R¹.
1143 3611 1203 3618 -
1242 3566 1440 3628 hisdem,
1463 3571 1527 3618 R.
1567 3610 1627 3617 -.
1665 3570 1871 3628 umbrae,
1896 3571 1985 3620 R2.

365 3638 535 3700 5183.
574 3633 811 3695 stadium,
835 3631 1012 3684 RTO.
1056 3634 1349 3695 stadiorum,
1385 3628 1567 3701 adssr.
1604 3677 1666 3686 ...
1707 3638 2038 3700 experimento,
2063 3635 2158 3686 R'.
2198 3678 2259 3685 ..-
2281 3637 2453 3699 facffi,
2479 3638 2527 3686 R

297 3701 354 3764 (ii
396 3720 461 3753 ex
503 3701 657 3765 corr.)
695 3743 755 3750 -
794 3703 843 3751 in
886 3701 1085 3763 Iumina,
1125 3703 1220 3752 R¹.
1250 3743 1312 3751 -
1351 3711 1460 3762 tum,
1504 3704 1667 3752 omitt.
1710 3718 1748 3750 σ
1774 3700 2031 3764 (Robert.)
2069 3743 2132 3751 -.
2169 3701 2335 3762 locum,
2360 3705 2422 3752 R.
2462 3743 2522 3750 -

296 3773 530 3831 vorticem,
555 3766 616 3821 R.
657 3811 718 3818 -
779 3786 951 3831 supra,
999 3770 1077 3819 R¹
1101 3773 1187 3819 ad.
1246 3771 1395 3831 circa,
1440 3768 1540 3819 R2.
1593 3811 1654 3819 -.
1713 3766 1980 3834 Hypasim,
2023 3768 2193 3820 wad.
2251 3767 2524 3832 Hypanim,

296 3837 391 3886 R2.
428 3831 700 3901 Hyspasin,
725 3850 772 3885 σ.
809 3834 1053 3900 Hypasin,
1076 3832 1177 3900 βγ.
1213 3834 1332 3885 Vid.
1357 3839 1421 3886 ad
1446 3840 1527 3897 35,
1554 3843 1633 3886 62.
1655 3877 1716 3884 -
1748 3835 2052 3899 onmia-rim,
2075 3846 2123 3883 v,
2144 3835 2308 3885 Geier.
2333 3837 2521 3898 scriptt.

295 3905 449 3954 Alex.
490 3907 562 3954 M.
606 3916 655 3968 p.
703 3910 814 3954 102.
854 3945 915 3951 -
954 3902 1137 3963 scribit,
1176 3897 1279 3953 ΒΘ
1290 3919 1335 3952 a.
1390 3903 1598 3967 scripsit,
1639 3898 1723 3963 ᾶβ
1769 3938 1780 3951 .
1820 3943 1881 3951 -
1926 3900 2183 3959 Berenice,
2215 3903 2419 3952 Robert.
2458 3942 2519 3950 .-

305 3969 718 4037 Troqodytarmm
752 3972 883 4020 Rad
916 3967 1179 4033 (Robcrt.)
1237 3968 1660 4032 Troylodytarum‚
1745 3982 1795 4031 r.
1846 4008 1905 4016 -„
1954 3966 2101 4028 unde,
2124 3968 2283 4018 R'ra..
2322 3976 2370 4016 et
2391 3969 2520 4030 inde,

297 4041 329 4087 d
353 4036 425 4097 (et
447 4040 468 4089 ἰ
487 4039 539 4086 in
562 4035 776 4099 rasura),
801 4038 1008 4087 Ro'bert.
1038 4032 1138 4100 βγ.
1175 4036 1489 4084 Pronomina
1512 4044 1562 4083 et
1585 4035 1819 4083 adverbia
1841 4035 2051 4084 relativa
2072 4035 2126 4083 in
2149 4036 2523 4085 constructione

296 4106 564 4154 accusativi
588 4112 704 4153 cum
728 4105 975 4154 infinitivo
1001 4100 1138 4153 haud
1170 4118 1283 4152 rano
1305 4117 1399 4165 pro
1425 4101 1805 4164 pronominibus
1828 4103 1908 4151 vel
1929 4102 2176 4151 advexbiis
2209 4104 2518 4153 demonstra-

295 4173 408 4221 tivis
427 4184 542 4220 cum
557 4172 748 4234 copula
768 4180 1054 4235 ponamin-3
1077 4172 1236 4231 vid.2,
1263 4176 1343 4220 32.
1373 4175 1417 4228 5,
1447 4174 1559 4218 110.
1589 4172 1634 4227 7,
1658 4174 1739 4217 36.
1767 4210 1828 4217 -
1852 4168 2026 4229 stadis,
2050 4168 2144 4219 R¹.
2168 4211 2228 4219 ...
2254 4170 2519 4231 tolomaide,

294 4240 354 4288 R.
394 4280 455 4287 -.
491 4239 633 4298 mari,
673 4237 771 4287 3¹.
811 4278 871 4285 -
905 4239 1101 4301 primo-3,
1142 4238 1265 4288 R²d
1306 4235 1569 4299 (Robert.)
1603 4233 1750 4300 prim,
1784 4233 1879 4285 R'.
1918 4235 2146 4300 primum,
2188 4250 2219 4286 a
2257 4234 2380 4297 (vet.
2405 4241 2519 4288 cod.

295 4306 507 4355 Salmas.
532 4320 694 4355 exerc.
721 4320 769 4367 p.
796 4311 911 4355 301.
936 4322 981 4355 a.
1005 4302 1093 4366 E.)
1123 4306 1327 4369 primum
1351 4301 1436 4365 ad,
1461 4303 1675 4353 Salmas.
