2961 4861
396 334 462 375 VI
1320 335 1699 377 PRAEFATIO.

392 503 519 544 cam
531 526 550 556 ‚
600 487 727 561 ipse
764 504 917 543 unus
957 487 1218 543 omnium
1255 505 1523 546 meorum
1561 487 1846 544 librorum
1886 482 1946 558 2,
1977 480 2123 543 230.
2166 485 2345 543 habet
2386 484 2628 554 Penius,

389 603 550 653 recte
587 594 935 653 confirmans
972 595 1278 654 lectionem
1323 592 1393 676 β;
1437 597 1650 655 melius
1690 615 1868 670 quam
1906 595 2151 670 vulgata
2189 593 2484 669 scriptura
2510 595 2630 651 Pe-
2673 582 2680 587 ’

390 725 529 765 neus
577 724 609 763 e
656 701 947 763 codicibus
983 701 1238 764 Barbari
1284 704 1499 764 hausta
1546 706 1715 764 docet
1760 706 1865 763 illa
1912 704 2200 779 originem
2254 722 2521 762 errorum
2568 703 2634 760 in

389 816 659 873 omnibus
701 814 940 886 reliquis
980 815 1274 874 codicibus
1310 816 1686 891 regnantium
1715 817 1949 891 penitus
1979 814 2074 871 vel
2104 814 2391 889 poenitus.
2452 808 2634 869 Simi-

386 924 520 982 liter
549 920 618 996 2,
650 919 798 981 232.
839 942 993 982 unus
1031 924 1218 982 codex
1251 925 1315 984 A
1353 934 1511 984 recte
1550 927 1733 984 habet
1768 929 1909 1002 fons
1960 927 2160 998 larqus
2198 923 2529 982 ‘intumescit
2565 939 2636 980 ac

389 1035 612 1105 residit,
653 1034 813 1107 quod
848 1053 962 1092 usu
988 1032 1263 1094 Pliniano
1303 1036 1748 1112 comprobatum
1787 1035 1996 1093 ceteris
2036 1033 2387 1091 lectionibus
2424 1032 2636 1091 resedit

389 1144 487 1203 vel
515 1146 725 1204 residet
750 1143 1220 1221 praeferendum.
1277 1143 1643 1221 Scripturam
1672 1144 2192 1219 Dalecampianam
2233 1150 2294 1200 et
2329 1141 2637 1216 vulgatam

389 1253 702 1311 Harduino
719 1285 750 1298 -
763 1247 1174 1312 Broterianam
1215 1271 1251 1331 γ
1290 1260 1445 1313 unus
1497 1255 1599 1313 ille
1649 1271 1854 1312 rursus
1904 1254 2210 1311 confirmat
2245 1247 2307 1323 4,
2339 1247 2442 1310 24.
2485 1269 2636 1327 por-

391 1374 484 1423 tus
512 1411 598 1422 .-
625 1362 866 1422 Athenis
910 1366 1111 1435 iuncti,
1152 1364 1254 1423 ubi
1293 1364 1504 1438 reliqui
1547 1366 1665 1421 duo
1710 1364 1812 1438 qui
1852 1363 1996 1421 mihi
2032 1363 2107 1419 ad
2150 1378 2360 1419 manus
2395 1358 2639 1418 fuerunt

391 1472 529 1531 libri
556 1472 666 1531 Rd
704 1473 858 1530 male
897 1473 1172 1531 exhibent
1207 1475 1437 1544 iunctis,
1480 1474 1639 1547 quod
1672 1481 1869 1530 ortum
1908 1489 2040 1530 esse
2067 1490 2144 1529 ex
2169 1469 2637 1527 homoeoteleuto

391 1581 692 1656 proximae
740 1581 900 1640 vocis
947 1596 1122 1640 nemo
1159 1600 1276 1639 non
1328 1582 1506 1640 videt.
1574 1581 1681 1642 Uti
1716 1588 1912 1639 tamen
1952 1581 2057 1639 vix
2105 1579 2287 1638 ullius
2339 1577 2638 1654 scriptoris

393 1691 578 1749 codex
613 1691 940 1763 invenitur,
993 1692 1096 1765 qui
1132 1709 1377 1767 prorsus
1423 1692 1500 1750 sit
1537 1691 1809 1752 immunis
1851 1691 1928 1747 ab
1969 1690 2130 1748 omni
2168 1689 2636 1764 interpolatione,

390 1801 473 1859 ita
501 1806 562 1857 et
591 1801 775 1858 codex
802 1799 865 1857 A
893 1799 1005 1858 hac
1031 1801 1163 1858 labe
1191 1819 1310 1858 non
1338 1803 1414 1859 ab
1443 1801 1601 1859 omni
1633 1807 1803 1876 parte
1840 1807 1931 1857 est
1963 1798 2137 1869 liber,
2176 1816 2294 1856 non
2332 1797 2488 1872 quod
2525 1798 2639 1855 bo·

383 1927 538 1967 num
576 1909 703 1966 eius
742 1908 1046 1967 librarium
1088 1910 1208 1966 tale
1243 1911 1386 1985 quid
1424 1911 1753 1985 suscepisse
1788 1917 2026 1985 putem,
2072 1908 2175 1965 sed
2212 1908 2369 1983 quod
2410 1906 2637 1965 descri-

393 2026 533 2094 ptus
581 2025 672 2075 est
721 2035 755 2075 e
793 2018 989 2076 codice
1039 2019 1158 2075 iam
1207 2019 1579 2094 interpolato,
1644 2012 1743 2077 Ita
1782 2015 1843 2089 2,
1875 2013 2022 2076 234.
2065 2036 2198 2075 cum
2248 2016 2443 2074 codice
2493 2016 2533 2072 d
2581 2024 2641 2073 et

394 2126 746 2186 editionibus
778 2122 858 2206 βγ
897 2146 974 2184 ex
1012 2127 1458 2203 interpolatione
1500 2128 1723 2186 librarii
1764 2127 2014 2185 alicuius
2056 2127 2216 2184 dedit
2241 2127 2500 2201 Iamque,
2537 2124 2640 2181 ubi

391 2236 621 2293 codices
650 2235 823 2294 ceteri
851 2252 1054 2295 omnes
1084 2236 1345 2313 Namque
1373 2236 1670 2309 exhibent,
1710 2237 1871 2319 quod
1906 2237 2044 2294 usui
2069 2234 2252 2293 Plinii
2287 2235 2351 2292 in
2389 2234 2641 2322 transitu

389 2347 465 2403 ab
494 2345 614 2403 alia
649 2360 714 2403 re
751 2346 826 2402 ad
855 2345 1032 2403 aliam
1068 2345 1228 2403 haud
1268 2365 1405 2407 raro
1434 2347 1760 2404 duriusculi
1789 2346 2018 2420 egregie
2058 2344 2391 2421 respondet.
2445 2342 2643 2403 Maior

389 2455 782 2534 interpolatio,
829 2474 982 2531 quae
1011 2458 1226 2533 partim
1269 2465 1329 2515 et
1353 2457 1414 2514 in
1444 2457 1589 2515 alios
1619 2457 1843 2515 codices
1870 2456 2126 2531 irrepsit,
2162 2454 2418 2514 fortasse
2447 2463 2643 2512 exstat

278 2566 283 2571 ’
391 2560 453 2635 5,
500 2560 664 2637 133„
706 2566 810 2624 ubi
848 2585 958 2641 pro
1000 2584 1069 2624 eo
1113 2567 1271 2640 quod
1313 2586 1389 2624 ex
1417 2566 1548 2624 aliis
1593 2567 1886 2625 codicibus
1916 2566 2137 2624 dudum
2177 2573 2268 2624 est
2306 2566 2641 2623 restitutum

392 2675 525 2733 olim
553 2673 820 2750 Nisyros,
865 2676 1050 2734 codex
1076 2676 1139 2733 A
1190 2695 1409 2734 novam
1446 2677 1703 2735 insulam
1740 2676 1908 2750 fingit
1934 2677 2194 2734 Elimnia
2221 2675 2424 2751 Syros,
2462 2691 2642 2749 quam

391 2791 587 2842 tamen
616 2781 802 2842 Schn
819 2784 933 2842 eid
949 2785 1161 2843 ewini
1206 2786 1541 2843 coniectura
1581 2778 1673 2864 (v.
1717 2779 2061 2865 comment.)
2100 2802 2219 2841 non
2259 2785 2386 2842 sine
2421 2784 2641 2860 proba-

392 2892 635 2952 bilitatis
677 2894 870 2968 specie
907 2894 1184 2952 vindicat.
1254 2892 1801 2969 Splendidissimam
1841 2914 1983 2953 vero
2010 2894 2523 2969 interpolationem
2551 2892 2643 2951 vi-

393 3003 600 3063 demus
634 2997 693 3076 5,
726 2999 809 3074 2.,
840 3003 943 3061 ubi
985 3021 1093 3080 pro
1124 3022 1196 3062 eo
1224 3005 1383 3079 quod
1410 3004 1691 3062 editiones
1720 3011 1779 3062 et
1804 3004 1943 3063 boni
1970 3005 2196 3062 codices
2223 3004 2442 3061 habent
2474 3003 2644 3062 Clau-

393 3116 524 3185 dio,
580 3115 643 3171 in
683 3114 877 3172 codice
913 3113 978 3172 A
1013 3126 1233 3175 centum
1273 3117 1692 3191 quinquaqinta
1730 3117 1890 3173 milia
1934 3113 2183 3190 legitur,
2237 3113 2340 3187 qui
2375 3111 2644 3170 immanis

394 3241 560 3281 error
598 3224 892 3299 quomodo
936 3228 1102 3281 ortus
1143 3224 1236 3294 sit,
1282 3225 1455 3281 docet
1493 3224 1682 3281 codex
1721 3223 1802 3294 D,
1845 3224 1907 3281 in
1945 3240 2065 3298 quo
2100 3223 2166 3281 0.
2196 3223 2274 3280 L.
2312 3223 2642 3290 invenitur3

396 3333 722 3406 comparari
762 3332 876 3390 hoc
912 3339 1108 3406 potest
1149 3351 1284 3391 cum
1319 3332 1772 3409 interpolatione
1808 3335 2045 3391 clemens
2076 3327 2178 3405 33,
2213 3326 2356 3391 145.
2397 3332 2461 3390 in
2490 3330 2645 3390 codi-

397 3443 562 3501 cibus
590 3439 737 3498 VR.
779 3439 1031 3498 Illarum
1068 3441 1587 3516 interpolationum
1628 3449 1928 3501 auctorem
1965 3440 2220 3500 fortasse
2246 3421 2646 3517 deprehendas

398 3571 476 3608 ex
510 3550 641 3626 ipso
684 3548 798 3608 hoc
837 3550 1019 3621 libro,
1063 3551 1125 3609 in
1168 3567 1287 3625 quo
1328 3569 1480 3627 pone
1522 3551 1742 3610 librum
1780 3552 1894 3611 IV.
1937 3553 2218 3627 leguntur
2252 3553 2399 3610 haec
2434 3550 2647 3609 verbaz

399 3662 680 3721 Folio-iter
734 3661 941 3719 Iunius
980 3661 1329 3720 Laurenaus
1377 3654 1524 3741 (sic)
1582 3665 1790 3738 releqi,
1850 3663 2008 3737 quod
2057 3680 2270 3721 nomen
2319 3680 2396 3719 ex
2442 3660 2650 3718 Iunius

400 3773 623 3830 Lucius
671 3770 1023 3830 Aurelianus
1084 3777 1424 3845 corruptum
1488 3789 1618 3830 esse
1676 3770 2152 3831 Schneidewinus
2209 3776 2400 3846 putat.
2458 3768 2650 3827 Tran-

404 3880 625 3956 scripta
660 3878 805 3938 haec
844 3899 976 3938 esse
1014 3900 1052 3938 a
1087 3879 1330 3938 librario
1373 3881 1585 3939 codicis
1623 3881 1686 3939 A
1728 3900 1803 3939 ex
1840 3883 2159 3959 archetypo
2203 3898 2324 3939 non
2359 3887 2451 3938 est
2490 3878 2652 3954 quod

403 3989 763 4062 dubitemus,
801 3989 1063 4065 illudque
1103 4008 1314 4048 nomen
1354 3988 1788 4049 Schneidewini
1822 3991 2000 4050 indici
2040 3991 2504 4067 subscriptorum
2540 3988 2649 4046 ad-

405 4099 696 4168 dendum3
751 4099 888 4157 vide
936 4099 1110 4158 huius
1160 4100 1426 4176 prolegg.
1477 4101 1555 4159 ad
1601 4101 1938 4159 Martialem
1978 4120 2039 4177 p.
2091 4099 2317 4160 CVIII.
2362 4118 2452 4175 sq.
2512 4097 2650 4158 coll.

405 4208 676 4267 Lerschii
725 4209 1129 4269 dissertatione
1176 4210 1238 4267 in
1277 4212 1357 4268 M
1360 4230 1528 4270 useu
1545 4231 1600 4268 m
1649 4213 1748 4270 des
1798 4211 2142 4272 Rheim'sclz-
2159 4209 2654 4287 Westphalischm

407 4321 1041 4384 Sohulmannervereins
1068 4318 1185 4378 111.
1216 4315 1360 4379 229.
1392 4340 1523 4396 sqq.
