2961 4861
375 311 500 373 424
1079 324 1489 372 NATURAus
1533 323 1924 372 ms‘roruAn

377 476 589 562 spium
633 471 909 541 Seleuco
953 485 1018 539 et
1060 474 1384 539 Antiocho
1437 474 1895 559 praefectoque
1950 473 2173 537 classis
2228 494 2449 562 eorum
2489 472 2632 536 Pa-

376 577 607 653 trocle,
668 597 894 640 verum
946 585 1013 639 et
1064 574 1204 638 aliis
1256 573 1623 654 auctoribus
1668 570 1940 638 Graecis
1995 573 2108 655 qui
2162 594 2309 636 cum
2360 572 2635 659 regibus

374 675 617 740 Indicis
662 675 889 740 morati
905 721 923 750 ,
994 674 1160 736 sicut
1200 671 1663 757 Megasthenes
1709 683 1776 737 et
1815 672 2171 755 Dionysius
2214 695 2253 736 a
2295 671 2632 737 Philadel-

378 776 506 861 pho
560 774 794 838 missus
850 795 933 837 ex
987 795 1065 838 ea
1115 793 1334 848 causa,
1401 771 1558 836 viris
1613 794 1869 856 quoque
1921 773 2213 860 gentium
2263 772 2628 856 prodidere.

377 874 525 940 Non
569 885 780 938 tamen
825 882 923 937 est
965 872 1332 957 diligentiae
1373 871 1575 950 locus,
1620 872 1780 937 adeo
1824 874 2079 938 diversa
2122 883 2188 937 et
2227 872 2631 937 incredibilia
2663 896 2737 940 59

381 977 736 1040 traduntur.
782 973 1144 1037 Alexandri
1173 974 1390 1060 magni
1420 973 1684 1038 comites
1711 974 1781 1037 in
1810 996 1885 1039 eo
1915 985 2124 1038 tractu
2152 973 2399 1051 Indiae,
2433 995 2631 1058 quem

295 1085 299 1092 '
377 1076 571 1141 armis
603 1074 1019 1160 subegerunt,
1067 1074 1460 1159 scripserunt
1502 1096 1548 1137 v
1590 1074 1766 1141 milia
1801 1075 2184 1160 oppidorum
2212 1074 2437 1151 fuisse,
2480 1074 2630 1137 nul-

377 1179 510 1243 lum
558 1173 911 1242 Cominus
929 1224 947 1253 ‚
994 1177 1206 1263 gentis
1224 1225 1229 1228 -
1249 1199 1395 1239 vnn
1411 1223 1430 1252 ,
1474 1175 1853 1259 Indiamque
1898 1175 2152 1240 tertiam
2194 1187 2443 1262 partem
2486 1197 2630 1240 esse

382 1290 695 1344 terrarum
726 1279 1028 1355 omnium,
1073 1277 1551 1342 multitudinem
1593 1277 1977 1363 populorum
2012 1278 2431 1355 innumeram,
2475 1299 2629 1362 pro-

379 1379 578 1446 babili
625 1403 777 1445 sane
820 1378 1087 1442 ratione.
1132 1376 1280 1442 Indi
1324 1378 1495 1442 enim
1537 1378 1830 1465 gentium
1871 1400 2073 1463 prope
2117 1379 2236 1442 soli
2278 1400 2632 1462 numquam

383 1481 744 1566 migravere
786 1479 1022 1545 finibus
1068 1478 1220 1543 suis.
1280 1475 1691 1564 Colliguntur
1732 1502 1772 1543 a
1813 1477 2056 1544 Libero
2096 1477 2296 1543 Patre
2341 1479 2425 1543 ad
2465 1479 2631 1544 Ale-

380 1581 700 1646 xandrum
749 1602 1056 1666 magnum
1110 1601 1301 1667 reges
1357 1601 1579 1644 eorum
1632 1599 1820 1657 cnm,
1880 1579 2063 1644 annis
2115 1602 2187 1644 v1
2227 1579 2361 1643 mil.
2406 1600 2633 1644 ccccm

381 1683 669 1748 adiciunt
713 1693 778 1748 et
820 1704 1075 1746 menses
1118 1704 1212 1746 111.
1264 1679 1578 1745 Amnium
1605 1681 1768 1745 mira
1798 1682 2101 1759 vastitas;
2147 1681 2441 1767 proditur
2467 1681 2631 1746 Ale·
2660 1703 2732 1748 so

382 1788 704 1852 xandrum
755 1785 930 1850 nullo
985 1783 1089 1848 die
1142 1783 1355 1848 minus
1408 1783 1617 1847 stadia
1658 1800 1748 1846 Dc
1790 1782 2140 1870 navigasse
2192 1783 2263 1847 in
2304 1782 2468 1848 Indo
2509 1805 2633 1849 nec

383 1890 669 1976 potuisse
714 1897 865 1953 ante
908 1908 1162 1952 menses
1205 1907 1251 1948 v
1295 1885 1640 1971 enavigare
1684 1884 1954 1949 adiectis
1996 1885 2224 1971 paucis
2269 1884 2517 1962 diebuS,
2568 1895 2636 1950 et

384 2003 598 2055 tamen
639 1990 952 2054 minorem
983 1985 1215 2075 Gange
1261 2009 1401 2052 esse
1448 1996 1717 2051 constat.
1763 1983 2016 2051 Seneca
2060 1986 2252 2051 etiam
2292 1986 2470 2071 apud
2511 2008 2634 2052 nos

386 2100 699 2178 temptata
738 2088 962 2153 Indiae
987 2086 1517 2158 ,conmentatione
1559 2109 1647 2150 Lx
1689 2088 1893 2151 amnis
1938 2088 2076 2153 eius
2118 2087 2423 2173 prodidit,
2468 2110 2633 2175 gen-

389 2192 470 2256 tis
510 2213 731 2255 cxvm.
798 2189 930 2252 Par
969 2187 1149 2251 labos
1194 2187 1280 2251 sit
1318 2187 1555 2251 montis
1600 2209 1993 2253 enumerare.
2057 2187 2424 2274 Iunguntur
2465 2189 2636 2253 inter

390 2314 460 2356 se
502 2290 720 2355 Imaus
736 2339 754 2368 ,
806 2288 1127 2365 Emodus,
1182 2286 1621 2372 Paropanisus
1637 2334 1656 2365 ,
1717 2284 2080 2368 Caucasus,
2140 2311 2180 2353 a
2224 2287 2459 2371 quibus
2502 2298 2638 2354 tota.

391 2391 676 2463 decurrit
717 2392 785 2461 in
826 2390 1158 2479 planitiem
1199 2390 1553 2456 inmensam
1599 2399 1663 2455 et
1699 2386 2008 2479 Aegypto
2053 2389 2341 2458 similem.
2386 2390 2635 2459 Verum
2662 2410 2719 2455 61

457 2589 721 2654 praefecto,
743 2588 803 2637 P.
840 2625 902 2635 ...
942 2600 1120 2646 eorum,
1144 2585 1329 2635 R2Pd.
1364 2597 1543 2644 ereum,
1565 2583 1656 2633 R'.
1684 2622 1747 2632 ...
1781 2597 1948 2634 verum
1980 2591 2139 2635 tamen
2171 2594 2230 2647 et,
2266 2585 2327 2637 P.
2353 2624 2416 2635 -.
2456 2583 2636 2653 Maqe·

395 2664 565 2715 stanes,
587 2657 652 2708 B.

462 2723 491 2784 ξ
519 2727 598 2770 59.
632 2716 757 2780 Nec,
782 2719 925 2769 codd.
961 2716 1179 2769 Salmas.
1203 2730 1368 2767 exerc.
1392 2732 1442 2779 p.
1470 2721 1585 2769 697.
1610 2733 1656 2767 a.
1679 2718 1741 2769 Ε.
1779 2758 1843 2767 ..-
1880 2726 1963 2779 est,
1987 2718 2037 2768 B
2056 2711 2301 2770 OSTPd
2325 2715 2500 2782 (codd.
2521 2720 2637 2771 Sal-

394 2784 548 2848 mas.)
585 2784 731 2847 deest,
756 2780 814 2846 β.
868 2824 934 2837 ..-
986 2783 1243 2849 diliqenter
1275 2780 1480 2845 locutus,
1503 2785 1563 2834 Ρ.
1598 2824 1663 2833 -..
1718 2784 1927 2835 tradunt
1948 2783 2031 2835 Al.
2057 2802 2116 2835 m.
2139 2787 2349 2836 comites.
2373 2786 2453 2848 In,
2475 2787 2536 2838 Ρ.
2572 2827 2639 2836 -.

398 2870 537 2919 quem
561 2852 735 2914 armis,
767 2845 824 2900 θ.
865 2868 1002 2915 quem
1035 2852 1200 2913 aemis,
1223 2850 1314 2902 3¹.
1351 2851 1607 2913 quevemis,
1630 2850 1821 2914 Rigalt.
1847 2869 1927 2916 ap.
1952 2852 2168 2904 Salmas.
2216 2870 2353 2916 quem
2379 2852 2432 2901 in
2457 2852 2549 2915 his,
2574 2854 2639 2903 Τ.

397 2937 490 2985 que
515 2920 565 2970 in
588 2918 684 2982 his,
707 2922 756 2970 d.
795 2937 932 2984 quem
955 2916 1050 2980 his,
1072 2918 1163 2968 3².
1201 2934 1337 2981 quem
1360 2915 1429 2979 lai,
1451 2918 1513 2969 Ρ.
1539 2933 1693 2981 quem,
1703 2913 1763 2979 β.
1789 2959 1853 2969 ...
1880 2922 2309 2985 subeycrunt,Rd.
2333 2921 2640 2984 subeyerant,

404 2982 610 3053 ΘΡβγ.
646 2986 934 3052 subeqerint,
959 2987 1005 3036 T
1039 2982 1282 3049 (Rigalt.)
1330 2999 1469 3048 quem
1502 2987 1547 3036 is
1576 2986 1834 3049 subeyerit,
1866 2984 2083 3036 Salmas,
2131 3027 2194 3037 .-.
2247 2985 2313 3037 Co
2345 2990 2514 3050 minus,
2545 2988 2640 3039 Sa-

395 3057 516 3108 bell.
549 3064 601 3109 et
632 3057 839 3106 Barbar.
884 3054 1160 3119 coqiminus,
1192 3053 1242 3103 R
1257 3045 1410 3103 ΘΤΡ
1425 3055 1458 3102 d
1480 3050 1622 3114 (libri
1645 3067 1726 3115 ap.
1747 3051 1990 3115 Salmas.)
2032 3052 2315 3118 nullumque
2338 3054 2515 3115 minus,
2537 3056 2641 3105 Kr.

399 3124 628 3182 cominus,
652 3118 710 3186 β.
751 3120 842 3172 Coi
861 3121 1041 3183 minus,
1066 3120 1281 3171 Salmas.
1315 3160 1382 3169 ....
1412 3128 1598 3184 qentes,
1620 3119 1779 3172 nard.
1798 3128 1849 3169 et
1864 3119 1997 3170 Rob.
2031 3119 2257 3184 yentium,
2273 3117 2549 3183 RTPdss.
2575 3162 2642 3172 -

412 3207 606 3268 VIIII,
631 3207 694 3256 Τ.
732 3246 797 3256 -.
848 3205 1066 3267 Indiam,
1089 3206 1222 3256 Rob.
1245 3204 1517 3267 Excerpsit
1538 3204 1667 3252 haec
1698 3202 1860 3254 Solin.
1889 3209 1969 3264 52,
1994 3209 2042 3255 3.
2068 3210 2116 3256 4.
2169 3244 2234 3253 -
2285 3222 2405 3256 sanc
2429 3205 2643 3268 ratione,

398 3276 518 3326 BP.
555 3271 894 3333 enarratione,
919 3274 1026 3322 Td.
1062 3312 1126 3321 .-
1160 3270 1373 3338 yentium
1439 3286 1574 3334 rope,
1606 3271 1700 3320 Rd
1733 3268 1916 3334 (Rob.)
1955 3286 2107 3336 prope
2133 3271 2357 3335 yentium,
2384 3268 2539 3336 Ρβγ.
2574 3313 2643 3323 -

399 3341 690 3404 miyravere,
713 3340 764 3388 R
782 3331 934 3390 ΘΤΡ
947 3342 994 3389 (1.
1040 3340 1133 3388 emi
1164 3353 1349 3399 rava-e,
1417 3374 1430 3387 .
1474 3339 1748 3402 miyravere
1774 3353 1813 3396 e,
1836 3338 2005 3387 Hand.
2030 3339 2248 3388 Tursell.
2273 3345 2321 3388 2.
2347 3354 2397 3403 p.
2424 3345 2538 3389 616.
2575 3380 2641 3390 .-

404 3405 610 3468 CLIII,
633 3405 848 3456 RTPd.
892 3402 1080 3466 CLIV,
1153 3421 1203 3471 γ.
1225 3446 1289 3458 ..-
1321 3405 1412 3467 VI,
1429 3406 1480 3455 R
1497 3397 1724 3455 OTPdr
1741 3401 1923 3468 (Rob.)
1959 3405 2183 3470 quinque,
2200 3400 2260 3466 β.
2281 3445 2345 3456 -
2372 3403 2642 3469 CCCCLI,

400 3476 463 3531 R.
515 3470 766 3535 CCCCII,
790 3475 825 3523 d
846 3469 1029 3536 (Rob.)
1051 3469 1110 3534 β.
1147 3472 1537 3538 quadrinqentis,
1558 3472 1619 3523 Ρ.

469 3541 499 3604 ξ
525 3549 604 3593 60.
638 3538 947 3601 Alea-ander,
971 3541 1103 3591 Rob.
1141 3580 1206 3590 -.
1240 3543 1305 3603 in,
1329 3541 1495 3591 omitt.
1518 3540 1666 3593 RPd
1689 3535 1871 3602 (Rob.)
1915 3580 1979 3590 .-..
2025 3550 2185 3604 tanye,
2208 3541 2256 3590 d.
2303 3579 2367 3590 ...
2414 3539 2520 3591 Sed
2541 3557 2642 3603 nec,

401 3613 463 3664 Ρ.
503 3610 566 3660 ..“.
603 3623 704 3670 nos,
727 3607 834 3658 Rd.
871 3623 962 3658 nos
982 3616 1288 3672 mayestenes,
1311 3609 1372 3657 Ρ.
1405 3624 1494 3658 nos
1520 3604 1594 3670 (ut
1616 3616 1664 3656 et
1686 3605 1774 3657 Me
1806 3605 2036 3671 astenes),
2060 3624 2099 3657 r.
2127 3647 2190 3656 .-
2214 3608 2642 3671 commendatione,

403 3696 443 3730 r.
480 3717 543 3727 ....
581 3674 702 3738 eius,
728 3690 829 3725 om.
852 3675 912 3726 P.
969 3715 1033 3725 -.
1085 3675 1236 3736 labos,
1259 3668 1478 3728 RGTd.
1518 3673 1670 3735 labor,
1694 3676 1738 3724 P
1800 3690 1850 3740 r.
1904 3715 1967 3724 -
2022 3690 2321 3736 enumerare,
2343 3675 2464 3731 ΒΡ.
2501 3675 2643 3725 innu-

404 3745 544 3807 meri,
567 3745 672 3794 Td.
711 3783 774 3792 .-
809 3741 1155 3811 Iniunquntur,
1177 3745 1238 3794 P.
1276 3783 1339 3793 .-
1373 3741 1567 3804 Imaus,
1590 3742 1858 3792 Barbarus.
1892 3742 2262 3804 Hiamavos,R.
2297 3741 2555 3805 Himavos,
2579 3743 2643 3793 T.

404 3813 500 3865 Hii
520 3827 707 3873 mavos,
731 3813 780 3861 d.
815 3809 913 3862 Hii
932 3812 1183 3872 mahuhos,
1204 3810 1265 3862 Ρ.
1302 3850 1365 3860 .-.
1401 3807 1668 3870 Hemodus,
1691 3812 1809 3861 ΒΤ.
1847 3850 1907 3858 -
1945 3808 2302 3875 Paropanisus,
2326 3810 2502 3861 RTP.
2536 3808 2643 3859 Pa-

407 3878 691 3944 ropamisus‚
725 3873 866 3944 ᾱβγ.
914 3918 977 3928 .-
1026 3876 1290 3940 Caucasus,
1323 3877 1423 3928 ΤΡ
1434 3879 1483 3928 d.
1533 3874 1787 3928 Caucasus
1803 3878 1845 3943 ἶ)
1863 3879 1900 3928 (ἶ
1917 3879 1967 3939 ἦ,
1990 3878 2055 3930 R.
2106 3876 2362 3928 Caucasus
2382 3877 2444 3927 P.
2468 3874 2532 3925 A.
2558 3876 2644 3938 R„

409 3949 554 3997 codd.
576 3947 786 3996 Barbari
809 3953 860 3995 et
882 3946 1096 3998 Salmas.
1121 3961 1284 3996 exerc.
1306 3961 1358 4010 p.
1396 3951 1510 3995 554.
1542 3946 1592 3998 b.
1622 3944 1693 3994 A.
1742 3942 1996 3995 Caucasus
2020 3960 2137 3995 cum
2161 3945 2325 4009 spatio
2349 3959 2528 4005 vacuo,
2551 3944 2640 3993 alii

407 4016 554 4141 ἓοᾱᾱ.
577 4014 806 4075 Barbari,
826 4016 914 4077 qui
944 4012 1155 4065 Caucasi
1166 4031 1292 4081 pars
1310 4014 1394 4066 vel
1421 4009 1673 4064 Caucasus
1695 4012 1937 4064 Parnetus
1962 4013 2181 4063 coniicit.
2222 4010 2438 4062 Caucasi
2452 4021 2639 4078 partes,

453 4117 465 4130 .
505 4121 565 4129 -
603 4082 796 4142 decora,
817 4081 878 4130 Ρ.

477 4150 507 4210 §
533 4154 613 4198 61.
652 4146 1069 4208 demonstratione,
1094 4150 1198 4200 Td.
1226 4189 1288 4199 .-
1325 4147 1617 4210 insistimus,
1641 4148 1761 4198 BT.
1797 4147 2099 4207 insistamus,
2121 4143 2320 4211 Ρᾱβγ.
2347 4187 2410 4196 -
2433 4145 2644 4207 Baeton,

412 4217 460 4264 d.
506 4210 712 4271 Bethon.
743 4216 808 4264 R.
853 4213 1026 4278 Beton,
1048 4217 1255 4266 Barbar.
1288 4211 1348 4277 β.
1391 4212 1657 4277 ΒεεΙιοηαε,
1679 4216 1739 4265 Ρ.
1778 4256 1839 4265 ..
1874 4214 2163 4282 Dioynetus,
2186 4229 2235 4264 v.
2260 4215 2426 4266 Geier.
2451 4215 2546 4265 scri
2584 4222 2643 4264 tt.

412 4281 567 4332 Alex.
597 4282 671 4329 M.
703 4295 753 4344 p.
787 4287 900 4331 368.
953 4321 1018 4331 .-
1071 4283 1311 4345 itinerum,
1341 4285 1471 4334 R2d.
1524 4282 1709 4345 iterum,
1740 4284 1798 4333 Ρ.
1853 4283 1989 4346 itere,
2020 4283 2109 4334 13¹.
2163 4322 2226 4333 -..
2282 4283 2425 4346 quod,
2459 4283 2508 4333 R
2568 4282 2644 4333 uti
