2961 4861
1280 410 1657 454 PRAEFATIO.
2339 410 2596 454 LXXXIII

348 562 701 623 dawinum
740 562 805 620 in
842 569 1010 621 nunt.
1051 561 1228 623 litter.
1260 560 1534 640 Gotting,
1581 557 1765 623 1849.
1805 576 1895 621 nr.
1929 555 2310 633 181-183„
2353 560 2592 625 Ludo-

349 671 589 731 vicum·
612 672 692 729 de
720 669 853 730 Ian
879 671 941 730 in
968 680 1137 731 nunt.
1165 673 1346 732 litter.
1368 672 1603 731 Monac.
1636 665 1820 731 1849.
1850 690 1943 730 nr.
1976 665 2249 733 56-58.
2281 678 2401 730 tam
2429 671 2596 731 docte

347 799 529 856 quam
566 782 812 841 comiter
850 781 925 839 de
943 781 1156 859 ¹ope—lla
1178 800 1314 857 mea
1348 781 1762 857 qualicumque
1788 773 2140 859 iudicantes)
2154 821 2174 852 ,
2216 788 2343 839 tum
2380 781 2445 838 in
2473 779 2596 838 Er-

343 898 561 949 nesto
598 890 987 966 Friderico
1030 892 1590 962 Wfistemanno,
1639 872 1973 967 professore
2014 889 2264 949 illustris
2310 889 2598 967 gymnasii

347 997 631 1072 Gothani,
660 1002 984 1059 maximum
1010 999 1697 1070 desideriumexcitavit,
1736 1005 1806 1058 ut
1832 1005 1993 1057 totus
2019 997 2247 1057 Plinius
2274 998 2379 1058 illo
2408 1017 2596 1075 appa-

254 1182 266 1193 ,
343 1117 480 1167 ratu
515 1109 838 1168 instructus
868 1120 928 1169 et
961 1130 1038 1169 ex
1067 1129 1159 1184 eo,
1202 1111 1400 1187 quoad
1429 1109 1552 1167 eius
1589 1108 1719 1167 fieri
1744 1112 1963 1183 posset,
2006 1107 2082 1165 ad
2121 1108 2374 1183 optimos
2401 1107 2595 1169 fontes

341 1226 655 1276 revocatus
687 1202 981 1279 ederetur.
1022 1217 1249 1295 Magna
1264 1220 1336 1279 iis
1356 1219 1586 1278 iactura
1611 1234 1742 1276 esse
1763 1215 2093 1287 videbatur,
2118 1216 2168 1274 si
2187 1216 2363 1274 editio
2383 1225 2591 1276 aucto-

341 1325 424 1389 ris
453 1326 785 1400 gravissimi
811 1328 909 1386 diu
935 1338 1287 1406 praeparata
1312 1337 1419 1388 aut
1441 1345 1690 1405 prorsus
1720 1325 2088 1386 omitteretur
2110 1332 2236 1397 aut,
2264 1327 2423 1401 quod
2451 1325 2593 1385 ulti·

341 1453 510 1494 mum
551 1435 833 1513 effugium
869 1444 1091 1497 restare
1139 1437 1558 1514 opinabantur,
1623 1435 1701 1494 ad
1746 1443 1982 1494 exteras
2027 1435 2293 1499 nationes
2343 1436 2596 1512 migrare

341 1551 683 1621 cogeretur3
723 1558 912 1623 neque
941 1565 1072 1624 eg0,
1116 1548 1215 1606 cui
1251 1547 1434 1604 semel
1472 1545 1581 1604 illa
1618 1520 1926 1621 provincia
1951 1543 2302 1603 demandata
2330 1550 2477 1616 erat,
2517 1542 2595 1602 ad

339 1671 521 1730 quam
571 1653 814 1715 feliciter
868 1655 1387 1714 administrandam
1437 1673 1556 1714 non
1595 1672 1816 1731 paucos
1858 1653 2008 1711 alios
2057 1659 2182 1711 tam
2233 1655 2310 1713 ab
2351 1653 2592 1728 ingenio

339 1781 520 1839 quam
539 1764 614 1822 ab
637 1765 906 1824 doctrina
925 1764 1101 1841 longe
1121 1768 1219 1823 me'
1245 1763 1649 1824 instructiores
1670 1762 1859 1820 multo
1882 1761 2139 1839 aptiores
2159 1759 2393 1819 futuros
2414 1760 2592 1820 fuisse

341 1873 565 1948 optime
593 1873 736 1944 sci0,
762 1873 851 1932 illi
878 1873 1183 1946 desideri0‚
1228 1880 1514 1949 quantum
1540 1871 1601 1930 in
1628 1889 1727 1930 me
1754 1871 1887 1942 fuit,
1915 1870 2271 1947 respondere
2297 1870 2588 1929 nolebam.

340 1980 874 2042 Wiistemanno
909 1983 1092 2059 igitur
1120 1989 1247 2041 tota
1282 2001 1348 2040 re
1374 1981 1591 2040 tradita
1626 1980 1725 2039 hic
1750 1981 1844 2040 vir
1872 1980 2121 2039 eximius
2161 1979 2395 2039 fervore
2421 1998 2590 2058 pror-

339 2107 444 2148 sus
475 2089 754 2166 singulari
777 2110 906 2150 eam
931 2098 1024 2150 est
1042 2109 1358 2174 aggressus
1380 2108 1701 2165 omnesque
1720 2089 1846 2153 vias
1866 2090 1992 2149 eius
2012 2089 2399 2166 perficiendae
2425 2096 2591 2148 tanta

338 2219 474 2258 cum
515 2218 658 2259 cura
694 2209 753 2258 et
790 2200 1309 2277 circumspectione
1348 2207 1442 2259 est
1475 2207 1842 2277 persecutus,
1878 2206 1948 2257 ut
1984 2205 2229 2258 eventus
2265 2216 2384 2257 uon
2412 2193 2588 2258 niodo

339 2326 504 2386 spem
537 2316 797 2368 nostram
827 2316 1125 2386 aequaret,
1174 2311 1277 2368 sed
1316 2311 1495 2385 louge
1522 2307 1815 2385 longeque
1844 2316 2169 2385 superaret.
2220 2303 2361 2365 Non
2389 2326 2584 2367 meum

338 2428 430 2477 est
455 2419 566 2478 hoc
594 2418 725 2478 loco
752 2419 1021 2497 pluribus
1054 2438 1366 2498 exponere,
1388 2426 1611 2496 quanto
1640 2438 1774 2477 cum
1802 2418 1998 2476 studio
2024 2417 2281 2492 undique
2302 2416 2435 2477 Wii
2450 2424 2583 2476 ste-

336 2528 577 2588 manni
601 2528 834 2602 litteriS,
863 2529 1132 2607 precibus
1162 2530 1397 2588 obviam
1427 2529 1506 2587 sit
1530 2528 1712 2598 itum3
1743 2528 1978 2603 amplus
1999 2526 2180 2584 index
2200 2535 2402 2585 eorum
2425 2527 2582 2586 viro-

334 2657 491 2710 rum,
522 2640 624 2713 qui
651 2656 841 2697 novae
869 2639 1115 2698 editioni
1134 2637 1394 2697 fautores
1422 2655 1550 2696 esse
1579 2636 1915 2709 voluerunt,
1944 2635 2080 2695 huic
2103 2634 2388 2696 volumini
2415 2637 2581 2696 addi-

337 2757 433 2807 tus
460 2747 520 2806 id
549 2749 692 2807 satis
721 2766 1013 2825 superque
1039 2752 1309 2820 testatur,
1341 2764 1517 2822 quem
1547 2745 2023 2822 quotiescumque
2053 2746 2236 2805 oculis
2256 2746 2577 2823 perlustr0,

334 2877 452 2916 non
492 2866 582 2916 est
623 2858 781 2932 quod
821 2857 1049 2916 disertis
1089 2858 1325 2916 demum
1357 2856 1551 2916 verbis
1594 2854 1838 2931 eloquar
1875 2857 2199 2915 maximum
2226 2856 2419 2914 denuo
2447 2858 2577 2915 offi-

335 2966 491 3024 cium
519 2984 722 3024 omnes
760 2984 922 3024 meas
950 2966 1102 3025 vires
1130 2966 1282 3025 telae
1307 2967 1575 3043 inceptae
1602 2965 1994 3042 pertexendae
2029 2965 2404 3040 impendendi
2440 2964 2580 3025 mihi

333 3074 657 3134 iniunctum
689 3093 821 3133 esse
841 3093 936 3134 me
966 3075 1202 3136 sentire.
1237 3074 1334 3133 Ita
1353 3075 1532 3150 igitur
1559 3074 1780 3131 factum
1810 3080 1922 3142 est,
1950 3080 2019 3128 ut
2038 3071 2375 3131 Andreas
2403 3072 2578 3131 Per-

334 3183 644 3257 thasius,
697 3185 799 3261 qui
847 3184 1030 3262 patris
1071 3182 1451 3241 Friderici
1490 3177 1874 3237 Perthesii
1924 3179 2045 3236 iam
2092 3179 2317 3256 pridem
2362 3183 2579 3240 mortui

324 3294 559 3351 nomine
578 3300 882 3369 assumpto
903 3292 1204 3351 librariam
1219 3287 1453 3349 Gothae
1473 3306 1609 3347 cum
1629 3286 1805 3346 laude
1819 3285 2066 3360 factitat,
2078 3288 2213 3348 Wfi
2226 3293 2577 3352 stemanni

325 3401 602 3459 iudicium
655 3407 892 3460 secutus
934 3400 1097 3476 operi
1132 3397 1466 3457 redimendo
1508 3404 1782 3475 paratum
1828 3414 1893 3455 se
1940 3397 2153 3457 diceret
2190 3416 2378 3477 neque
2419 3401 2576 3461 ullas

323 3510 633 3583 impensas·
661 3509 1116 3567 detrectatumm
1158 3525 1288 3566 esse
1313 3507 1715 3586 promitteret,
1765 3506 2075 3583 quominus
2101 3508 2331 3569 Plinius
2373 3517 2578 3570 noster

323 3624 569 3676 externo
609 3615 814 3675 habitu
852 3618 1087 3676 lecturis
1115 3618 1643 3677 commendaretur.
1698 3613 1811 3675 Cui
1834 3618 2129 3694 promisso
2166 3628 2451 3695 quantum
2480 3623 2574 3679 vir

321 3725 770 3786 honestissimus
813 3728 1190 3801 satisfecerit,
1234 3728 1359 3805 ipse
1400 3727 1548 3787 liber
1589 3727 1915 3786 clarissime
1954 3734 2235 3802 testatur,
2281 3747 2414 3787 cum
2454 3749 2571 3788 non

321 3836 515 3894 solum
562 3845 839 3915 typorum
893 3837 1181 3911 elegantia
1221 3838 1572 3912 chartaeque
1619 3837 1810 3895 nitore
1859 3836 2005 3895 nihil
2053 3839 2211 3913 quod
2258 3839 2571 3899 desiderari

321 3947 515 4022 possit
549 3947 844 4021 reliquum
882 3946 1079 4018 faciat,
1118 3963 1329 4006 verum
1357 3946 1553 4018 etiam,
1600 3954 1886 4020 quantum
1913 3947 2042 4023 ipse
2070 3948 2401 4021 observavi,
2445 3958 2566 4009 tam

319 4073 507 4132 purus
548 4074 586 4114 a
627 4056 1070 4134 typothetarum
1098 4055 1320 4114 mendis
1351 4056 1430 4113 sit
1453 4054 1737 4126 redditus,
1777 4061 1864 4125 ut,
1904 4072 2104 4114 rarum
2131 4059 2244 4117 hoc
2282 4067 2562 4135 tempore,

320 4166 431 4224 hoc
461 4167 694 4224 nomine
725 4185 860 4225 cum
887 4165 1315 4244 probatissimis
1336 4163 1504 4223 libris
1526 4164 1851 4240 comparari
1870 4183 2045 4241 posse
2065 4167 2354 4226 videatur.
2397 4170 2564 4229 Haec

319 4273 472 4347 laus,
512 4294 665 4352 quae
696 4277 1179 4337 commentarium
1209 4274 1574 4352 potissimum
1610 4273 1935 4352 inspicienti
1960 4276 2214 4336 maxima
2244 4278 2558 4349 videbitur,
