2961 4861
417 324 541 386 342
1123 340 1531 387 NATURALIS
1574 341 1964 387 ms'romAE

415 489 547 555 Hic
598 488 842 575 oppida
893 488 1097 555 libera
1145 488 1406 574 Leptis,
1452 484 1918 567 Admmetum,
1961 490 2289 577 Ruspina,
2333 491 2700 580 Thapsus,
2730 514 2798 559 25

415 591 565 656 inde
608 589 894 670 Thenae,
939 588 1377 667 Macomades,
1423 589 1703 676 Tacape,
1750 588 2024 656 Sabrata
2066 593 2451 680 contingens
2496 592 2698 687 Q-

405 693 534 791 tim
574 691 919 770 minorem,
978 691 1061 755 ad
1114 713 1307 775 quam
1356 689 1702 757 Numidiae
1764 703 1830 756 et
1882 691 2150 758 Africae
2201 694 2283 760 ab
2326 695 2703 782 Ampsaga

414 793 749 881 longitudo
802 815 1023 858 »ιω
1064 815 1114 856 u
1152 815 1252 879 p.‚
1308 791 1581 857 latitudo
1624 813 1755 875 qua
1798 793 2127 881 cognitum
2172 805 2269 860 est
2309 817 2387 860 cc
2425 819 2497 862 u.
2574 796 2700 861 Ea

415 917 568 980 pars
598 915 793 977 quam
821 891 1114 972 Africam
1153 883 1615 978 appellavimus
1653 893 1962 957 dividitur
1988 893 2056 957 in
2085 894 2248 960 duas
2275 896 2694 981 provincias,

417 1005 702 1059 veterem
730 1016 807 1058 ac
835 1015 1088 1071 novam,
1135 992 1446 1058 discretas
1474 993 1650 1058 fossa
1677 993 1846 1058 inter
1874 991 2257 1059 Africanum
2288 1008 2697 1081 sequentem

418 1104 483 1160 et
525 1115 716 1182 reges
745 1093 1003 1182 Thenas
1039 1116 1249 1179 usque
1277 1094 1612 1180 perducta,
1659 1094 1832 1176 quod
1859 1087 2171 1181 oppidum
2198 1118 2237 1159 a
2269 1092 2693 1187 Carthagine

416 1196 599 1260 abest
619 1216 810 1259 ccxw
832 1217 883 1259 M
901 1219 967 1282 p.
1020 1197 1082 1259 4.
1113 1194 1375 1285 Tertius
1401 1184 1585 1260 sinus
1615 1194 1924 1289 dividitur
1951 1196 2021 1259 in
2048 1195 2362 1283 geminos,
2393 1198 2690 1267 duarum
2717 1224 2792 1270 2⁵

421 1295 719 1391 δείξω
755 1296 995 1361 vadoso
1036 1317 1114 1361 ac
1142 1295 1473 1381 reciproco
1501 1295 1663 1359 mari
1692 1295 1890 1359 diros.
1947 1293 2061 1360 Ad
2088 1318 2469 1380 proxumam
2498 1319 2687 1382 quae

417 1398 625 1465 minor
684 1408 783 1461 est
839 1419 879 1461 a
937 1394 1332 1485 Carthagine
1392 1417 1510 1460 ccc
1553 1419 1604 1459 M
1660 1418 1725 1482 p.
1796 1392 2112 1480 Polybius
2166 1399 2397 1478 tradit,
2457 1398 2685 1484 ipsam

417 1520 455 1564 c
498 1521 549 1562 Μ
589 1521 655 1584 p.
703 1498 905 1577 aditu,
952 1520 1066 1563 ccc
1110 1521 1161 1562 u
1202 1496 1468 1562 ambitu.
1516 1495 1606 1564 Et
1635 1507 1806 1561 terra
1835 1506 2072 1576 autem,
2119 1497 2401 1564 siderum
2445 1499 2681 1565 obser-

416 1599 705 1678 vatione,
763 1598 846 1663 ad
900 1621 1044 1664 eam
1096 1620 1214 1684 per
1268 1598 1524 1663 deserta
1573 1597 1827 1662 harenis
1880 1619 2126 1683 perque
2182 1599 2498 1685 serpentis
2547 1600 2683 1665 iter

395 1710 538 1769 ffest.
594 1699 948 1786 Excipiunt
976 1700 1176 1764 saltus
1205 1697 1436 1784 repleti
1471 1698 1757 1763 ferarum
1794 1698 2204 1763 multitudine
2249 1709 2315 1762 et
2355 1698 2678 1766 introrsus

420 1805 905 1890 elephantorum
947 1786 1343 1879 solitudines,
1395 1823 1546 1864 mox
1592 1800 1845 1879 deserta
1887 1810 2074 1875 vasta
2116 1801 2410 1885 ultraque
2456 1799 2674 1867 Gara-

417 1918 668 1975 mantes
712 1906 793 1972 ab
836 1906 1120 1993 Augylis
1163 1905 1411 1969 dierum
1453 1925 1551 1966 x11
1593 1902 1821 1967 itinere
1865 1902 2198 1968 distantes.
2268 1900 2484 1989 Super
2524 1905 2672 1970 illos
2699 1931 2801 1978 27‘

420 2010 601 2074 fuere
644 2033 807 2096 gens
849 2007 1078 2092 Psylli,
1125 2028 1320 2093 super
1365 2027 1526 2088 quos
1568 2006 1746 2069 lacus
1787 2005 2181 2089 Lycomedis
2225 2004 2497 2071 desertis
2542 2006 2669 2072 cir-

420 2109 778 2174 cumdatus.
853 2107 1157 2194 Augylae
1199 2105 1327 2192 ipsi
1368 2105 1583 2170 medio
1628 2105 1765 2170 fere
1818 2106 2023 2192 spatio
2066 2107 2361 2172 locantur
2402 2105 2485 2173 ab
2528 2106 2667 2173 Ae-

487 2313 517 2374 §
543 2320 623 2365 25.
658 2312 1024 2373 Adrumentum,
1048 2327 1096 2361 σ.
1146 2311 1525 2372 Hadrumetum,
1549 2311 1675 2360 BD.
1730 2351 1794 2360 -.
1847 2309 2092 2374 Rapina,
2114 2314 2175 2363 P.
2213 2352 2276 2362 .-.
2320 2312 2534 2376 Tapsus,
2555 2313 2665 2365 Ao.

418 2381 707 2449 nathapsus,
731 2384 805 2433 d¹.
832 2422 896 2432 ...
929 2378 1139 2442 Therme,
1162 2379 1368 2429 Barbar.
1402 2376 1732 2439 Thencoaves,
1754 2378 1843 2427 13¹.
1886 2377 2058 2429 Thena
2081 2395 2216 2441 aves,
2239 2380 2667 2433 TADNPado.

426 2450 586 2502 Thene
609 2466 741 2512 aves,
772 2443 828 2501 θ.
872 2448 1142 2509 Thenaves,
1164 2450 1263 2498 R2.
1299 2446 1363 2495 In
1385 2460 1510 2495 voce
1533 2461 1650 2496 aves
1670 2446 1924 2496 Barbarus
1948 2448 2296 2509 suspicabatur
2324 2449 2481 2498 latere
2553 2464 2667 2499 osse

418 2517 580 2569 Auses
614 2519 732 2568 coll.
756 2518 1002 2567 Herodot.
1039 2522 1086 2577 4,
1114 2521 1227 2565 180.
1257 2519 1368 2564 191.
1417 2554 1482 2562 -.
1529 2510 1863 2574 Macomades,
1904 2510 2118 2578 Tacape,
2150 2515 2355 2565 Barbar.
2380 2515 2490 2566 BA
2555 2517 2665 2566 Da.

419 2602 609 2634 macum
634 2583 782 2633 adest
806 2601 975 2647 acape,
999 2584 1048 2631 d.
1087 2579 1412 2631 Macumades
1445 2581 1658 2645 Tacape,
1681 2581 1745 2630 T.
1783 2578 2089 2630 inacomades
2111 2590 2295 2646 tacape,
2318 2583 2383 2633 N.
2423 2599 2665 2632 macoma-

420 2652 505 2701 des
531 2668 611 2701 ma
636 2649 795 2711 thabe,
818 2653 877 2700 P.
931 2665 1097 2698 macon
1123 2669 1139 2699 .·
1161 2648 1377 2698 madista
1400 2668 1417 2698 .·
1438 2646 1605 2712 chape,
1628 2662 1676 2697 σ.
1730 2687 1793 2696 .-
1847 2646 2083 2709 Sabrata,
2106 2649 2335 2699 BADN
2348 2651 2436 2699 ad.
2472 2649 2667 2700 Sabra-

423 2717 527 2778 tha,
550 2720 609 2769 P.
647 2716 880 2778 Sabatra,
912 2708 967 2765 θ.
1008 2756 1070 2765 ...
1107 2731 1223 2779 qua,
1246 2715 1314 2764 A.
1353 2755 1416 2764 -.
1451 2712 1694 2780 Amsaya,
1718 2714 1842 2765 RD.
1878 2713 2100 2780 Ansa9a‚
2123 2717 2182 2765 P.
2219 2716 2456 2766 Ceterum
2490 2731 2667 2767 nume-

419 2799 504 2833 ros
529 2793 579 2833 et
599 2784 932 2847 longitudinis
955 2792 1006 2832 et
1028 2783 1308 2833 latitudinis
1332 2783 1631 2831 confirmant
1652 2782 1841 2831 Dicuil.
1861 2781 1959 2833 III.
1982 2788 2028 2833 2.
2050 2790 2101 2833 et
2122 2784 2360 2834 Martian.
2385 2790 2434 2843 6,
2458 2787 2572 2834 670.
2602 2823 2666 2833 .-

415 2861 580 2915 parte,
602 2853 661 2901 P.
700 2892 764 2900 -
798 2849 1004 2915 Africa,
1028 2851 1095 2900 D.
1134 2889 1197 2898 .-
1226 2857 1421 2914 partes,
1445 2851 1507 2899 Τ.
1547 2889 1610 2898 -.
1647 2866 1722 2910 ac,
1746 2849 2007 2900 BDPad.
2045 2858 2108 2911 et,
2130 2849 2241 2901 AN
2267 2848 2450 2913 (Rob.)
2473 2846 2573 2915 βγ.
2604 2890 2665 2900 .-

409 2919 600 2982 fossas,
624 2918 793 2969 RDd.
844 2958 906 2967 ..
952 2926 1192 2981 sequente,
1213 2918 1283 2978 A,
1309 2918 1394 2979 qui
1418 2919 1586 2966 codex
1608 2917 1694 2965 hic
1716 2932 1887 2966 rursus
1911 2917 2107 2967 desinit.
2154 2957 2219 2966 -..
2265 2918 2548 2981 thenasque,
2570 2919 2665 2968 R'.

422 3026 484 3034 .-
515 2985 782 3050 perducta,
805 2986 913 3036 RD
933 2988 965 3036 d
990 2980 1177 3047 (Rob.)
1207 2985 1449 3049 producta
1487 2983 1646 3034 NPa.
1686 3024 1750 3033 ....
1787 2999 1836 3044 a,
1859 2982 2009 3033 RNa
2032 2981 2217 3046 (Rob.)
2244 2985 2421 3035 Omitt.
2445 2985 2668 3034 DTPd.

367 3113 374 3118 μ
422 3094 486 3102 ....
524 3057 677 3116 abest,
714 3069 816 3104 om.
852 3054 909 3103 P.
966 3093 1029 3103 ...
1086 3050 1333 3112 CCXVI,
1366 3053 1417 3101 R
1433 3021 1736 3100 &DNTad
1760 3047 1887 3114 (tres
1908 3051 2025 3101 libri
2048 3066 2128 3115 ap.
2154 3052 2307 3103 Surit.
2333 3055 2398 3101 ad
2420 3052 2669 3102 Antonin.

421 3122 586 3171 itiner.
610 3137 660 3186 p.
690 3126 786 3183 57„
808 3119 971 3183 Βοὴ.)
1009 3116 1293 3181 CCXVII,
1316 3114 1374 3180 β.
1410 3117 1633 3179 sedecim,
1656 3117 1716 3168 P.

488 3204 516 3264 δ
544 3212 625 3255 26.
663 3205 816 3266 diros,
840 3206 1049 3255 RDad.
1086 3203 1261 3263 disros,
1283 3204 1342 3252 P.
1379 3201 1534 3260 sinus,
1555 3201 1648 3250 N¹.
1685 3198 1953 3262 disrrhoos,
1971 3201 2019 3250 N
2039 3205 2072 3250 ².
2111 3201 2349 3253 Ceterum
2366 3218 2411 3251 v.
2431 3203 2669 3252 Martian.

423 3278 470 3330 6,
495 3275 611 3322 671.
665 3311 728 3320 ..-
781 3270 882 3332 Ad,
915 3270 1062 3321 NPa
1093 3266 1304 3332 (Rob.)
1331 3269 1396 3330 A,
1430 3269 1659 3319 RDTd.
1713 3308 1778 3318 ....
1828 3270 2112 3332 proximam,
2145 3268 2454 3320 RDNPao·
2481 3266 2691 3331 (Rob.)

416 3337 664 3400 proxima,
690 3338 795 3388 Td.
843 3377 906 3386 ....
956 3338 1050 3400 qu'e
1075 3335 1235 3398 inhor,
1259 3338 1322 3387 R.
1369 3376 1433 3385 .-
1479 3352 1514 3384 a
1540 3333 1846 3400 Carthayine,
1880 3336 2051 3392 BDN
2062 3352 2107 3385 a.
2155 3334 2471 3399 Gar-lhaqine,
2497 3339 2545 3385 d.
2598 3336 2675 3385 ad

426 3401 792 3468 Carthaqinem,
815 3405 875 3454 P.
932 3444 995 3453 ..-
1048 3404 1297 3468 Polybius,
1322 3405 1385 3453 Τ.
1411 3404 1478 3452 V.
1513 3418 1563 3466 p.
1589 3406 1670 3453 47.
1695 3403 1984 3465 Schweigh.
2040 3443 2103 3452 -.-
2164 3402 2315 3464 aditu,
2352 3403 2672 3454 RDSTad.

422 3470 614 3531 additu,
637 3470 685 3519 N
696 3485 745 3520 σ.
783 3469 974 3532 addita,
998 3471 1056 3521 P.
1105 3512 1166 3520 -..
1219 3469 1290 3520 Et
1314 3481 1451 3520 terra
1475 3479 1650 3531 autem,
1675 3470 1781 3522 RD
1794 3472 1877 3521 Pa
1890 3473 1939 3520 d.
1990 3468 2059 3522 Et
2080 3471 2161 3521 hec
2184 3480 2337 3532 terra,
2360 3469 2408 3520 N
2423 3472 2452 3518 ¹.
2486 3467 2558 3518 Ee
2580 3468 2672 3520 hec

420 3549 560 3588 terra
584 3547 762 3599 autem,
785 3538 835 3588 N
850 3541 884 3588 ².
929 3536 1026 3588 Est
1049 3549 1188 3588 terra
1211 3536 1348 3599 haec,
1371 3539 1437 3587 K.
1484 3535 1716 3598 Aeterna,
1740 3538 2054 3587 Freinshem.
2091 3540 2156 3587 ad
2189 3536 2329 3588 Curt.
2364 3538 2485 3588 VH.
2512 3544 2559 3599 4,
2586 3543 2671 3587 28.

420 3607 620 3657 Primus
645 3607 783 3657 hunc
806 3607 980 3655 locum
1002 3613 1137 3654 recte
1161 3606 1514 3668 interpretatus
1539 3613 1615 3655 est
1646 3607 1850 3655 Marcus
1883 3606 1936 3653 in
1970 3605 2087 3654 edit.
2123 3605 2438 3668 Grandsagn.
2475 3605 2538 3653 Τ.
2570 3603 2670 3653 IV.

419 3690 470 3738 p.
502 3680 611 3724 163.
651 3715 714 3723 -
750 3672 1092 3724 observatione
1117 3671 1308 3734 nobilis,
1330 3672 1456 3730 NK.
1505 3674 1841 3722 observatione
1878 3672 2128 3734 meabilis„
2151 3673 2329 3722 Dalec.
2368 3711 2432 3720 ...
2478 3671 2675 3721 interest

421 3742 680 3806 serpentis,
706 3745 753 3793 d.
800 3782 864 3791 .-
908 3739 1191 3804 Accipiunt,
1215 3740 1304 3790 R1.
1349 3738 1697 3803 Excipiuntur,
1720 3741 1780 3790 P.
1828 3780 1891 3788 .-
1940 3748 2107 3800 vasta,
2128 3738 2350 3790 NKPa.
2388 3747 2579 3798 vastae,
2601 3740 2670 3789 R.

423 3817 580 3868 vaste,
605 3810 714 3860 Dd.
741 3851 803 3859 ..-
832 3809 1076 3872 ultraque,
1095 3807 1328 3858 DN¹ad.
1367 3806 1520 3869 ultra,
1538 3810 1597 3857 P.
1637 3814 1867 3870 utraque,
1885 3808 1974 3859 13¹.
2010 3816 2266 3871 utraeque,
2284 3804 2384 3855 13².
2420 3806 2671 3867 utrinque,

419 3876 637 3927 N²TK.
677 3917 740 3928 -.
783 3872 1141 3937 GaramantaS,
1164 3873 1229 3925 N.
1280 3916 1343 3924 .-.
1388 3873 1620 3941 Auyylis,
1642 3873 1779 3924 Nad
1813 3871 1983 3936 (codd.
2018 3875 2232 3927 Salmas.
2267 3887 2431 3922 exerc.
2464 3888 2515 3936 p.
2544 3877 2669 3923 ⁴292.

419 3944 469 3991 b.
497 3942 584 4006 C.)
619 3942 838 4008 Aufili-9,
862 3945 988 3995 RD.
1027 3941 1273 4004 Massilis,
1296 3943 1356 3993 P.
1395 3983 1459 3992 ...
1496 3942 1571 4003 X,
1593 3941 1897 4005 wesseling.
1922 3945 1988 3996 ad
2009 3943 2202 3993 Herod.
2227 3949 2276 4002 4,
2304 3946 2417 3990 183.
2573 3983 2578 3988 .

488 4030 518 4091 ξ
543 4032 624 4078 27.
657 4037 842 4092 yentes,
865 4030 924 4080 P.
962 4066 1026 4077 ....
1061 4025 1241 4091 Psylli,
1264 4027 1410 4076 N²a.
1454 4024 1615 4090 Psyli,
1639 4039 1687 4075 σ.
1729 4022 1879 4086 Psili,
1902 4023 1993 4074 N'.
2038 4023 2239 4092 Psyllis,
2264 4024 2430 4076 RDd.
2474 4020 2671 4083 Pisilli,

422 4094 479 4143 P.
529 4133 590 4144 -
634 4111 786 4159 super
810 4111 958 4159 quos,
984 4109 1086 4144 om.
1112 4094 1177 4144 N.
1215 4134 1278 4143 .-
1322 4091 1623 4156 Lycomedis,
1645 4091 1807 4143 NPa.
1859 4090 2150 4154 Iscomedis,
2171 4093 2282 4143 Dd.
2336 4088 2671 4151 Hiscomedis,

422 4160 486 4209 R.
526 4199 588 4209 .-
625 4161 955 4223 circumdatis,
979 4162 1043 4212 R.
1081 4200 1145 4210 ...
1178 4159 1416 4228 Auqilae,
1438 4162 1504 4210 R.
1541 4157 1753 4224 Anyille,
1775 4161 1836 4210 P.
1874 4160 2155 4223 -serens,
2179 4161 2267 4211 13¹.
2310 4193 2373 4209 ..-
2410 4167 2670 4218 vocantur,

422 4226 547 4276 RD.
595 4267 656 4277 ..
704 4244 831 4291 quae
855 4227 975 4277 inter
998 4228 1137 4288 duas,
1160 4229 1219 4278 P.
1268 4269 1328 4277 -
1375 4225 1564 4292 Syrtis,
1588 4228 1712 4278 RD.
1762 4267 1824 4277 ....
1871 4223 2054 4291 Syrtis,
2078 4227 2140 4278 R.
2190 4266 2251 4276 ...
2297 4227 2502 4278 ducenta
2525 4224 2666 4289 quin-
