2961 4861
378 341 463 382 Lx
1303 334 1682 377 PRAEFATIO.

465 491 714 549 Praeter
749 488 861 548 hos
898 506 1041 546 vero
1082 489 1310 546 codices
1349 488 1518 562 siglis
1556 484 1909 561 significatos
1951 502 2072 542 non
2109 484 2437 542 omittenda
2468 491 2634 542 erant

380 608 657 676 excerpta
677 617 754 657 ex
773 597 904 655 aliis
926 596 1218 655 codicibus
1244 615 1284 653 a
1309 595 1583 670 pluribus
1613 595 1755 654 vir'n
1784 594 1993 665 doctis,
2022 594 2112 650 uti
2138 592 2431 664 Barbare,
2463 592 2631 649 Rhe-

379 724 554 778 nano,
585 704 853 778 Gelenio,
885 704 1198 775 Salmasio‚
1223 704 1566 775 RezzonicQ
1591 703 1814 778 Zoega,
1836 701 1988 772 aliis,
2011 700 2215 771 allata,
2239 718 2398 775 quae
2416 702 2632 776 repeti-

382 816 542 873 visse
568 813 868 873 nonnullis
895 813 1082 887 primo
1110 812 1344 886 quidem
1374 812 1584 870 obtutu
1611 813 1868 869 otiosum
1906 811 2003 869 vel
2028 811 2225 887 potius
2266 828 2634 885 supervaca-

380 941 556 981 neum
592 921 913 993 videbitur,
957 940 1091 980 cum
1131 921 1346 996 partim
1388 928 1545 979 certe
1580 922 1643 979 in
1683 920 1967 978 editiones
2005 920 2233 977 dudum
2269 925 2535 994 recepta,
2565 924 2635 976 ut

383 1033 572 1088 denuo
601 1029 966 1099 afferrentur,
996 1028 1299 1104 postulare
1325 1047 1444 1086 non
1472 1029 1831 1087 viderentur.
1872 1026 1961 1085 At
1980 1028 2239 1104 primum
2258 1028 2400 1085 inde
2419 1028 2641 1086 clarius

385 1145 651 1215 apparet,
703 1138 996 1212 quomodo
1044 1137 1218 1195 lectio
1268 1138 1515 1213 vulgata
1555 1144 1686 1194 orta
1720 1137 1827 1208 sit,
1879 1137 2020 1222 quia
2060 1136 2150 1193 illi
2191 1137 2308 1194 viri
2333 1136 2515 1208 docti,
2547 1138 2637 1194 uti

384 1248 710 1318 Barbarus,
739 1246 1083 1315 Rhenanus,
1115 1244 1416 1314 Gelenius,
1463 1246 1693 1303 codices
1723 1263 1864 1303 suos
1892 1245 1968 1302 ad
1995 1245 2389 1302 emendandas
2430 1263 2641 1302 corru-

384 1364 517 1432 ptas
555 1357 765 1431 quibus
800 1364 929 1413 tum
966 1355 1277 1412 utebantur
1315 1354 1595 1411 editiones
1637 1353 2018 1424 adhibebant3
2061 1353 2272 1410 deinde
2312 1346 2639 1430 (quidquid

389 1465 498 1524 viri
536 1467 610 1523 ob
652 1464 958 1522 brevitatis
999 1462 1259 1519 studium
1299 1463 1471 1519 aliter
1512 1462 1826 1520 sentientes
1871 1470 2038 1519 erant
2076 1460 2409 1520 oblocuturi
2422 1503 2442 1532 ,
2501 1481 2636 1518 cum

360 1578 546 1633 'certe
596 1572 807 1630 scirem
844 1570 992 1628 alios
1031 1589 1244 1628 rursus
1283 1588 1513 1628 mecum
1558 1588 1688 1628 esse
1730 1568 2035 1646 sensuros)
2085 1571 2149 1628 in
2204 1570 2459 1628 editione
2498 1588 2639 1628 mea

388 1683 587 1745 omnia
615 1681 968 1755 coniungere
996 1678 1138 1737 mihi
1157 1680 1512 1738 destinatum
1532 1679 1665 1751 fuit,
1688 1697 1839 1753 quae
1859 1679 1994 1736 inde
2014 1698 2052 1736 a
2069 1679 2275 1754 primis
2294 1686 2639 1736 renatarum

384 1792 717 1849 litterarum
745 1789 1106 1865 temporibus
1134 1805 1322 1863 usque
1360 1788 1436 1845 ad
1476 1789 1628 1845 hanc
1667 1794 1917 1845 aetatem
1942 1787 2005 1845 in
2031 1785 2230 1844 Plinio
2268 1788 2638 1845 emendando

388 1907 529 1956 sunt
554 1899 851 1972 praestita,
884 1915 1062 1969 quam
1091 1898 1165 1954 ob
1193 1914 1320 1953 rem
1345 1895 1453 1953 illa
1483 1905 1759 1972 excerpta
1784 1915 1940 1955 nunc
1968 1895 2094 1954 fere
2112 1895 2346 1954 inutilia
2366 1898 2641 1955 omittere

393 2024 512 2063 non
540 2005 845 2075 debebam,
877 2022 1011 2061 cum
1043 2021 1120 2061 ex
1146 2004 1418 2062 omnibus
1446 2006 1683 2061 demum
1709 2005 1949 2062 illorum
1987 2005 2251 2063 codicum
2291 2004 2640 2063 lectiom‘bus

392 2131 581 2187 neque
609 2133 686 2170 ex
714 2112 956 2186 singulis
984 2111 1159 2168 modo
1187 2110 1368 2185 paulo
1398 2113 1612 2170 certius
1634 2114 1709 2170 de
1730 2132 1933 2171 eorum
1953 2115 2145 2189 pretio
2164 2112 2421 2170 iudicare
2441 2114 2640 2172 liceat.

394 2220 620 2293 Quodsi
658 2220 839 2294 igitur
876 2220 1124 2278 lectores
1163 2220 1466 2293 aliquoties
1506 2221 1770 2279 lemmati
1805 2222 1983 2279 alicui
2016 2219 2294 2279 Pliniano
2306 2264 2325 2293 ,
2364 2222 2467 2279 ubi
2492 2221 2641 2280 nihil

395 2339 704 2407 praeterea
740 2349 816 2387 ex
853 2329 1150 2388 codicibus
1191 2335 1283 2387 est
1323 2330 1698 2401 adnotatum,
1740 2331 1968 2389 codices
1995 2330 2243 2389 Barbari
2284 2330 2382 2388 vel
2410 2328 2643 2389 Gelenii

397 2441 686 2500 subiectos
715 2440 995 2499 videbunt
1021 2457 1156 2497 cum
1183 2437 1296 2497 hoc
1323 2439 1452 2514 ipso
1471 2438 1745 2497 lemmate
1778 2441 2208 2515 conspirantes,
2252 2440 2467 2498 horum
2501 2441 2641 2498 scri-

399 2556 635 2625 pturam
658 2548 879 2606 dudum
898 2549 960 2606 in
986 2548 1334 2606 editiom‘bus
1356 2548 1613 2623 vulgatis
1635 2565 1879 2622 regnare
1898 2557 2074 2624 atque
2094 2567 2131 2606 a
2150 2549 2296 2607 meis
2323 2549 2641 2621 codicibus,

400 2675 551 2732 quos
581 2658 881 2713 nominare
906 2657 1148 2732 longum
1176 2665 1321 2728 erat,
1351 2657 1685 2715 confirmari
1718 2656 2070 2730 intelligent.
2122 2658 2196 2715 In
2237 2657 2327 2715 his
2364 2675 2507 2715 vero
2547 2675 2643 2715 co·

401 2765 626 2824 dicibus
678 2763 1035 2840 repetendis,
1075 2764 1310 2839 quando
1364 2783 1497 2822 cum
1545 2764 1673 2822 aliis
1716 2765 2008 2824 codicibus
2058 2784 2167 2841 per
2227 2765 2380 2840 sigla
2424 2766 2644 2824 notatis

399 2875 845 2944 conveniebant,
885 2875 1041 2931 hunc
1081 2890 1310 2948 semper
1348 2890 1570 2931 morem
1600 2873 1850 2944 servavi,
1880 2881 1951 2932 ut
1987 2874 2123 2932 illos
2162 2874 2252 2933 his
2292 2875 2644 2933 subiicerem

399 2992 460 3042 et
484 2985 722 3043 illorum
748 2984 987 3043 nomina
1013 2982 1181 3041 uncis
1212 2981 1620 3040 semirotundis
1651 2976 1792 3060 (-)
1822 2981 2210 3055 includerem,
2250 3002 2326 3041 ne
2352 2982 2646 3059 quis'for-

400 3103 562 3153 tasse
599 3114 706 3170 per
746 3094 1153 3170 compendium
1183 3093 1311 3150 cod.
1353 3085 1425 3172 (i.
1465 3110 1518 3149 e.
1564 3085 1780 3170 codex)
1821 3091 2184 3150 Parisienses
2237 3093 2465 3151 codices
2507 3093 2646 3152 cod

402 3203 723 3277 significari
749 3209 1007 3279 putaret.
1054 3201 1177 3262 Ubi
1202 3202 1339 3260 illos
1368 3200 1594 3260 codices
1637 3200 1796 3258 solos
1836 3200 2170 3273 afferebam,
2213 3220 2397 3260 uncos
2438 3202 2646 3279 appin-

403 3329 541 3385 gere
569 3329 690 3368 non
716 3311 830 3368 fuit
854 3310 1266 3367 necessarium.

486 3416 655 3474 Haec
690 3417 764 3474 de
805 3416 1044 3475 familiis
1082 3416 1348 3474 codicum
1384 3434 1701 3492 eorumque
1735 3418 1889 3475 inter
1933 3435 1998 3476 se
2025 3418 2249 3477 ratione
2274 3418 2583 3493 hucusque
2611 3438 2651 3477 a

403 3543 499 3583 me
537 3524 835 3599 disputata
874 3525 980 3598 qui
1019 3524 1197 3600 paulo
1238 3524 1567 3583 accuratius
1594 3526 1805 3602 legerit
1829 3526 1990 3586 ultro
2015 3528 2327 3603 intelliget,
2356 3546 2649 3602 quaenam

342 3701 357 3708 ,
404 3634 502 3693 via
562 3632 623 3692 in
680 3633 751 3692 iis
799 3632 1029 3691 utendis
1081 3631 1459 3705 ingredienda
1500 3632 1675 3692 fuerit
1688 3675 1708 3706 ,
1763 3634 1938 3692 simul
1990 3652 2137 3694 vero
2185 3637 2649 3697 emendationem

405 3741 585 3800 Plinii
610 3761 648 3800 a
675 3742 999 3802 multorum
1024 3740 1278 3799 aliorum
1306 3740 1658 3816 scriptorum
1701 3743 2001 3819 aliquanto
2030 3745 2331 3803 diversam
2359 3762 2487 3803 esse
2515 3764 2648 3822 per·

409 3856 672 3926 spectum
700 3850 957 3921 habebit,
995 3866 1117 3924 qua
1144 3849 1218 3906 de
1245 3866 1429 3909 causa
1465 3851 1643 3909 etiam
1686 3852 1970 3911 lectorem
2011 3854 2326 3913 candidum
2365 3860 2427 3911 et
2464 3857 2647 3914 bene-

408 3960 612 4018 volum
639 3958 740 4033 qui
766 3958 1035 4018 editionis
1062 3977 1228 4017 meae
1264 3959 1544 4019 volumen
1572 3961 1832 4036 primum
1869 3962 2130 4022 iudicare
2158 3964 2290 4023 vult
2306 4005 2323 4035 ‚
2364 3962 2649 4023 volumen

410 4067 679 4142 quintum
719 4067 984 4145 proxime
1017 4075 1353 4128 secuturum
1381 4077 1449 4128 ut
1474 4078 1779 4147 exspectet
1808 4079 2084 4147 rogatum
2113 4073 2272 4133 volo.
2315 4072 2436 4132 Per
2461 4072 2649 4132 Bam-

409 4180 752 4253 bergensem
791 4177 1007 4238 scilicet
1049 4178 1304 4239 codicem
1342 4187 1640 4254 repertum
1681 4180 1869 4240 omnis
1912 4182 2185 4241 tractatio
2229 4182 2429 4243 critica
2450 4182 2648 4241 -Plinii
