2961 4861
366 308 488 373 186
1056 323 1461 370 NATURAms
1506 321 1895 369 nlsromnn

361 476 600 561 oppido
631 474 874 551 Curite,
925 472 1223 559 Sipylum
1264 475 1332 538 in
1363 472 1705 560 Magnesia
1747 483 1812 538 et
1851 472 2030 557 prius
2072 472 2142 535 in
2184 473 2410 538 eodem
2450 475 2589 540 loco

364 577 776 642 clarissimam
816 573 1043 640 urbem
1085 597 1247 659 quae
1291 574 1578 639 Tantalis
1621 572 1986 652 vocabatur,
2035 569 2314 639 Galenes
2355 584 2423 640 et
2452 572 2590 640 Ga-

360 679 558 744 lames
610 677 865 743 urbium
916 676 986 740 in
1026 674 1345 741 Phoenice
1397 696 1587 761 agros
1643 696 1788 740 cum
1838 673 1995 759 ipsis
2011 720 2030 752 ,
2086 672 2408 760 Phegium
2449 674 2592 740 Ae-

361 779 637 863 thiopiae
678 779 904 865 iugum
948 775 1447 841 excelsissimum
1463 824 1483 854 ,
1544 785 1866 860 tamquam
1916 797 2044 839 non
2094 774 2293 840 infida
2333 798 2590 863 grassa-

359 889 584 944 rentur
627 888 692 944 et
731 878 935 943 litora.

441 975 665 1043 XCII.
723 979 827 1041 94.
871 976 1142 1061 Pyrram
1181 986 1246 1042 et
1272 977 1608 1043 Antissam
1638 978 1809 1043 circa
1836 976 2148 1042 Maeotim
2175 987 2410 1061 pontus
2439 978 2590 1043 abs-
2621 996 2717 1040 206

361 1078 539 1156 tulit,
599 1077 871 1144 Helicen
926 1088 992 1142 et
1043 1076 1287 1142 Buram
1340 1079 1517 1144 sinus
1561 1076 1931 1145 Corinthius
1947 1126 1965 1156 ,
2023 1099 2294 1162 quarum
2344 1079 2412 1143 in
2463 1080 2592 1145 alto

359 1180 634 1266 vestigia
686 1180 1014 1264 adparent.
1098 1178 1207 1243 Ex
1267 1180 1477 1247 insula
1533 1175 1706 1245 Ceae
1769 1179 2042 1266 amplius
2106 1179 2367 1267 triginta
2418 1180 2597 1245 milia

358 1301 668 1365 passuum
708 1280 983 1365 abrupta
1023 1279 1234 1345 subito
1279 1303 1426 1345 cum
1465 1280 1779 1366 plurumis
1822 1280 2195 1347 mortalibus
2207 1305 2227 1357 3
2269 1281 2487 1365 rapuit
2528 1292 2598 1346 et

359 1380 430 1444 in
474 1378 693 1447 Sicilia
735 1380 1063 1445 dimidiam
1104 1379 1480 1465 Tyndarida
1532 1382 1762 1447 urbem
1813 1404 1888 1447 ac
1931 1379 2242 1467 quidquid
2283 1380 2365 1446 ab
2406 1380 2599 1448 Italia

362 1479 562 1558 deest,
612 1482 899 1546 similiter
940 1481 1007 1545 in
1049 1479 1318 1546 Boeotia
1356 1480 1686 1547 Eleusina.
1844 1523 1849 1527 ·

442 1578 703 1647 XCIII.
777 1581 879 1646 95.
939 1578 1166 1645 Motus
1210 1581 1381 1646 enim
1421 1592 1628 1648 terrae
1678 1582 1987 1648 sileantur
2028 1593 2095 1648 et
2142 1583 2457 1669 quidquid
2498 1596 2597 1651 est

361 1681 477 1746 ubi
519 1682 747 1749 saltem
786 1681 981 1747 busta
1028 1680 1284 1747 urbium
1328 1693 1610 1761 exstant,
1668 1682 1859 1749 simul
1908 1694 1984 1748 ut
2034 1694 2241 1750 terrae
2289 1686 2598 1752 miracula

361 1783 577 1868 potius
621 1784 905 1849 dieamus
949 1803 1142 1866 quam
1185 1783 1427 1850 scelera
1467 1794 1751 1849 naturae.
1816 1784 1909 1849 Et
1947 1784 2234 1852 Hercule
2275 1809 2407 1852 non
2448 1810 2596 1854 cae-

361 1885 549 1948 lestia
591 1894 892 1950 enarratu
933 1884 1292 1950 difficiliora
1331 1885 1591 1951 fuerint.
1646 1884 2055 1952 Metellorum
2097 1888 2425 1972 opulentia
2466 1899 2596 1954 tam
2622 1899 2721 1947 20⁷

363 1984 574 2061 varia,
623 1993 752 2049 tam
795 1986 1013 2063 dives,
1058 1994 1190 2049 tam
1232 1985 1546 2063 fecunda,
1592 1995 1690 2052 tot
1731 1987 1998 2053 saeculis
2044 1986 2403 2069 suboriens,
2449 2012 2598 2056 cum

367 2093 613 2148 tantum
642 2085 873 2150 cotidie
904 2085 1058 2150 orbe
1101 2095 1234 2151 toto
1271 2086 1662 2172 populentur
1700 2087 1907 2174 ignes,
1948 2089 2193 2167 ruinae,
2235 2090 2595 2178 naufragia,

363 2184 551 2263 bella,
597 2185 880 2264 fraudes,
928 2195 1174 2249 tantum
1213 2208 1369 2253 vero
1408 2187 1661 2252 luxuria
1702 2198 1768 2254 et
1795 2197 1893 2253 tot
1916 2190 2216 2255 mortales
2245 2201 2595 2268 conterant,

362 2307 760 2375 gemmarum
811 2287 1064 2375 pictura
1116 2296 1247 2352 tam
1297 2288 1636 2374 multiplex
1651 2337 1669 2366 ,
1728 2290 2015 2376 lapidum
2068 2301 2198 2357 tam
2251 2291 2598 2359 discolores
2682 2375 2691 2386 .

363 2389 650 2456 maculae
702 2388 996 2476 interque
1053 2410 1162 2455 eos
1219 2390 1458 2456 candor
1511 2390 1777 2458 alicuius
1827 2401 2083 2479 praeter
2133 2391 2346 2460 lucem
2388 2393 2599 2459 omnia

438 2585 622 2649 Carice,
660 2582 717 2639 θ.
769 2587 954 2650 Carice,
987 2592 1038 2641 R
1067 2585 1146 2650 (ce
1177 2589 1231 2638 in
1264 2586 1419 2651 corr.)
1467 2585 1663 2653 Cavyce,
1694 2591 1763 2639 A.
1812 2587 2001 2650 Carite,
2036 2592 2127 2639 ad.
2165 2629 2230 2639 ...
2265 2590 2593 2650 carissimam,

372 2657 558 2705 R1a1.
603 2695 667 2705 ...
709 2661 905 2717 vocaba‚
938 2658 1038 2707 12¹.
1088 2663 1304 2717 vocatur,
1334 2657 1401 2706 A.
1441 2695 1506 2705 .-
1558 2653 1782 2717 Galenes,
1813 2649 2014 2708 Βθαᾶ.
2058 2654 2274 2718 Galenis,
2306 2658 2377 2707 A.
2432 2654 2593 2707 Gala-

365 2736 465 2780 nes,
498 2722 559 2769 Τ.
613 2719 842 2783 G'alanis,
876 2720 973 2785 σβ.
1025 2764 1088 2772 -
1139 2721 1389 2784 Galames,
1420 2717 1688 2773 ROTad.
1738 2721 1984 2784 Galames,
2015 2725 2082 2774 A.
2123 2722 2370 2785 Οαηαῖἰεε,
2402 2738 2450 2774 σ.
2493 2721 2597 2774 Ga-

364 2786 530 2849 males,
562 2790 708 2839 codd.
742 2790 947 2840 Barbar.
971 2784 1073 2853 βγ.
1112 2831 1175 2840 -
1210 2806 1344 2854 ayro,
1367 2790 1432 2839 Β.
1471 2829 1536 2839 .-
1569 2788 1825 2854 Pheyium,
1857 2791 2009 2842 Aad.
2044 2789 2307 2856 Pheqeum,
2340 2792 2442 2841 R2.
2478 2790 2599 2840 Poe-

359 2855 509 2919 qium,
532 2857 583 2905 Β
601 2859 631 2906 ¹.
668 2855 831 2921 Iopes,
855 2857 1042 2908 Sabell.

432 2925 463 2987 ς
489 2929 601 2973 206.
636 2925 867 2989 Pyrram,
898 2925 1024 2976 ΒΑ.
1072 2964 1136 2973 .-
1178 2921 1442 2984 Antissam,
1473 2925 1665 2974 R²ad.
1716 2921 1974 2985 Antistam,
2008 2925 2221 2974 R¹Aoz
2269 2965 2333 2974 -.
2376 2923 2601 2986 Helicen,

365 2991 491 3041 ΒΑ.
515 2989 748 3054 Helicem,
767 2995 857 3042 ad.
881 2991 1071 3054 Elicen,
1087 2987 1191 3055 βγ.
1213 3031 1276 3040 ....
1300 2987 1537 3053 Bursam,
1560 2984 1682 3044 AB.
1702 3031 1766 3040 -.
1790 2990 1924 3040 sinus
1950 2988 2246 3053 Corinthius,
2269 2993 2439 3043 RAT
2456 2985 2598 3041 Oad.

367 3057 415 3106 in
436 3058 544 3110 sinu
570 3058 833 3121 Corinthio,
856 3057 900 3123 β
912 3074 962 3124 r.
997 3101 1060 3110 .-
1099 3067 1401 3124 apparerent,
1421 3075 1467 3108 a.
1506 3099 1569 3107 -
1609 3054 1747 3119 Ceae,
1770 3060 1875 3109 Rd.
1915 3054 2029 3119 Cea,
2053 3059 2149 3110 Aa
2171 3056 2342 3120 (codd.
2365 3057 2600 3121 Barbar.)

363 3121 466 3189 βγ.
502 3125 688 3189 Aeaea,
713 3144 761 3177 σ.
818 3131 899 3178 De
930 3128 1153 3191 genitivo
1186 3127 1286 3175 vid.
1319 3128 1386 3176 ad
1415 3132 1499 3186 36,
1536 3132 1614 3176 16.
1652 3165 1717 3175 -
1753 3125 1972 3186 tricenta,
2007 3141 2054 3174 a.
2101 3133 2323 3188 trecenta,
2356 3128 2497 3177 R1r.
2535 3165 2599 3175 ..-

365 3193 518 3255 milia,
541 3197 608 3245 A.
647 3236 711 3244 -.
748 3196 976 3260 abrupta,
999 3198 1107 3246 Aa.
1146 3197 1366 3258 abrupto,
1390 3194 1496 3243 Td.
1541 3197 1791 3258 abruptas,
1815 3194 1865 3242 Β
1889 3189 2049 3253 (asin
2072 3191 2227 3254 corr.)
2265 3233 2330 3243 .-
2358 3191 2601 3258 pluribus,

365 3260 418 3308 h.
457 3300 520 3309 -
557 3260 856 3322 mortalibus,
889 3264 938 3311 R
956 3255 1100 3312 Oah.
1137 3260 1425 3322 mortalium,
1457 3256 1618 3322 Adss.
1656 3300 1720 3309 ...
1756 3259 1937 3324 rapuit,
1968 3252 2011 3307 θ
2040 3258 2194 3309 refert
2225 3263 2291 3310 ad
2324 3262 2601 3324 sequentia,

367 3340 483 3374 cum
504 3323 794 3389 ARadssr
817 3328 1023 3379 trahant
1046 3331 1112 3379 ad
1134 3329 1498 3391 praecedentia.
1520 3367 1584 3377 .-.
1604 3325 1828 3378 Siciliam
1852 3325 2091 3390 dymedia,
2112 3328 2181 3377 A.
2208 3367 2273 3377 -..
2317 3325 2600 3391 Tyndaria‚

365 3393 416 3442 Β
433 3395 469 3440 ¹.
515 3391 875 3456 Tyndaridam,
898 3410 944 3443 a.
981 3434 1045 3443 .-
1080 3391 1311 3455 Boeotia,
1344 3397 1395 3445 Β
1412 3387 1655 3445 ¹A9ad.
1700 3392 1919 3443 Boeotia
1942 3403 2002 3454 et,
2025 3395 2110 3443 Β2
2127 3389 2185 3455 β.
2221 3395 2342 3445 vid.
2366 3395 2600 3445 Strabon.

368 3464 414 3507 9.
441 3473 490 3521 p.
515 3464 630 3510 407.
665 3462 886 3510 Pausan.
909 3462 1005 3511 IX.
1032 3466 1113 3521 24,
1133 3467 1180 3509 2.
1205 3462 1323 3510 coll.
1341 3463 1544 3512 Muller.
1564 3464 1626 3511 de
1646 3461 1886 3512 Orchom.
1910 3469 1962 3510 et
1976 3462 2183 3524 Minyis,
2205 3475 2257 3523 p.
2284 3467 2365 3511 58.
2392 3501 2456 3510 ...
2483 3459 2602 3510 sile-

362 3535 559 3589 9antur,
584 3528 675 3577 Ra
692 3529 727 3576 ¹.
767 3566 831 3576 .-
869 3527 963 3588 ubi,
988 3543 1088 3577 om.
1114 3544 1145 3576 a
1162 3529 1194 3575 ¹.
1232 3567 1296 3576 -.
1332 3536 1505 3578 extant
1523 3528 1842 3593 sepultarum,
1862 3543 1902 3577 r.
1928 3566 1993 3577 ....
2029 3526 2279 3589 dicantur,
2301 3529 2509 3578 Robert.
2539 3567 2603 3577 .-

366 3590 627 3656 Hercules,
649 3595 718 3644 A.
757 3633 821 3642 -.
857 3593 1069 3655 caelesti,
1092 3595 1199 3644 Rd.

434 3663 463 3724 ὅ
502 3665 617 3713 207.
662 3659 951 3725 opulentiae,
981 3663 1044 3711 Β.
1092 3700 1156 3711 ....
1201 3658 1312 3710 dive
1344 3677 1440 3723 am,
1470 3663 1569 3712 Βῐ.
1618 3700 1683 3710 ...
1729 3662 1974 3724 suborien,
2007 3663 2070 3713 Β.
2118 3701 2181 3712 .-
2226 3675 2368 3722 nunc,
2401 3662 2499 3712 R2.
2538 3700 2600 3711 .-

366 3726 554 3791 cotidie,
576 3730 645 3780 A.
690 3727 893 3789 cottidie,
917 3731 981 3779 Β.
1020 3767 1084 3777 ...
1118 3727 1250 3788 orbo,
1281 3730 1379 3779 R¹.
1417 3768 1482 3777 -.
1519 3725 1767 3790 luxuriae,
1799 3729 1900 3779 3².
1936 3769 2015 3784 ...,
2038 3738 2096 3790 et,
2119 3744 2220 3779 om.
2245 3729 2309 3779 T.
2349 3768 2412 3777 -.
2448 3737 2602 3778 conte-

370 3804 495 3856 rant,
518 3797 631 3847 Ad.
676 3803 990 3855 contexerant,
1022 3796 1170 3845 12¹2..
1215 3794 1540 3861 contiqerant,
1564 3796 1665 3845 1³².
1703 3834 1766 3845 .-
1803 3796 2023 3846 maculae
2047 3798 2278 3858 interque,
2302 3796 2602 3845 R²Aa²d.

369 3869 637 3927 materque,
660 3865 759 3914 R1.
796 3862 1029 3914 materiae
1062 3876 1202 3926 quae,
1237 3864 1318 3912 a¹.
1358 3902 1421 3910 .-
1458 3876 1528 3922 eo,
1552 3864 1649 3913 R¹.
1688 3903 1752 3912 -.
1787 3862 2009 3923 alicuius,
2043 3864 2142 3912 vid.
2168 3869 2250 3923 36,
2279 3868 2390 3912 163.
2429 3902 2492 3910 -
2530 3860 2604 3909 Io-

369 3930 453 3989 cis,
486 3932 753 3982 RATad.
800 3930 935 3991 luci-3,
965 3926 1135 3992 19..-
1188 3926 1426 3990 incendia,
1460 3930 1712 3979 R¹Aad.
1759 3928 1892 3991 locis,
1923 3932 2023 3981 R2.
2069 3970 2134 3980 -..
2193 3923 2372 3996 lealleS,
2403 3929 2501 3979 R‘.
2540 3968 2603 3977 .-

373 3993 545 4058 aliubi,
583 3991 683 4047 Oa.
731 3996 873 4059 alibi,
904 3993 1171 4060 RAdssr.
1219 4037 1282 4046 -
1325 3998 1591 4061 εονορίὸιιε,
1621 3998 1689 4046 A.
1735 4037 1798 4046 -..
1843 3997 1992 4057 emisi,
2025 3998 2123 4048 R1.
2162 4036 2225 4046 ....
2269 3996 2403 4057 loci-3,
2438 3997 2501 4045 Β.
2541 4035 2604 4043 -

375 4060 538 4123 situm,
562 4066 627 4114 Β.
668 4103 730 4113 ....
767 4063 938 4126 aliubi,
970 4058 1134 4115 Rea.
1179 4064 1311 4126 alibi,
1347 4059 1550 4128 Adssr.
1589 4103 1653 4113 ....
1689 4064 1813 4125 urbi,
1844 4066 1895 4114 Β
1925 4065 1981 4113 in
2003 4078 2127 4113 corr.
2168 4104 2231 4112 -
2276 4062 2450 4123 aliubi,
2482 4056 2604 4113 ΒΘ.

377 4125 511 4189 alibi,
534 4126 781 4195 Aadssr.
821 4170 882 4179 ...-
918 4140 975 4191 et,
999 4132 1242 4182 R2Aad.
1278 4133 1346 4193 in,
1370 4133 1468 4181 R‘.
1508 4171 1570 4179 -
1608 4140 1672 4192 ut,
1697 4132 1861 4182 omitt.
1885 4132 2066 4180 3¹2¹.

446 4196 476 4257 ξ
502 4201 616 4245 208.
652 4196 928 4260 spiracula,
958 4199 1109 4247 Aad.
1164 4214 1247 4247 vos
1284 4196 1497 4259 iracula,
1529 4199 1592 4247 Β.
1638 4213 1762 4261 quae
1803 4198 2069 4262 spiracula,
2109 4191 2167 4247 θ.
2213 4206 2325 4247 sunt
2354 4196 2606 4262 spiracula

382 4276 522 4325 quae,
544 4278 584 4310 r.
624 4301 686 4309 -
721 4263 966 4323 vocanari,
988 4265 1084 4313 R1.
1126 4304 1186 4312 -
1265 4266 1492 4325 haronea,
1518 4264 1735 4314 Casaub.
1759 4266 1825 4315 ad
1847 4264 2079 4315 strabon.
2109 4272 2152 4314 5.
2179 4280 2227 4328 p.
2253 4270 2369 4314 244.
2407 4264 2604 4314 Confir-
