2961 4861
1259 312 1640 368 ruam-1¹10.
2397 326 2558 370 zxm

318 479 431 538 bus
459 493 605 536 vera
630 473 807 535 lectio
832 475 1260 552 inveniebatur,
1291 494 1444 552 quae
1483 478 1543 536 in
1579 476 1712 536 aliis
1750 485 1857 536 aut
1892 477 2104 535 leviter
2142 483 2418 554 corrupta
2455 486 2563 537 aut

315 586 491 644 foede
528 583 883 662 interpolata
911 592 1191 643 exstaret.
1244 585 1410 658 Inde,
1441 587 1600 661 quod
1626 585 1919 663 scriptura
1947 585 2146 660 aliqua
2170 585 2358 643 facilis
2384 586 2561 644 intel-

315 694 498 765 lectu,
527 693 716 752 altera
743 711 891 753 vero
917 693 1005 751 ita
1031 699 1312 770 corrupta
1339 703 1459 765 est,
1490 700 1559 752 ut
1585 694 1773 770 primo
1802 695 2012 753 obtutu
2039 708 2224 769 paene
2250 694 2426 752 fidem
2453 713 2562 752 ex·

317 804 491 862 cedat
516 821 593 860 ex
617 801 774 861 facili
808 802 916 860 illa
941 802 1236 879 scriptura
1274 809 1398 861 tam
1434 804 1666 879 ineptos
1695 821 1925 862 errores
1954 803 2097 862 oriri
2123 802 2405 879 potuisse,
2447 820 2567 860 non

319 912 523 971 statim
567 910 1016 970 existimandum
1059 910 1382 970 faciliorem
1417 911 1851 989 interpolationi
1885 912 2062 971 alicui
2078 912 2318 971 deberi.
2372 913 2565 970 Immo

320 1023 420 1082 vel
454 1022 518 1079 in
559 1020 793 1097 optimis
832 1020 1131 1079 codicibus
1145 1062 1165 1093 ,
1206 1020 1294 1079 uti
1317 1019 1687 1096 potissimum
1713 1021 1837 1094 Ra,
1867 1022 2086 1097 ubique
2114 1021 2440 1099 scripturae
2466 1021 2564 1079 in-

320 1129 654 1200 veniuntur,
685 1108 840 1204 quae
865 1135 1068 1205 aperte
1095 1138 1406 1206 corruptae
1435 1130 1647 1189 calami
1675 1132 1850 1190 modo
1871 1131 2170 1190 erroribus
2198 1130 2559 1203 tribuendae,

318 1257 460 1297 eum
489 1237 715 1296 codices
741 1255 927 1312 aeque
953 1238 1094 1297 boni
1137 1255 1342 1298 veram
1379 1238 1733 1316 scripturam
1772 1240 1932 1297 omni
1968 1239 2432 1315 interpolationis
2468 1257 2567 1297 su·

319 1347 586 1424 spicione
606 1346 846 1405 liberam
870 1347 1201 1406 exhibeant.
1245 1345 1377 1404 Iam
1398 1348 1557 1420 licet,
1587 1356 1656 1405 ut
1681 1348 1934 1420 redeam,
1965 1350 2121 1407 unde
2141 1365 2389 1406 exorsus
2414 1366 2566 1418 sum,

322 1454 615 1514 librorum
662 1455 925 1531 priorum
972 1456 1216 1531 triginta
1263 1456 1450 1514 oratio
1499 1457 1563 1514 in
1614 1455 1727 1515 hac
1762 1457 2017 1516 editione
2052 1457 2225 1533 longe
2263 1457 2340 1515 sit
2375 1458 2568 1514 minus

322 1563 637 1622 emendata
664 1580 845 1637 quam
875 1564 938 1622 in
963 1563 1126 1622 libris
1152 1581 1263 1621 sex
1288 1564 1643 1637 novissimis,
1673 1571 1873 1622 tamen
1897 1566 2015 1622 illis
2043 1584 2277 1641 quoque
2305 1584 2423 1624 non
2451 1565 2570 1623 exi·

323 1690 447 1748 gua
497 1671 725 1730 utilitas
775 1673 960 1730 allata
1008 1672 1262 1743 videtur,
1316 1673 1457 1746 quia
1493 1690 1651 1730 nunc
1692 1673 1949 1743 demum,
1980 1674 2121 1746 quid
2149 1674 2227 1730 ad
2253 1673 2570 1748 perfectam

323 1798 533 1840 eorum
562 1781 1024 1839 emendationem
1051 1781 1430 1851 desideretur,
1460 1780 1835 1854 intelligitur.

413 1889 496 1947 Et
522 1889 669 1947 haec
695 1890 825 1964 ipsa
849 1907 947 1945 res
973 1907 1069 1945 me
1094 1888 1389 1958 admonet,
1417 1894 1490 1945 ut
1514 1888 1802 1947 nonnulla
1828 1888 2039 1948 addam
2068 1890 2144 1948 de
2173 1888 2424 1948 editione
2447 1887 2574 1947 Da-

324 1997 697 2074 lecampiana
727 1997 854 2055 sive
883 1996 1125 2073 vulgata
1154 1993 1223 2078 β,
1264 1998 1360 2055 cui
1397 2015 1544 2072 quas
1570 2004 1767 2073 partes
1805 2016 1917 2072 ego
1944 1999 2247 2057 tribuerim
2273 2005 2419 2073 puto
2445 1996 2577 2055 iore

327 2107 435 2181 qui
472 2106 778 2164 mirentur.
833 2103 1070 2165 Scilicet
1105 2106 1209 2180 qui
1247 2088 1694 2164 commentarios
1733 2113 1966 2166 nostros
2007 2107 2236 2166 criticos
2272 2106 2578 2182 inspicient

329 2216 532 2274 statim
560 2215 1029 2273 animadvertent
1076 2230 1172 2271 me
1200 2232 1316 2272 non
1344 2211 1545 2290 paucis
1572 2215 1636 2272 in
1663 2215 1828 2286 locis,
1855 2217 2073 2275 reiecta
2099 2215 2389 2291 scriptura
2415 2214 2574 2273 Har-

329 2321 909 2395 duino-Broteriana,
941 2324 1018 2380 ad
1042 2322 1562 2399 Dalecampianam
1588 2323 1852 2393 rediisse,
1875 2341 2063 2397 neque
2089 2324 2167 2381 ibi
2193 2330 2445 2395 tantum,
2475 2323 2579 2381 ubi

331 2432 677 2491 Harduinus
706 2434 804 2491 vel
834 2451 974 2492 suas
1004 2432 1103 2491 vel
1131 2433 1383 2490 aliorum
1414 2432 1796 2490 coniecturas
1815 2441 2033 2491 temere
2070 2433 2133 2489 in
2170 2432 2364 2506 ipsam
2399 2430 2580 2491 Plinii

332 2541 658 2600 orationem
696 2549 1015 2618 receperat,
1048 2558 1262 2599 verum
1291 2540 1374 2598 ibi
1407 2557 1663 2615 quoque,
1684 2540 1787 2597 ubi
1807 2539 2102 2599 codicibus
2138 2540 2262 2597 suis
2299 2540 2452 2599 male
2476 2539 2579 2598 ob-

332 2658 782 2727 temperaverat,
803 2649 990 2721 nullo,
1011 2657 1080 2707 ut
1097 2649 1292 2725 palam
1317 2647 1450 2719 fuit,
1475 2648 1593 2706 alio
1610 2639 1960 2723 argumento
1980 2656 2196 2721 motus,
2221 2667 2398 2724 quam
2420 2649 2581 2725 quod

330 2759 565 2818 codices
586 2761 749 2818 aliud
769 2758 929 2832 quid,
951 2777 1128 2833 quam
1149 2754 1263 2839 ἱιιβ
1284 2764 1565 2829 exstaret,
1593 2756 1956 2817 exhiberent.
2008 2758 2255 2816 Talibus
2274 2758 2334 2815 in
2357 2759 2580 2817 discre-

335 2868 553 2945 pantiis
576 2862 841 2927 codicum
863 2868 1101 2926 secundi
1124 2876 1184 2926 et
1209 2867 1364 2926 tertii
1392 2866 1608 2925 ordinis
1642 2886 1775 2925 cum
1808 2867 2058 2925 editione
2095 2863 2127 2946 β
2154 2876 2222 2925 ut
2240 2887 2359 2925 non
2386 2866 2583 2925 statim

334 2976 457 3034 illis
480 2976 838 3048 accederem,
862 2977 987 3050 sed,
1010 2976 1354 3036 lectionibus
1375 2982 1647 3035 accurate
1670 2976 1824 3033 inter
1845 2992 1910 3032 se
1939 2974 2261 3048 pensitatis,
2283 2981 2420 3032 ntra
2442 2975 2584 3032 scri-

337 3091 515 3161 ptura
534 3083 922 3161 praeferenda
939 3094 1115 3157 esset,
1133 3084 1455 3142 secundum
1468 3057 1639 3156 ‘leges
1659 3080 1801 3137 artis
1822 3078 2053 3137 criticae
2065 3079 2481 3150 examinarem,
2498 3079 2584 3137 fe-

336 3195 419 3253 cit
434 3193 608 3266 illud,
633 3194 790 3269 quod
810 3192 1271 3266 Dalecampiana
1298 3186 1331 3269 β
1367 3186 1704 3263 saepissime
1734 3205 1869 3245 cum
1901 3186 2029 3245 solo
2058 3187 2255 3246 codice
2285 3187 2341 3246 B
2371 3197 2432 3246 et
2450 3207 2583 3247 cum

337 3313 433 3371 eo,
457 3300 558 3374 qui
575 3302 842 3377 proxime
864 3301 1030 3362 ab·eo
1051 3301 1239 3370 abest,
1264 3296 1392 3354 dico
1417 3296 1676 3354 codicem
1687 3295 1771 3369 A,
1796 3297 2113 3372 conspirat,
2136 3314 2269 3355 cum
2291 3297 2468 3356 ceteri
2488 3316 2584 3356 co-

340 3407 500 3464 dices
522 3401 760 3485 (quales
784 3415 923 3467 sunt
941 3408 1070 3467 VR
1084 3406 1139 3463 T
1153 3401 1224 3486 d)
1246 3407 1323 3464 ab
1343 3405 1462 3463 illis
1497 3405 1754 3478 secundi,
1791 3381 2035 3464 ut'nihil
2063 3407 2253 3465 dicam
2273 3408 2346 3465 de
2367 3408 2583 3466 codici-

341 3519 457 3575 bus
479 3516 633 3573 tertii
657 3517 756 3574 vel
776 3516 970 3590 quarti
1001 3515 1240 3588 ordinis,
1282 3532 1433 3589 quos
1461 3514 1677 3590 partim
1706 3509 2019 3573 Harduino
2059 3516 2225 3591 sequi
2251 3515 2492 3592 placuit,
2522 3517 2584 3574 in

340 3624 542 3683 omnia
563 3624 682 3682 alia
701 3640 887 3708 eaque
905 3621 1022 3681 illis
1046 3624 1334 3681 deteriora
1352 3624 1583 3684 abeant.
1634 3622 1791 3680 Hinc
1811 3630 1967 3681 certe
1989 3625 2257 3698 sequitur
2277 3624 2584 3681 editionem

339 3735 526 3805 illam,
549 3751 701 3809 quae
721 3733 898 3790 toties
921 3733 1048 3791 sola
1069 3750 1204 3790 cum
1226 3732 1488 3790 omnium
1510 3730 1742 3807 optimis
1765 3731 2056 3791 codicibus
2074 3732 2233 3803 facit,
2266 3731 2398 3790 aliis
2416 3732 2477 3790 in
2496 3734 2584 3790 lo·

343 3844 448 3915 cis,
472 3843 575 3902 ubi
599 3842 698 3901 vel
718 3842 794 3901 ab
815 3842 907 3900 his
927 3842 1073 3917 ipsis
1097 3842 1392 3899 codicibus
1415 3840 1677 3911 discedit,
1699 3840 1853 3897 hanc
1871 3840 2064 3915 ipsam
2084 3841 2161 3898 ob
2177 3860 2305 3899 rem
2325 3860 2441 3900 non
2465 3848 2583 3900 sta-

341 3951 450 4010 tim
471 3969 603 4011 esse
627 3950 1032 4028 spernendam,
1054 3949 1232 4009 immo
1258 3968 1385 4008 rem
1412 3967 1550 4008 cum
1578 3947 1803 4014 ratione
1830 3947 2263 4025 disceptandam
2290 3969 2475 4026 eaque
2494 3950 2583 4007 iu-

344 4061 516 4119 bente
542 4064 1019 4121 membranarum
1048 4060 1145 4118 vel
1174 4059 1530 4135 optimarum
1557 4057 1963 4115 auctoritatem
2000 4057 2234 4116 editioni
2265 4058 2585 4136 impressae

344 4171 827 4247 postponendam.
868 4168 1015 4242 Quis
1039 4167 1201 4227 verbi
1227 4184 1423 4238 causa,
1448 4174 1519 4225 ut
1537 4184 1718 4226 unum
1741 4174 1896 4225 certe
1915 4166 2250 4243 exemplum
2267 4167 2385 4228 iam
2406 4186 2586 4243 supra
