2961 4861
1198 360 1580 406 PRAEFATIO.
2443 363 2505 404 1.1

261 524 427 584 canb-
477 518 509 584 ξ
555 510 698 593 151.
738 530 973 589 gemma
1023 514 1262 590 capnitis
1298 515 1516 574 dicitur
1557 515 1843 591 pluribus,
1875 510 2057 590 ,piria
2093 516 2355 590 fumida,
2405 513 2506 572 ubi

261 624 453 683 media
491 643 611 683 vox
645 623 710 682 in
749 624 918 682 codd.
954 623 1015 682 in
1055 626 1266 701 ispidis
1302 630 1363 682 et
1402 625 1653 700 hispidis
1693 630 1971 699 corrupta
2005 622 2238 700 ingenio
2284 623 2509 682 librarii

256 731 315 791 B
351 732 586 793 transiit
620 732 683 791 in
720 734 997 810 iaspidis,
1052 741 1113 791 et
1147 732 1211 790 in
1251 732 1385 809 ipsa
1423 733 1795 810 peroratione
1828 732 2009 791 totius
2049 732 2242 809 operis
2278 730 2460 790 Ianu
2477 751 2507 791 s

252 860 319 918 p.
349 837 497 901 467.
536 834 735 900 multa
763 841 1121 917 interpolata
1161 835 1408 922 censet),
1453 860 1658 900 verum
1686 841 1943 900 maiores
1971 841 2150 900 etiam
2189 841 2510 918 interpola-

251 951 449 1010 tiones
485 950 547 1009 in
588 968 660 1008 eo
698 950 1094 1023 inveniuntur,
1135 950 1341 1027 quales
1379 951 1536 1009 idem
1572 952 1759 1010 codex
1784 951 1847 1009 in
1873 951 2169 1027 prioribus
2194 951 2361 1010 libris
2388 969 2507 1009 non

251 1060 454 1120 habet.
509 1057 607 1118 Ita
647 1062 678 1130 ἕ
709 1055 813 1119 90.
849 1076 1143 1135 magnum-
1172 1060 1469 1136 glossema
1504 1060 1786 1118 insertum
1822 1059 2067 1136 legitur,
2107 1064 2138 1129 ὃ
2170 1055 2314 1119 100.
2352 1061 2506 1120 alte·

247 1186 392 1228 rum
429 1167 673 1227 minoris
709 1168 998 1239 ambitus;
1042 1170 1073 1237 ξ
1103 1163 1248 1228 140.
1275 1168 1551 1228 librarius
1590 1186 1725 1228 cum
1762 1170 1946 1227 verba
1983 1170 2097 1226 iam
2125 1169 2363 1229 hederae
2389 1179 2507 1229 sta-

248 1280 435 1336 ticula
473 1286 528 1336 et
563 1296 835 1353 equorum
873 1288 1202 1337 ornamenta
1237 1278 1298 1336 in
1337 1278 1536 1337 codice
1571 1277 1689 1336 iam
1716 1278 1968 1337 evanida
1992 1296 2113 1337 non
2138 1278 2335 1354 legere
2361 1296 2502 1355 pos-

247 1393 382 1457 set,
431 1402 544 1463 pro
588 1385 663 1445 iis
705 1394 760 1445 et
797 1388 1042 1445 aliorum
1079 1386 1415 1457 substituit3
1470 1389 1502 1456 5
1546 1382 1690 1446 151.
1731 1405 1842 1463 pro
1890 1386 2136 1463 vulgato
2184 1390 2377 1447 eadem
2423 1398 2508 1447 est

246 1513 431 1571 quam
466 1497 763 1554 ostra-itin
797 1504 999 1554 vocant
1034 1494 1098 1552 in
1123 1494 1177 1554 B
1212 1494 1461 1553 maiores
1497 1512 1604 1571 per
1641 1497 1920 1569 ambages
1949 1498 2266 1554 verborum
2297 1496 2505 1555 scribi-

245 1612 358 1662 tur
395 1622 616 1680 quoquo
654 1623 799 1680 quae
837 1606 1030 1663 eadem
1070 1612 1213 1663 esset
1240 1605 1395 1679 quod
1434 1613 1519 1663 est
1548 1624 1693 1679 quae
1721 1606 2010 1663 ostracitis
2050 1616 2302 1665 vocatur.
2348 1606 2508 1664 Hinc

245 1729 466 1771 rursus
495 1720 564 1770 ut
597 1712 676 1771 ad
712 1712 938 1788 priores
965 1711 1150 1769 libros
1177 1711 1505 1784 redeamuS,
1543 1711 1602 1768 id
1631 1712 1703 1767 de
1732 1712 1929 1769 codice
1954 1711 2008 1769 Β
2035 1722 2128 1771 est
2152 1715 2504 1785 addendum,

241 1822 314 1881 in
344 1839 415 1878 eo
442 1820 740 1879 interdum
767 1820 954 1878 verba
978 1818 1270 1877 immerito
1299 1817 1508 1888 omitti,
1537 1818 1626 1875 uti
1655 1814 1761 1889 32,
1790 1813 1893 1876 40.
1923 1837 2176 1894 aeqrum,
2221 1815 2328 1890 32,
2359 1816 2505 1880 128.

238 1930 605 2001 scabritiam,
634 1923 741 1999 34,
772 1923 876 1985 11.
907 1929 1069 1986 iussu
1088 1928 1417 2002 praeconis,
1445 1932 1507 1984 et
1530 1926 1773 1984 lacunas
1800 1925 2065 1999 inveniri,
2095 1945 2246 2003 quae
2273 1929 2348 1987 ab
2376 1929 2506 1988 aliis

240 2038 425 2098 libris
465 2035 806 2113 explentur,
849 2053 1029 2110 quam
1063 2053 1172 2112 per
1209 2034 1678 2093 observationem
1715 2036 1792 2094 ad
1826 2055 1950 2094 rem
1987 2037 2167 2113 paulo
2207 2055 2389 2114 supra
2429 2038 2503 2096 si-

241 2147 593 2226 gnificatam
632 2164 766 2204 sum
802 2161 1132 2220 regressus.
1182 2142 1379 2202 Plinio
1421 2143 1647 2203 scilicet
1684 2143 1832 2203 haec
1869 2163 1998 2204 sors
2033 2146 2236 2220 iniqua
2277 2146 2503 2218 cecidit,

242 2262 325 2316 ut
350 2254 574 2327 nullus,
613 2273 692 2313 ne
717 2251 1145 2330 Bambergensi
1171 2253 1405 2328 quidem
1433 2262 1700 2330 exoepto,
1741 2254 1867 2312 eius
1897 2255 2085 2312 codex
2109 2255 2262 2314 liber
2288 2257 2366 2313 sit
2390 2258 2505 2315 hoc

242 2382 468 2443 genere
494 2364 792 2422 vitiorum.
843 2363 1002 2421 Hinc
1038 2362 1331 2439 plurimae
1369 2362 1620 2420 lacunae
1657 2362 2035 2421 inveniuntur
2061 2364 2122 2421 in
2149 2364 2503 2422 editionibus

242 2480 395 2533 ante
431 2472 809 2544 Harduinum
857 2472 1058 2544 editis,
1114 2490 1365 2546 quarum
1417 2471 1627 2529 ultima
1676 2479 2135 2530 commemoratu
2184 2473 2366 2548 digna
2413 2481 2505 2532 est

242 2582 718 2656 Dalecampiana
740 2575 875 2660 (β);
913 2581 1116 2657 plures
1157 2580 1335 2637 etiam
1363 2579 1554 2637 factae
1583 2586 1723 2638 sunt
1750 2581 1825 2638 ab
1853 2579 2186 2651 Harduino,
2228 2582 2352 2654 qui,
2393 2581 2501 2639 sic-

238 2691 358 2750 ubi
381 2690 443 2748 in
469 2708 588 2749 uno
616 2689 879 2747 alterove
908 2706 1150 2747 suorum
1180 2689 1444 2747 codicum
1474 2690 1655 2746 verba
1680 2688 1966 2747 nonnulla
2004 2689 2222 2747 omissa
2257 2689 2500 2761 invenit,

238 2818 321 2859 ea
347 2807 648 2874 tamquam
674 2798 1002 2856 adulterina
1027 2795 1151 2855 fere
1176 2796 1392 2871 ubique
1419 2796 1616 2868 eiecit3
1645 2814 1849 2873 presse
1875 2816 2011 2857 eum
2037 2798 2099 2857 in
2124 2801 2237 2857 hac
2265 2816 2498 2873 quoque

237 2927 313 2968 re
343 2917 433 2967 est
461 2913 696 2967 secutus
723 2905 1024 2966 Broterius
1054 2899 1168 2986 (γ).
1224 2904 1424 2965 Huius
1465 2907 1554 2965 rei
1594 2916 1662 2965 ut
1686 2907 1923 2983 plenam
1964 2909 2235 2967 notitiam
2272 2908 2497 2984 accipe·

237 3032 446 3075 remus
483 3033 675 3090 neque
713 3016 969 3074 incertae
1007 3014 1354 3074 dubitationi
1389 3016 1466 3074 de
1507 3015 1854 3089 recipiendis
1895 3016 2264 3074 eiiciendisve
2301 3016 2497 3074 verbis

236 3126 309 3183 in
352 3142 473 3182 uno
514 3132 618 3183 aut
652 3122 923 3200 pluribus
963 3124 1133 3182 libris
1177 3123 1411 3181 omissis
1456 3121 1695 3180 obnoxii
1723 3138 2008 3193 essemus,
2048 3124 2163 3181 hoc
2198 3129 2290 3181 est
2330 3141 2497 3181 sum-

238 3251 411 3292 mum
447 3251 556 3291 nec
595 3234 739 3292 satis
775 3232 1201 3291 aestimandum
1237 3229 1511 3287 meritum
1552 3228 1764 3287 codicis
1804 3228 1886 3301 B,
1941 3231 2043 3287 sed
2091 3230 2205 3288 hac
2255 3230 2385 3306 ipsa
2423 3230 2496 3289 de

239 3358 431 3399 causa
468 3341 735 3415 sequitur
776 3349 1001 3399 certum
1042 3339 1118 3397 de
1154 3337 1269 3395 hac
1304 3354 1373 3395 re
1408 3337 1685 3395 iudicium
1723 3355 1830 3396 nos
1864 3339 2039 3397 modo
2076 3339 2139 3397 in
2180 3339 2350 3398 libris
2388 3357 2496 3398 sex

239 3447 586 3507 novissimis
625 3448 779 3507 ferre
814 3465 1011 3526 posse.
1071 3445 1446 3521 Quantopere
1483 3445 1664 3522 igitur
1698 3445 2071 3506 librariorum
2098 3449 2162 3506 in
2188 3450 2300 3508 hac
2326 3467 2393 3507 re
2420 3448 2492 3507 li·

243 3556 439 3615 centia
485 3572 597 3631 per
643 3556 753 3614 hos
800 3556 985 3615 libros
1033 3563 1305 3631 grassata
1342 3555 1436 3627 sit,
1487 3555 1815 3614 accuratius
1865 3557 2385 3617 demonstrandum
2433 3567 2494 3616 et

240 3666 416 3742 ipsae
455 3662 704 3721 lacunae
722 3664 802 3721 ‚in
840 3664 1128 3738 quasdam
1168 3665 1386 3723 classes
1423 3647 1875 3737 distribuendae,
1926 3667 2082 3725 unde
2131 3668 2331 3725 statim
2379 3685 2491 3744 ap-

242 3773 475 3849 parebit
514 3789 615 3829 eas
654 3772 756 3830 uni
790 3772 1106 3832 temeritati
1141 3781 1200 3831 et
1243 3773 1629 3848 negligentiae
1675 3774 2050 3834 librariorum
2092 3775 2317 3848 deberi,
2373 3794 2489 3835 non

244 3900 379 3941 esse
404 3881 747 3941 tribuendas
774 3882 980 3941 doctae
1008 3882 1301 3941 sedulitati
1336 3883 1564 3941 librarii
1602 3883 1851 3941 alicuius
1877 3881 2142 3942 Plinium
2185 3886 2491 3943 emendare

245 3990 520 4064 volentis,
566 4009 701 4049 cum
737 3992 802 4049 in
839 3990 1086 4050 diversis
1123 3991 1451 4067 promiscue
1490 3990 1787 4049 codicibus
1814 3992 2222 4063 inveniantur3
2261 3994 2489 4052 addita·

246 4106 448 4158 menta
485 4117 649 4171 vero,
693 4101 906 4175 quibus
941 4100 1003 4159 in
1039 4099 1167 4158 aliis
1193 4078 1359 4157 libris
1384 4099 1526 4156 illae
1552 4099 1799 4158 lacunae
1827 4100 2156 4177 explentur,
2201 4120 2319 4161 non
2360 4121 2489 4162 esse

248 4208 638 4280 glossemata,
703 4210 807 4269 sed
852 4209 983 4286 ipsa
1038 4210 1221 4268 verba
1272 4205 1545 4266 Pliniana
1586 4209 1877 4283 intelliget
1927 4211 2029 4285 qui
2073 4210 2312 4286 singula
2358 4211 2490 4271 loca
