<?xml version="1.0" encoding="UTF-8"?>
<!DOCTYPE html PUBLIC "-//W3C//DTD XHTML 1.0 Transitional//EN"
    "http://www.w3.org/TR/xhtml1/DTD/xhtml1-transitional.dtd">
<html xmlns="http://www.w3.org/1999/xhtml" xml:lang="en" lang="en">
 <head>
  <title>
</title>
<meta http-equiv="Content-Type" content="text/html;charset=utf-8" />
  <meta name='ocr-system' content='tesseract 3.04.00' />
  <meta name='ocr-capabilities' content='ocr_page ocr_carea ocr_par ocr_line ocrx_word'/>
</head>
<body>
  <div class='ocr_page' id='page_1' title='image "./cplinisecundina00sillgoog_0418.png"; bbox 0 0 2961 4861; ppageno 0'>
   <div class='ocr_carea' id='block_1_1' title="bbox 349 338 1887 402">
    <p class='ocr_par' dir='ltr' id='par_1_1' title="bbox 349 338 1887 402">
     <span class='ocr_line' id='line_1_1' title="bbox 349 338 1887 402; baseline -0.005 0"><span class='ocrx_word' id='word_1_1' title='bbox 349 338 473 402; x_wconf 85' lang='grc'><strong>224</strong></span> <span class='ocrx_word' id='word_1_2' title='bbox 1044 352 1451 400; x_wconf 80' lang='lat' dir='ltr'><strong>NATURALIS</strong></span> <span class='ocrx_word' id='word_1_3' title='bbox 1496 351 1887 399; x_wconf 72' lang='lat' dir='ltr'><strong>ms&#39;romAn</strong></span> 
     </span>
    </p>
   </div>
   <div class='ocr_carea' id='block_1_2' title="bbox 345 496 2703 2506">
    <p class='ocr_par' dir='ltr' id='par_1_2' title="bbox 345 496 2703 2506">
     <span class='ocr_line' id='line_1_2' title="bbox 352 496 2591 586; baseline 0 -19"><span class='ocrx_word' id='word_1_4' title='bbox 352 499 544 579; x_wconf 88' lang='lat' dir='ltr'><strong>Galli,</strong></span> <span class='ocrx_word' id='word_1_5' title='bbox 577 499 831 577; x_wconf 89' lang='lat' dir='ltr'><strong>Umbri,</strong></span> <span class='ocrx_word' id='word_1_6' title='bbox 863 498 1082 578; x_wconf 88' lang='lat' dir='ltr'><strong>Tusci,</strong></span> <span class='ocrx_word' id='word_1_7' title='bbox 1111 499 1371 577; x_wconf 89' lang='lat' dir='ltr'><strong>Veneti,</strong></span> <span class='ocrx_word' id='word_1_8' title='bbox 1406 496 1623 578; x_wconf 87' lang='lat' dir='ltr'><strong>Carni,</strong></span> <span class='ocrx_word' id='word_1_9' title='bbox 1664 499 1967 586; x_wconf 88' lang='lat' dir='ltr'><strong>Iapydes,</strong></span> <span class='ocrx_word' id='word_1_10' title='bbox 2012 498 2244 579; x_wconf 84' lang='lat' dir='ltr'><strong>Histri,</strong></span> <span class='ocrx_word' id='word_1_11' title='bbox 2289 498 2591 567; x_wconf 83' lang='lat' dir='ltr'><strong>Liburni.</strong></span> 
     </span>
     <span class='ocr_line' id='line_1_3' title="bbox 348 599 2703 692; baseline 0 -25"><span class='ocrx_word' id='word_1_12' title='bbox 348 601 488 667; x_wconf 91' lang='lat' dir='ltr'><strong>Nec</strong></span> <span class='ocrx_word' id='word_1_13' title='bbox 529 602 753 688; x_wconf 89' lang='lat' dir='ltr'><strong>ignoro</strong></span> <span class='ocrx_word' id='word_1_14' title='bbox 795 600 1032 688; x_wconf 82' lang='lat' dir='ltr'><strong>ingrati</strong></span> <span class='ocrx_word' id='word_1_15' title='bbox 1075 623 1150 665; x_wconf 88' lang='lat' dir='ltr'><strong>ac</strong></span> <span class='ocrx_word' id='word_1_16' title='bbox 1195 599 1410 686; x_wconf 89' lang='lat' dir='ltr'><strong>segnis</strong></span> <span class='ocrx_word' id='word_1_17' title='bbox 1453 600 1648 665; x_wconf 91' lang='lat' dir='ltr'><strong>animi</strong></span> <span class='ocrx_word' id='word_1_18' title='bbox 1693 600 2065 667; x_wconf 85' lang='lat' dir='ltr'><strong>existumari</strong></span> <span class='ocrx_word' id='word_1_19' title='bbox 2103 623 2296 688; x_wconf 88' lang='lat' dir='ltr'><strong>posse</strong></span> <span class='ocrx_word' id='word_1_20' title='bbox 2338 602 2589 692; x_wconf 84' lang='lat' dir='ltr'><strong>merito,</strong></span> <span class='ocrx_word' id='word_1_21' title='bbox 2623 623 2703 668; x_wconf 79' lang='lat'><strong>39</strong></span> 
     </span>
     <span class='ocr_line' id='line_1_4' title="bbox 348 701 2593 785; baseline -0 -16"><span class='ocrx_word' id='word_1_22' title='bbox 348 703 402 769; x_wconf 92' lang='lat' dir='ltr'><strong>si</strong></span> <span class='ocrx_word' id='word_1_23' title='bbox 445 702 725 769; x_wconf 86' lang='lat' dir='ltr'><strong>breviter</strong></span> <span class='ocrx_word' id='word_1_24' title='bbox 765 712 962 785; x_wconf 88' lang='lat' dir='ltr'><strong>atque</strong></span> <span class='ocrx_word' id='word_1_25' title='bbox 1003 701 1071 765; x_wconf 91' lang='lat' dir='ltr'><strong>in</strong></span> <span class='ocrx_word' id='word_1_26' title='bbox 1113 711 1485 766; x_wconf 76' lang='lat' dir='ltr'><strong>transcursu</strong></span> <span class='ocrx_word' id='word_1_27' title='bbox 1514 701 1599 767; x_wconf 90' lang='lat' dir='ltr'><strong>ad</strong></span> <span class='ocrx_word' id='word_1_28' title='bbox 1624 701 1795 766; x_wconf 91' lang='lat' dir='ltr'><strong>hunc</strong></span> <span class='ocrx_word' id='word_1_29' title='bbox 1821 702 2086 767; x_wconf 91' lang='lat' dir='ltr'><strong>modum</strong></span> <span class='ocrx_word' id='word_1_30' title='bbox 2129 701 2381 768; x_wconf 88' lang='lat' dir='ltr'><strong>dicatur</strong></span> <span class='ocrx_word' id='word_1_31' title='bbox 2420 713 2593 768; x_wconf 89' lang='lat' dir='ltr'><strong>terra</strong></span> 
     </span>
     <span class='ocr_line' id='line_1_5' title="bbox 346 802 2592 888; baseline 0 -18"><span class='ocrx_word' id='word_1_32' title='bbox 346 804 630 870; x_wconf 91' lang='lat' dir='ltr'><strong>omnium</strong></span> <span class='ocrx_word' id='word_1_33' title='bbox 688 814 1000 868; x_wconf 87' lang='lat' dir='ltr'><strong>terrarum</strong></span> <span class='ocrx_word' id='word_1_34' title='bbox 1051 804 1306 867; x_wconf 90' lang='lat' dir='ltr'><strong>alumna</strong></span> <span class='ocrx_word' id='word_1_35' title='bbox 1362 802 1587 867; x_wconf 88' lang='lat' dir='ltr'><strong>eadem</strong></span> <span class='ocrx_word' id='word_1_36' title='bbox 1641 814 1707 867; x_wconf 89' lang='lat' dir='ltr'><strong>et</strong></span> <span class='ocrx_word' id='word_1_37' title='bbox 1758 825 1991 888; x_wconf 89' lang='lat' dir='ltr'><strong>parens</strong></span> <span class='ocrx_word' id='word_1_38' title='bbox 2007 850 2026 880; x_wconf 91' lang='lat'><strong>,</strong></span> <span class='ocrx_word' id='word_1_39' title='bbox 2081 802 2343 870; x_wconf 89' lang='lat' dir='ltr'><strong>numine</strong></span> <span class='ocrx_word' id='word_1_40' title='bbox 2395 805 2592 870; x_wconf 90' lang='lat' dir='ltr'><strong>deum</strong></span> 
     </span>
     <span class='ocr_line' id='line_1_6' title="bbox 350 902 2593 993; baseline 0 -22"><span class='ocrx_word' id='word_1_41' title='bbox 350 908 552 973; x_wconf 88' lang='lat' dir='ltr'><strong>electa</strong></span> <span class='ocrx_word' id='word_1_42' title='bbox 596 926 759 987; x_wconf 90' lang='lat' dir='ltr'><strong>quae</strong></span> <span class='ocrx_word' id='word_1_43' title='bbox 803 903 1048 968; x_wconf 89' lang='lat' dir='ltr'><strong>caelum</strong></span> <span class='ocrx_word' id='word_1_44' title='bbox 1085 903 1300 988; x_wconf 90' lang='lat' dir='ltr'><strong>ipsum</strong></span> <span class='ocrx_word' id='word_1_45' title='bbox 1340 902 1574 968; x_wconf 81' lang='lat' dir='ltr'><strong>clarius</strong></span> <span class='ocrx_word' id='word_1_46' title='bbox 1604 903 1866 980; x_wconf 88' lang='lat' dir='ltr'><strong>faceret,</strong></span> <span class='ocrx_word' id='word_1_47' title='bbox 1914 925 2139 988; x_wconf 88' lang='lat' dir='ltr'><strong>sparsa</strong></span> <span class='ocrx_word' id='word_1_48' title='bbox 2165 917 2593 993; x_wconf 86' lang='lat' dir='ltr'><strong>congregaret</strong></span> 
     </span>
     <span class='ocr_line' id='line_1_7' title="bbox 347 1002 2589 1091; baseline 0.001 -22"><span class='ocrx_word' id='word_1_49' title='bbox 347 1005 594 1091; x_wconf 87' lang='lat' dir='ltr'><strong>inperia</strong></span> <span class='ocrx_word' id='word_1_50' title='bbox 620 1003 911 1089; x_wconf 86' lang='lat' dir='ltr'><strong>ritusque</strong></span> <span class='ocrx_word' id='word_1_51' title='bbox 939 1002 1213 1069; x_wconf 89' lang='lat' dir='ltr'><strong>molliret</strong></span> <span class='ocrx_word' id='word_1_52' title='bbox 1246 1011 1311 1068; x_wconf 89' lang='lat' dir='ltr'><strong>et</strong></span> <span class='ocrx_word' id='word_1_53' title='bbox 1356 1013 1449 1068; x_wconf 90' lang='lat' dir='ltr'><strong>tot</strong></span> <span class='ocrx_word' id='word_1_54' title='bbox 1490 1004 1876 1090; x_wconf 90' lang='lat' dir='ltr'><strong>populorum</strong></span> <span class='ocrx_word' id='word_1_55' title='bbox 1918 1003 2244 1069; x_wconf 77' lang='lat' dir='ltr'><strong>discordes</strong></span> <span class='ocrx_word' id='word_1_56' title='bbox 2287 1005 2589 1090; x_wconf 88' lang='lat' dir='ltr'><strong>ferasque</strong></span> 
     </span>
     <span class='ocr_line' id='line_1_8' title="bbox 345 1102 2589 1194; baseline 0.001 -23"><span class='ocrx_word' id='word_1_57' title='bbox 345 1107 604 1194; x_wconf 82' lang='lat' dir='ltr'><strong>linguas</strong></span> <span class='ocrx_word' id='word_1_58' title='bbox 651 1103 961 1169; x_wconf 87' lang='lat' dir='ltr'><strong>sermonis</strong></span> <span class='ocrx_word' id='word_1_59' title='bbox 1005 1102 1362 1169; x_wconf 89' lang='lat' dir='ltr'><strong>conmercio</strong></span> <span class='ocrx_word' id='word_1_60' title='bbox 1407 1104 1828 1182; x_wconf 87' lang='lat' dir='ltr'><strong>contraheret,</strong></span> <span class='ocrx_word' id='word_1_61' title='bbox 1875 1105 2211 1190; x_wconf 89' lang='lat' dir='ltr'><strong>conloquia</strong></span> <span class='ocrx_word' id='word_1_62' title='bbox 2251 1116 2337 1171; x_wconf 63' lang='lat' dir='ltr'><strong>et,</strong></span> <span class='ocrx_word' id='word_1_63' title='bbox 2358 1106 2589 1173; x_wconf 90' lang='lat' dir='ltr'><strong>huma-</strong></span> 
     </span>
     <span class='ocr_line' id='line_1_9' title="bbox 346 1203 2590 1293; baseline 0.001 -22"><span class='ocrx_word' id='word_1_64' title='bbox 346 1207 613 1271; x_wconf 84' lang='lat' dir='ltr'><strong>nitatem</strong></span> <span class='ocrx_word' id='word_1_65' title='bbox 638 1203 882 1270; x_wconf 92' lang='lat' dir='ltr'><strong>homini</strong></span> <span class='ocrx_word' id='word_1_66' title='bbox 926 1203 1108 1268; x_wconf 89' lang='lat' dir='ltr'><strong>daret</strong></span> <span class='ocrx_word' id='word_1_67' title='bbox 1150 1203 1557 1288; x_wconf 86' lang='lat' dir='ltr'><strong>breviterque</strong></span> <span class='ocrx_word' id='word_1_68' title='bbox 1602 1227 1731 1269; x_wconf 90' lang='lat' dir='ltr'><strong>una</strong></span> <span class='ocrx_word' id='word_1_69' title='bbox 1776 1215 2149 1271; x_wconf 89' lang='lat' dir='ltr'><strong>cunctarum</strong></span> <span class='ocrx_word' id='word_1_70' title='bbox 2190 1206 2480 1293; x_wconf 85' lang='lat' dir='ltr'><strong>gentium</strong></span> <span class='ocrx_word' id='word_1_71' title='bbox 2518 1208 2590 1274; x_wconf 88' lang='lat' dir='ltr'><strong>in</strong></span> 
     </span>
     <span class='ocr_line' id='line_1_10' title="bbox 350 1302 2690 1392; baseline 0.001 -20"><span class='ocrx_word' id='word_1_72' title='bbox 350 1318 481 1373; x_wconf 86' lang='lat' dir='ltr'><strong>toto</strong></span> <span class='ocrx_word' id='word_1_73' title='bbox 546 1306 700 1371; x_wconf 92' lang='lat' dir='ltr'><strong>orbe</strong></span> <span class='ocrx_word' id='word_1_74' title='bbox 762 1303 973 1391; x_wconf 89' lang='lat' dir='ltr'><strong>patria</strong></span> <span class='ocrx_word' id='word_1_75' title='bbox 1036 1303 1237 1368; x_wconf 90' lang='lat' dir='ltr'><strong>fieret.</strong></span> <span class='ocrx_word' id='word_1_76' title='bbox 1327 1302 1462 1369; x_wconf 86' lang='lat' dir='ltr'><strong>Sed</strong></span> <span class='ocrx_word' id='word_1_77' title='bbox 1516 1305 1674 1388; x_wconf 89' lang='lat' dir='ltr'><strong>quid</strong></span> <span class='ocrx_word' id='word_1_78' title='bbox 1727 1307 1956 1392; x_wconf 78' lang='lat' dir='ltr'><strong>agam?</strong></span> <span class='ocrx_word' id='word_1_79' title='bbox 2028 1305 2241 1371; x_wconf 85' lang='lat' dir='ltr'><strong>Tanta</strong></span> <span class='ocrx_word' id='word_1_80' title='bbox 2293 1307 2588 1373; x_wconf 78' lang='lat' dir='ltr'><strong>nobilitas</strong></span> <span class='ocrx_word' id='word_1_81' title='bbox 2614 1330 2690 1373; x_wconf 83' lang='lat'><strong>40</strong></span> 
     </span>
     <span class='ocr_line' id='line_1_11' title="bbox 347 1404 2586 1496; baseline -0.001 -21"><span class='ocrx_word' id='word_1_82' title='bbox 347 1408 632 1475; x_wconf 91' lang='lat' dir='ltr'><strong>omnium</strong></span> <span class='ocrx_word' id='word_1_83' title='bbox 671 1409 987 1484; x_wconf 89' lang='lat' dir='ltr'><strong>locorum,</strong></span> <span class='ocrx_word' id='word_1_84' title='bbox 1045 1406 1239 1491; x_wconf 89' lang='lat' dir='ltr'><strong>(quos</strong></span> <span class='ocrx_word' id='word_1_85' title='bbox 1282 1404 1426 1487; x_wconf 90' lang='lat' dir='ltr'><strong>quis</strong></span> <span class='ocrx_word' id='word_1_86' title='bbox 1468 1404 1826 1492; x_wconf 85' lang='lat' dir='ltr'><strong>attigerit?)</strong></span> <span class='ocrx_word' id='word_1_87' title='bbox 1885 1415 2060 1478; x_wconf 85' lang='lat' dir='ltr'><strong>tanta</strong></span> <span class='ocrx_word' id='word_1_88' title='bbox 2107 1430 2321 1473; x_wconf 89' lang='lat' dir='ltr'><strong>rerum</strong></span> <span class='ocrx_word' id='word_1_89' title='bbox 2363 1407 2586 1496; x_wconf 92' lang='lat' dir='ltr'><strong>singu-</strong></span> 
     </span>
     <span class='ocr_line' id='line_1_12' title="bbox 348 1499 2591 1594; baseline -0 -19"><span class='ocrx_word' id='word_1_90' title='bbox 348 1511 556 1575; x_wconf 89' lang='lat' dir='ltr'><strong>larum</strong></span> <span class='ocrx_word' id='word_1_91' title='bbox 596 1499 1103 1594; x_wconf 82' lang='lat' dir='ltr'><strong>populorumque</strong></span> <span class='ocrx_word' id='word_1_92' title='bbox 1149 1505 1403 1571; x_wconf 82' lang='lat' dir='ltr'><strong>claritas</strong></span> <span class='ocrx_word' id='word_1_93' title='bbox 1448 1515 1643 1570; x_wconf 87' lang='lat' dir='ltr'><strong>tenet.</strong></span> <span class='ocrx_word' id='word_1_94' title='bbox 1702 1504 1882 1571; x_wconf 87' lang='lat' dir='ltr'><strong>Urbs</strong></span> <span class='ocrx_word' id='word_1_95' title='bbox 1923 1505 2148 1587; x_wconf 84' lang='lat' dir='ltr'><strong>Roma,</strong></span> <span class='ocrx_word' id='word_1_96' title='bbox 2194 1509 2298 1574; x_wconf 85' lang='lat' dir='ltr'><strong>vel</strong></span> <span class='ocrx_word' id='word_1_97' title='bbox 2343 1511 2478 1576; x_wconf 88' lang='lat' dir='ltr'><strong>sola</strong></span> <span class='ocrx_word' id='word_1_98' title='bbox 2518 1509 2591 1574; x_wconf 78' lang='lat' dir='ltr'><strong>in&#39;</strong></span> 
     </span>
     <span class='ocr_line' id='line_1_13' title="bbox 351 1605 2585 1695; baseline -0.001 -18"><span class='ocrx_word' id='word_1_99' title='bbox 351 1634 427 1677; x_wconf 89' lang='lat' dir='ltr'><strong>ea</strong></span> <span class='ocrx_word' id='word_1_100' title='bbox 471 1621 537 1676; x_wconf 89' lang='lat' dir='ltr'><strong>et</strong></span> <span class='ocrx_word' id='word_1_101' title='bbox 579 1609 777 1695; x_wconf 87' lang='lat' dir='ltr'><strong>digna</strong></span> <span class='ocrx_word' id='word_1_102' title='bbox 822 1617 953 1676; x_wconf 88' lang='lat' dir='ltr'><strong>tam</strong></span> <span class='ocrx_word' id='word_1_103' title='bbox 993 1607 1123 1671; x_wconf 90' lang='lat' dir='ltr'><strong>iam</strong></span> <span class='ocrx_word' id='word_1_104' title='bbox 1165 1606 1335 1671; x_wconf 89' lang='lat' dir='ltr'><strong>festa</strong></span> <span class='ocrx_word' id='word_1_105' title='bbox 1376 1605 1625 1671; x_wconf 87' lang='lat' dir='ltr'><strong>cervice</strong></span> <span class='ocrx_word' id='word_1_106' title='bbox 1669 1607 1904 1685; x_wconf 86' lang='lat' dir='ltr'><strong>facies,</strong></span> <span class='ocrx_word' id='word_1_107' title='bbox 1964 1630 2088 1692; x_wconf 91' lang='lat' dir='ltr'><strong>quo</strong></span> <span class='ocrx_word' id='word_1_108' title='bbox 2134 1610 2390 1675; x_wconf 90' lang='lat' dir='ltr'><strong>tandem</strong></span> <span class='ocrx_word' id='word_1_109' title='bbox 2431 1633 2585 1675; x_wconf 90' lang='lat' dir='ltr'><strong>nar-</strong></span> 
     </span>
     <span class='ocr_line' id='line_1_14' title="bbox 348 1703 2587 1796; baseline 0 -19"><span class='ocrx_word' id='word_1_110' title='bbox 348 1711 478 1776; x_wconf 91' lang='lat' dir='ltr'><strong>rari</strong></span> <span class='ocrx_word' id='word_1_111' title='bbox 521 1710 715 1777; x_wconf 90' lang='lat' dir='ltr'><strong>debet</strong></span> <span class='ocrx_word' id='word_1_112' title='bbox 757 1708 993 1796; x_wconf 80' lang='lat' dir='ltr'><strong>opere?</strong></span> <span class='ocrx_word' id='word_1_113' title='bbox 1068 1703 1362 1787; x_wconf 79' lang='lat' dir='ltr'><strong>Qualiter</strong></span> <span class='ocrx_word' id='word_1_114' title='bbox 1405 1703 1795 1792; x_wconf 87' lang='lat' dir='ltr'><strong>Campaniae</strong></span> <span class='ocrx_word' id='word_1_115' title='bbox 1849 1729 1962 1773; x_wconf 91' lang='lat' dir='ltr'><strong>ora</strong></span> <span class='ocrx_word' id='word_1_116' title='bbox 2011 1709 2129 1794; x_wconf 87' lang='lat' dir='ltr'><strong>per</strong></span> <span class='ocrx_word' id='word_1_117' title='bbox 2183 1732 2252 1775; x_wconf 92' lang='lat' dir='ltr'><strong>se</strong></span> <span class='ocrx_word' id='word_1_118' title='bbox 2299 1709 2587 1794; x_wconf 87' lang='lat' dir='ltr'><strong>felixque</strong></span> 
     </span>
     <span class='ocr_line' id='line_1_15' title="bbox 349 1807 2587 1899; baseline 0 -22"><span class='ocrx_word' id='word_1_119' title='bbox 349 1814 459 1879; x_wconf 90' lang='lat' dir='ltr'><strong>illa</strong></span> <span class='ocrx_word' id='word_1_120' title='bbox 501 1835 577 1877; x_wconf 90' lang='lat' dir='ltr'><strong>ac</strong></span> <span class='ocrx_word' id='word_1_121' title='bbox 618 1812 807 1877; x_wconf 89' lang='lat' dir='ltr'><strong>beata</strong></span> <span class='ocrx_word' id='word_1_122' title='bbox 849 1808 1220 1885; x_wconf 88' lang='lat' dir='ltr'><strong>amoenitas,</strong></span> <span class='ocrx_word' id='word_1_123' title='bbox 1275 1817 1348 1871; x_wconf 92' lang='lat' dir='ltr'><strong>ut</strong></span> <span class='ocrx_word' id='word_1_124' title='bbox 1403 1807 1619 1893; x_wconf 84' lang='lat' dir='ltr'><strong>palam</strong></span> <span class='ocrx_word' id='word_1_125' title='bbox 1662 1807 1747 1872; x_wconf 89' lang='lat' dir='ltr'><strong>sit</strong></span> <span class='ocrx_word' id='word_1_126' title='bbox 1787 1831 1915 1874; x_wconf 91' lang='lat' dir='ltr'><strong>uno</strong></span> <span class='ocrx_word' id='word_1_127' title='bbox 1955 1809 2024 1873; x_wconf 93' lang='lat' dir='ltr'><strong>in</strong></span> <span class='ocrx_word' id='word_1_128' title='bbox 2065 1809 2203 1876; x_wconf 91' lang='lat' dir='ltr'><strong>loco</strong></span> <span class='ocrx_word' id='word_1_129' title='bbox 2245 1811 2587 1899; x_wconf 86' lang='lat' dir='ltr'><strong>gaudentis</strong></span> 
     </span>
     <span class='ocr_line' id='line_1_16' title="bbox 350 1907 2675 1999; baseline -0 -21"><span class='ocrx_word' id='word_1_130' title='bbox 350 1936 514 1999; x_wconf 88' lang='lat' dir='ltr'><strong>opus</strong></span> <span class='ocrx_word' id='word_1_131' title='bbox 569 1935 708 1977; x_wconf 89' lang='lat' dir='ltr'><strong>esse</strong></span> <span class='ocrx_word' id='word_1_132' title='bbox 760 1911 1073 1975; x_wconf 78' lang='lat' dir='ltr'><strong>naturae?</strong></span> <span class='ocrx_word' id='word_1_133' title='bbox 1143 1907 1286 1973; x_wconf 91' lang='lat' dir='ltr'><strong>Iam</strong></span> <span class='ocrx_word' id='word_1_134' title='bbox 1341 1930 1492 1973; x_wconf 88' lang='lat' dir='ltr'><strong>vero</strong></span> <span class='ocrx_word' id='word_1_135' title='bbox 1545 1918 1721 1973; x_wconf 88' lang='lat' dir='ltr'><strong>tanta</strong></span> <span class='ocrx_word' id='word_1_136' title='bbox 1775 1931 1851 1973; x_wconf 88' lang='lat' dir='ltr'><strong>ea</strong></span> <span class='ocrx_word' id='word_1_137' title='bbox 1905 1908 2113 1976; x_wconf 86' lang='lat' dir='ltr'><strong>vitalis</strong></span> <span class='ocrx_word' id='word_1_138' title='bbox 2164 1933 2241 1977; x_wconf 89' lang='lat' dir='ltr'><strong>ac</strong></span> <span class='ocrx_word' id='word_1_139' title='bbox 2290 1914 2587 1999; x_wconf 87' lang='lat' dir='ltr'><strong>perennis</strong></span> <span class='ocrx_word' id='word_1_140' title='bbox 2613 1934 2675 1977; x_wconf 83' lang='lat'><strong>41</strong></span> 
     </span>
     <span class='ocr_line' id='line_1_17' title="bbox 351 2009 2589 2102; baseline -0 -22"><span class='ocrx_word' id='word_1_141' title='bbox 351 2013 715 2089; x_wconf 84' lang='lat' dir='ltr'><strong>salubritas,</strong></span> <span class='ocrx_word' id='word_1_142' title='bbox 764 2011 907 2076; x_wconf 90' lang='lat' dir='ltr'><strong>talis</strong></span> <span class='ocrx_word' id='word_1_143' title='bbox 937 2009 1096 2075; x_wconf 88' lang='lat' dir='ltr'><strong>caeli</strong></span> <span class='ocrx_word' id='word_1_144' title='bbox 1127 2009 1492 2095; x_wconf 89' lang='lat' dir='ltr'><strong>temperies,</strong></span> <span class='ocrx_word' id='word_1_145' title='bbox 1536 2019 1666 2074; x_wconf 88' lang='lat' dir='ltr'><strong>tam</strong></span> <span class='ocrx_word' id='word_1_146' title='bbox 1695 2010 1941 2075; x_wconf 85' lang='lat' dir='ltr'><strong>fertiles</strong></span> <span class='ocrx_word' id='word_1_147' title='bbox 1972 2013 2201 2098; x_wconf 88' lang='lat' dir='ltr'><strong>campi,</strong></span> <span class='ocrx_word' id='word_1_148' title='bbox 2235 2025 2365 2079; x_wconf 88' lang='lat' dir='ltr'><strong>tam</strong></span> <span class='ocrx_word' id='word_1_149' title='bbox 2392 2015 2589 2102; x_wconf 83' lang='lat' dir='ltr'><strong>aprici</strong></span> 
     </span>
     <span class='ocr_line' id='line_1_18' title="bbox 353 2110 2591 2196; baseline 0 -15"><span class='ocrx_word' id='word_1_150' title='bbox 353 2117 577 2193; x_wconf 90' lang='lat' dir='ltr'><strong>colles,</strong></span> <span class='ocrx_word' id='word_1_151' title='bbox 626 2125 757 2178; x_wconf 89' lang='lat' dir='ltr'><strong>tam</strong></span> <span class='ocrx_word' id='word_1_152' title='bbox 797 2110 1042 2175; x_wconf 86' lang='lat' dir='ltr'><strong>innoxii</strong></span> <span class='ocrx_word' id='word_1_153' title='bbox 1086 2111 1319 2188; x_wconf 82' lang='lat' dir='ltr'><strong>saltus,</strong></span> <span class='ocrx_word' id='word_1_154' title='bbox 1368 2121 1497 2174; x_wconf 88' lang='lat' dir='ltr'><strong>tam</strong></span> <span class='ocrx_word' id='word_1_155' title='bbox 1540 2132 1743 2196; x_wconf 88' lang='lat' dir='ltr'><strong>opaca</strong></span> <span class='ocrx_word' id='word_1_156' title='bbox 1781 2133 2071 2190; x_wconf 90' lang='lat' dir='ltr'><strong>nemora,</strong></span> <span class='ocrx_word' id='word_1_157' title='bbox 2119 2123 2251 2178; x_wconf 87' lang='lat' dir='ltr'><strong>tam</strong></span> <span class='ocrx_word' id='word_1_158' title='bbox 2291 2116 2591 2182; x_wconf 89' lang='lat' dir='ltr'><strong>munifica</strong></span> 
     </span>
     <span class='ocr_line' id='line_1_19' title="bbox 352 2208 2585 2302; baseline 0 -20"><span class='ocrx_word' id='word_1_159' title='bbox 352 2218 656 2283; x_wconf 86' lang='lat' dir='ltr'><strong>silvarum</strong></span> <span class='ocrx_word' id='word_1_160' title='bbox 682 2234 943 2300; x_wconf 74' lang='lat' dir='ltr'><strong>genera,</strong></span> <span class='ocrx_word' id='word_1_161' title='bbox 990 2220 1083 2276; x_wconf 89' lang='lat' dir='ltr'><strong>tot</strong></span> <span class='ocrx_word' id='word_1_162' title='bbox 1125 2210 1437 2275; x_wconf 89' lang='lat' dir='ltr'><strong>montium</strong></span> <span class='ocrx_word' id='word_1_163' title='bbox 1480 2208 1757 2288; x_wconf 86' lang='lat' dir='ltr'><strong>afflatus,</strong></span> <span class='ocrx_word' id='word_1_164' title='bbox 1805 2220 1982 2277; x_wconf 88' lang='lat' dir='ltr'><strong>tanta</strong></span> <span class='ocrx_word' id='word_1_165' title='bbox 2022 2213 2286 2302; x_wconf 84' lang='lat' dir='ltr'><strong>frugum</strong></span> <span class='ocrx_word' id='word_1_166' title='bbox 2327 2216 2585 2282; x_wconf 84' lang='lat' dir='ltr'><strong>vitium-</strong></span> 
     </span>
     <span class='ocr_line' id='line_1_20' title="bbox 351 2309 2589 2403; baseline 0 -21"><span class='ocrx_word' id='word_1_167' title='bbox 351 2339 479 2403; x_wconf 88' lang='lat' dir='ltr'><strong>que</strong></span> <span class='ocrx_word' id='word_1_168' title='bbox 525 2325 590 2381; x_wconf 89' lang='lat' dir='ltr'><strong>et</strong></span> <span class='ocrx_word' id='word_1_169' title='bbox 632 2315 917 2380; x_wconf 91' lang='lat' dir='ltr'><strong>olearum</strong></span> <span class='ocrx_word' id='word_1_170' title='bbox 957 2311 1289 2388; x_wconf 86' lang='lat' dir='ltr'><strong>fertilitas,</strong></span> <span class='ocrx_word' id='word_1_171' title='bbox 1337 2321 1467 2375; x_wconf 89' lang='lat' dir='ltr'><strong>tam</strong></span> <span class='ocrx_word' id='word_1_172' title='bbox 1509 2309 1761 2377; x_wconf 82' lang='lat' dir='ltr'><strong>nobilia.</strong></span> <span class='ocrx_word' id='word_1_173' title='bbox 1790 2313 2114 2396; x_wconf 86' lang='lat' dir='ltr'><strong>pecudum</strong></span> <span class='ocrx_word' id='word_1_174' title='bbox 2154 2316 2413 2396; x_wconf 87' lang='lat' dir='ltr'><strong>vellera,</strong></span> <span class='ocrx_word' id='word_1_175' title='bbox 2460 2327 2589 2382; x_wconf 88' lang='lat' dir='ltr'><strong>tam</strong></span> 
     </span>
     <span class='ocr_line' id='line_1_21' title="bbox 350 2412 2589 2506; baseline -0.001 -19"><span class='ocrx_word' id='word_1_176' title='bbox 350 2420 567 2506; x_wconf 89' lang='lat' dir='ltr'><strong>opima</strong></span> <span class='ocrx_word' id='word_1_177' title='bbox 612 2415 807 2483; x_wconf 87' lang='lat' dir='ltr'><strong>tauris</strong></span> <span class='ocrx_word' id='word_1_178' title='bbox 852 2414 1033 2492; x_wconf 88' lang='lat' dir='ltr'><strong>colla,</strong></span> <span class='ocrx_word' id='word_1_179' title='bbox 1080 2422 1176 2478; x_wconf 90' lang='lat' dir='ltr'><strong>tot</strong></span> <span class='ocrx_word' id='word_1_180' title='bbox 1217 2412 1417 2492; x_wconf 89' lang='lat' dir='ltr'><strong>lacus,</strong></span> <span class='ocrx_word' id='word_1_181' title='bbox 1464 2421 1561 2477; x_wconf 86' lang='lat' dir='ltr'><strong>tot</strong></span> <span class='ocrx_word' id='word_1_182' title='bbox 1588 2413 1869 2479; x_wconf 89' lang='lat' dir='ltr'><strong>amnium</strong></span> <span class='ocrx_word' id='word_1_183' title='bbox 1899 2414 2300 2503; x_wconf 88' lang='lat' dir='ltr'><strong>fontiumque</strong></span> <span class='ocrx_word' id='word_1_184' title='bbox 2328 2417 2589 2484; x_wconf 89' lang='lat' dir='ltr'><strong>ubertas</strong></span> 
     </span>
    </p>
   </div>
   <div class='ocr_carea' id='block_1_3' title="bbox 350 2513 2683 2806">
    <p class='ocr_par' dir='ltr' id='par_1_3' title="bbox 350 2513 2683 2806">
     <span class='ocr_line' id='line_1_22' title="bbox 353 2513 2589 2613; baseline -0.006 -27"><span class='ocrx_word' id='word_1_185' title='bbox 353 2532 552 2586; x_wconf 84' lang='lat' dir='ltr'><strong>totam</strong></span> <span class='ocrx_word' id='word_1_186' title='bbox 597 2543 738 2585; x_wconf 90' lang='lat' dir='ltr'><strong>eam</strong></span> <span class='ocrx_word' id='word_1_187' title='bbox 778 2515 1172 2604; x_wconf 88' lang='lat' dir='ltr'><strong>perfundens</strong></span> <span class='ocrx_word' id='word_1_188' title='bbox 1189 2563 1207 2594; x_wconf 92' lang='lat'><strong>,</strong></span> <span class='ocrx_word' id='word_1_189' title='bbox 1265 2524 1356 2580; x_wconf 88' lang='lat' dir='ltr'><strong>tot</strong></span> <span class='ocrx_word' id='word_1_190' title='bbox 1397 2513 1634 2592; x_wconf 88' lang='lat' dir='ltr'><strong>maria,</strong></span> <span class='ocrx_word' id='word_1_191' title='bbox 1692 2524 1917 2601; x_wconf 89' lang='lat' dir='ltr'><strong>portus</strong></span> <span class='ocrx_word' id='word_1_192' title='bbox 1972 2518 2415 2613; x_wconf 76' lang='lat' dir='ltr'><strong>gremiumque</strong></span> <span class='ocrx_word' id='word_1_193' title='bbox 2460 2531 2589 2585; x_wconf 73' lang='lat' dir='ltr'><strong>ter.</strong></span> 
     </span>
     <span class='ocr_line' id='line_1_23' title="bbox 350 2613 2591 2702; baseline -0 -15"><span class='ocrx_word' id='word_1_194' title='bbox 350 2644 565 2687; x_wconf 88' lang='lat' dir='ltr'><strong>rarum</strong></span> <span class='ocrx_word' id='word_1_195' title='bbox 619 2618 972 2685; x_wconf 89' lang='lat' dir='ltr'><strong>conmercio</strong></span> <span class='ocrx_word' id='word_1_196' title='bbox 1024 2626 1251 2702; x_wconf 88' lang='lat' dir='ltr'><strong>patens</strong></span> <span class='ocrx_word' id='word_1_197' title='bbox 1305 2613 1590 2699; x_wconf 88' lang='lat' dir='ltr'><strong>undique</strong></span> <span class='ocrx_word' id='word_1_198' title='bbox 1649 2625 1715 2679; x_wconf 92' lang='lat' dir='ltr'><strong>et</strong></span> <span class='ocrx_word' id='word_1_199' title='bbox 1772 2625 2095 2701; x_wconf 87' lang='lat' dir='ltr'><strong>tamquam</strong></span> <span class='ocrx_word' id='word_1_200' title='bbox 2143 2620 2455 2686; x_wconf 86' lang='lat' dir='ltr'><strong>iuvandos</strong></span> <span class='ocrx_word' id='word_1_201' title='bbox 2506 2620 2591 2685; x_wconf 88' lang='lat' dir='ltr'><strong>ad</strong></span> 
     </span>
     <span class='ocr_line' id='line_1_24' title="bbox 350 2714 2683 2806; baseline -0.001 -20"><span class='ocrx_word' id='word_1_202' title='bbox 350 2719 636 2786; x_wconf 89' lang='lat' dir='ltr'><strong>mortalis</strong></span> <span class='ocrx_word' id='word_1_203' title='bbox 684 2718 831 2804; x_wconf 91' lang='lat' dir='ltr'><strong>ipsa</strong></span> <span class='ocrx_word' id='word_1_204' title='bbox 872 2716 1057 2781; x_wconf 86' lang='lat' dir='ltr'><strong>avide</strong></span> <span class='ocrx_word' id='word_1_205' title='bbox 1105 2715 1174 2779; x_wconf 92' lang='lat' dir='ltr'><strong>in</strong></span> <span class='ocrx_word' id='word_1_206' title='bbox 1222 2714 1423 2778; x_wconf 87' lang='lat' dir='ltr'><strong>maria</strong></span> <span class='ocrx_word' id='word_1_207' title='bbox 1463 2735 1868 2800; x_wconf 87' lang='lat' dir='ltr'><strong>procurrens.</strong></span> <span class='ocrx_word' id='word_1_208' title='bbox 1933 2717 2161 2803; x_wconf 90' lang='lat' dir='ltr'><strong>Neque</strong></span> <span class='ocrx_word' id='word_1_209' title='bbox 2200 2720 2459 2806; x_wconf 92' lang='lat' dir='ltr'><strong>ingenia</strong></span> <span class='ocrx_word' id='word_1_210' title='bbox 2499 2721 2589 2785; x_wconf 90' lang='lat' dir='ltr'><strong>ri-</strong></span> <span class='ocrx_word' id='word_1_211' title='bbox 2615 2728 2683 2784; x_wconf 74' lang='lat'><strong>42</strong></span> 
     </span>
    </p>
   </div>
   <div class='ocr_carea' id='block_1_4' title="bbox 352 2880 2601 4368">
    <p class='ocr_par' dir='ltr' id='par_1_4' title="bbox 352 2880 2590 3021">
     <span class='ocr_line' id='line_1_25' title="bbox 428 2880 2590 2956; baseline 0 -15"><span class='ocrx_word' id='word_1_212' title='bbox 428 2888 585 2953; x_wconf 76' lang='lat' dir='ltr'><strong>Galli,</strong></span> <span class='ocrx_word' id='word_1_213' title='bbox 619 2904 721 2939; x_wconf 91' lang='lat' dir='ltr'><strong>om.</strong></span> <span class='ocrx_word' id='word_1_214' title='bbox 753 2888 817 2939; x_wconf 79' lang='lat' dir='ltr'><strong>R.</strong></span> <span class='ocrx_word' id='word_1_215' title='bbox 855 2927 918 2935; x_wconf 85' lang='grc'><strong>-.</strong></span> <span class='ocrx_word' id='word_1_216' title='bbox 963 2883 1132 2946; x_wconf 77' lang='lat' dir='ltr'><strong>Tusci,</strong></span> <span class='ocrx_word' id='word_1_217' title='bbox 1153 2884 1262 2935; x_wconf 79' lang='grc' dir='ltr'><strong>ΒΑ</strong></span> <span class='ocrx_word' id='word_1_218' title='bbox 1296 2880 1535 2946; x_wconf 89' lang='lat' dir='ltr'><strong>(Dicuil.)</strong></span> <span class='ocrx_word' id='word_1_219' title='bbox 1567 2882 1780 2947; x_wconf 78' lang='lat' dir='ltr'><strong>Etrusci,</strong></span> <span class='ocrx_word' id='word_1_220' title='bbox 1813 2889 1846 2937; x_wconf 87' lang='lat' dir='ltr'><strong>d</strong></span> <span class='ocrx_word' id='word_1_221' title='bbox 1854 2900 1904 2951; x_wconf 81' lang='lat' dir='ltr'><strong>r.</strong></span> <span class='ocrx_word' id='word_1_222' title='bbox 1949 2885 2197 2950; x_wconf 60' lang='lat' dir='ltr'><strong>Hetrusca}</strong></span> <span class='ocrx_word' id='word_1_223' title='bbox 2227 2891 2294 2941; x_wconf 83' lang='grc' dir='ltr'><strong>Κ.</strong></span> <span class='ocrx_word' id='word_1_224' title='bbox 2332 2930 2395 2939; x_wconf 89' lang='grc'><strong>....</strong></span> <span class='ocrx_word' id='word_1_225' title='bbox 2432 2889 2590 2956; x_wconf 79' lang='lat' dir='ltr'><strong>Iapu-</strong></span> 
     </span>
     <span class='ocr_line' id='line_1_26' title="bbox 352 2949 1915 3021; baseline -0.006 -9"><span class='ocrx_word' id='word_1_226' title='bbox 352 2961 458 3021; x_wconf 72' lang='lat' dir='ltr'><strong>des,</strong></span> <span class='ocrx_word' id='word_1_227' title='bbox 481 2959 651 3010; x_wconf 88' lang='lat' dir='ltr'><strong>ATd.</strong></span> <span class='ocrx_word' id='word_1_228' title='bbox 694 2952 949 3021; x_wconf 76' lang='lat' dir='ltr'><strong>Gapudes,</strong></span> <span class='ocrx_word' id='word_1_229' title='bbox 966 2955 1029 3005; x_wconf 87' lang='lat' dir='ltr'><strong>R.</strong></span> <span class='ocrx_word' id='word_1_230' title='bbox 1064 2949 1318 3017; x_wconf 76' lang='lat' dir='ltr'><strong>Lapudes,</strong></span> <span class='ocrx_word' id='word_1_231' title='bbox 1341 2951 1529 3002; x_wconf 88' lang='lat' dir='ltr'><strong>Dicuil.</strong></span> <span class='ocrx_word' id='word_1_232' title='bbox 1565 2950 1793 3017; x_wconf 71' lang='lat' dir='ltr'><strong>Iapides,</strong></span> <span class='ocrx_word' id='word_1_233' title='bbox 1813 2950 1915 3019; x_wconf 75' lang='grc' dir='ltr'><strong>βγ.</strong></span> 
     </span>
    </p>

    <p class='ocr_par' dir='ltr' id='par_1_5' title="bbox 352 3017 2591 3288">
     <span class='ocr_line' id='line_1_27' title="bbox 422 3017 2590 3089; baseline -0 -12"><span class='ocrx_word' id='word_1_234' title='bbox 422 3027 452 3089; x_wconf 68' lang='grc' dir='ltr'><strong>ξ</strong></span> <span class='ocrx_word' id='word_1_235' title='bbox 476 3033 557 3077; x_wconf 83' lang='grc'><strong>39.</strong></span> <span class='ocrx_word' id='word_1_236' title='bbox 598 3027 645 3077; x_wconf 83' lang='lat' dir='ltr'><strong>si</strong></span> <span class='ocrx_word' id='word_1_237' title='bbox 665 3023 883 3084; x_wconf 80' lang='lat' dir='ltr'><strong>breviter,</strong></span> <span class='ocrx_word' id='word_1_238' title='bbox 917 3021 1121 3072; x_wconf 84' lang='lat' dir='ltr'><strong>R²Ad.</strong></span> <span class='ocrx_word' id='word_1_239' title='bbox 1157 3018 1206 3069; x_wconf 80' lang='lat' dir='ltr'><strong>ri</strong></span> <span class='ocrx_word' id='word_1_240' title='bbox 1227 3037 1261 3068; x_wconf 87' lang='lat' dir='ltr'><strong>a</strong></span> <span class='ocrx_word' id='word_1_241' title='bbox 1291 3017 1460 3079; x_wconf 78' lang='lat' dir='ltr'><strong>obiter,</strong></span> <span class='ocrx_word' id='word_1_242' title='bbox 1492 3021 1590 3070; x_wconf 87' lang='lat' dir='ltr'><strong>R¹.</strong></span> <span class='ocrx_word' id='word_1_243' title='bbox 1640 3060 1702 3068; x_wconf 86' lang='grc'><strong>-.</strong></span> <span class='ocrx_word' id='word_1_244' title='bbox 1749 3022 1799 3071; x_wconf 82' lang='lat' dir='ltr'><strong>in</strong></span> <span class='ocrx_word' id='word_1_245' title='bbox 1830 3019 1974 3083; x_wconf 72' lang='lat' dir='ltr'><strong>hunc,</strong></span> <span class='ocrx_word' id='word_1_246' title='bbox 2006 3040 2048 3073; x_wconf 91' lang='lat' dir='ltr'><strong>r.</strong></span> <span class='ocrx_word' id='word_1_247' title='bbox 2091 3062 2142 3072; x_wconf 88' lang='grc'><strong>.-</strong></span> <span class='ocrx_word' id='word_1_248' title='bbox 2185 3041 2356 3089; x_wconf 73' lang='lat' dir='ltr'><strong>passa,</strong></span> <span class='ocrx_word' id='word_1_249' title='bbox 2390 3028 2488 3076; x_wconf 82' lang='lat' dir='ltr'><strong>R&#39;.</strong></span> <span class='ocrx_word' id='word_1_250' title='bbox 2527 3067 2590 3075; x_wconf 82' lang='grc'>-</span> 
     </span>
     <span class='ocr_line' id='line_1_28' title="bbox 352 3085 2591 3203; baseline -0.003 -57"><span class='ocrx_word' id='word_1_251' title='bbox 352 3093 653 3160; x_wconf 73' lang='lat' dir='ltr'><strong>conqreyan&#39;,</strong></span> <span class='ocrx_word' id='word_1_252' title='bbox 669 3094 740 3143; x_wconf 80' lang='lat' dir='ltr'><strong>R.</strong></span> <span class='ocrx_word' id='word_1_253' title='bbox 779 3131 843 3140; x_wconf 79' lang='grc'>-</span> <span class='ocrx_word' id='word_1_254' title='bbox 869 3088 1062 3189; x_wconf 79' lang='lat' dir='ltr'><strong>²molire,</strong></span> <span class='ocrx_word' id='word_1_255' title='bbox 1084 3090 1134 3138; x_wconf 84' lang='lat' dir='ltr'><strong>R</strong></span> <span class='ocrx_word' id='word_1_256' title='bbox 1152 3089 1182 3136; x_wconf 87' lang='lat'><strong>¹.</strong></span> <span class='ocrx_word' id='word_1_257' title='bbox 1221 3128 1283 3135; x_wconf 75' lang='grc'>-</span> <span class='ocrx_word' id='word_1_258' title='bbox 1321 3085 1585 3203; x_wconf 54' lang='grc' dir='ltr'><strong>ᾱίεΒοιζνᾱεε,</strong></span> <span class='ocrx_word' id='word_1_259' title='bbox 1608 3088 1734 3137; x_wconf 85' lang='lat' dir='ltr'><strong>RA.</strong></span> <span class='ocrx_word' id='word_1_260' title='bbox 1771 3087 2132 3154; x_wconf 73' lang='lat' dir='ltr'><strong>discordesque,</strong></span> <span class='ocrx_word' id='word_1_261' title='bbox 2156 3094 2217 3142; x_wconf 85' lang='grc' dir='ltr'><strong>Τ.</strong></span> <span class='ocrx_word' id='word_1_262' title='bbox 2243 3091 2591 3158; x_wconf 64' lang='lat' dir='ltr'><strong>discordi-sque,</strong></span> 
     </span>
     <span class='ocr_line' id='line_1_29' title="bbox 355 3155 2590 3288; baseline -0.004 -9"><span class='ocrx_word' id='word_1_263' title='bbox 355 3155 1826 3288; x_wconf 40' lang='grc' dir='ltr'><strong>ἓωῖΑῂΪ-ῗεῖἴῗίοῗυίιιῒΊΙὲΤξῗεῖἷᾳοῑὲῗῑοᾳαέαζῐῖἶωᾳΜ,</strong></span> <span class='ocrx_word' id='word_1_264' title='bbox 1851 3160 1897 3206; x_wconf 50' lang='lat' dir='ltr'><strong>d·</strong></span> <span class='ocrx_word' id='word_1_265' title='bbox 1933 3157 2193 3222; x_wconf 50' lang='lat' dir='ltr'><strong><em>seraque,</em></strong></span> <span class='ocrx_word' id='word_1_266' title='bbox 2226 3173 2275 3209; x_wconf 49' lang='lat' dir='ltr'><strong>c·</strong></span> <span class='ocrx_word' id='word_1_267' title='bbox 2313 3201 2376 3209; x_wconf 65' lang='lat'><em>-</em></span> <span class='ocrx_word' id='word_1_268' title='bbox 2412 3176 2590 3211; x_wconf 53' lang='lat' dir='ltr'><em>semo·</em></span> 
     </span>
    </p>

    <p class='ocr_par' dir='ltr' id='par_1_6' title="bbox 356 3291 2592 3494">
     <span class='ocr_line' id='line_1_30' title="bbox 424 3291 2590 3357; baseline 0.001 -13"><span class='ocrx_word' id='word_1_269' title='bbox 424 3295 454 3355; x_wconf 65' lang='grc' dir='ltr'><strong>ξ</strong></span> <span class='ocrx_word' id='word_1_270' title='bbox 481 3301 563 3344; x_wconf 82' lang='grc'><strong>40.</strong></span> <span class='ocrx_word' id='word_1_271' title='bbox 609 3292 714 3343; x_wconf 80' lang='lat' dir='ltr'><strong>Sed</strong></span> <span class='ocrx_word' id='word_1_272' title='bbox 744 3308 805 3339; x_wconf 82' lang='lat' dir='ltr'><strong>ne</strong></span> <span class='ocrx_word' id='word_1_273' title='bbox 835 3291 893 3341; x_wconf 80' lang='lat' dir='ltr'><strong>id</strong></span> <span class='ocrx_word' id='word_1_274' title='bbox 922 3307 1064 3355; x_wconf 77' lang='lat' dir='ltr'><strong>aqam</strong></span> <span class='ocrx_word' id='word_1_275' title='bbox 1076 3296 1114 3352; x_wconf 79' lang='lat'><strong>?,</strong></span> <span class='ocrx_word' id='word_1_276' title='bbox 1145 3291 1212 3340; x_wconf 89' lang='lat' dir='ltr'><strong>K.</strong></span> <span class='ocrx_word' id='word_1_277' title='bbox 1251 3330 1314 3338; x_wconf 75' lang='grc'><strong>.-</strong></span> <span class='ocrx_word' id='word_1_278' title='bbox 1350 3291 1553 3340; x_wconf 81' lang='lat' dir='ltr'><strong>omnium</strong></span> <span class='ocrx_word' id='word_1_279' title='bbox 1584 3330 1646 3338; x_wconf 90' lang='lat'><strong>...</strong></span> <span class='ocrx_word' id='word_1_280' title='bbox 1681 3305 1845 3341; x_wconf 81' lang='lat' dir='ltr'><strong>rerum</strong></span> <span class='ocrx_word' id='word_1_281' title='bbox 1877 3292 2038 3343; x_wconf 81' lang='lat' dir='ltr'><strong>omitt.</strong></span> <span class='ocrx_word' id='word_1_282' title='bbox 2072 3294 2176 3344; x_wconf 80' lang='lat' dir='ltr'><strong>Td.</strong></span> <span class='ocrx_word' id='word_1_283' title='bbox 2215 3333 2277 3342; x_wconf 77' lang='grc'>-</span> <span class='ocrx_word' id='word_1_284' title='bbox 2325 3312 2457 3357; x_wconf 72' lang='lat' dir='ltr'><strong>quos,</strong></span> <span class='ocrx_word' id='word_1_285' title='bbox 2491 3309 2590 3346; x_wconf 85' lang='lat' dir='ltr'><strong>om.</strong></span> 
     </span>
     <span class='ocr_line' id='line_1_31' title="bbox 356 3355 2592 3425; baseline 0.001 -15"><span class='ocrx_word' id='word_1_286' title='bbox 356 3363 420 3413; x_wconf 85' lang='lat' dir='ltr'><strong>R.</strong></span> <span class='ocrx_word' id='word_1_287' title='bbox 460 3401 523 3409; x_wconf 86' lang='grc'><strong>.-</strong></span> <span class='ocrx_word' id='word_1_288' title='bbox 559 3369 720 3418; x_wconf 80' lang='lat' dir='ltr'><strong>terret,</strong></span> <span class='ocrx_word' id='word_1_289' title='bbox 744 3358 932 3408; x_wconf 86' lang='lat' dir='ltr'><strong>Sabell.</strong></span> <span class='ocrx_word' id='word_1_290' title='bbox 970 3397 1033 3406; x_wconf 73' lang='grc'><strong>.-</strong></span> <span class='ocrx_word' id='word_1_291' title='bbox 1069 3368 1165 3407; x_wconf 81' lang='lat' dir='ltr'><strong>tam</strong></span> <span class='ocrx_word' id='word_1_292' title='bbox 1192 3358 1308 3419; x_wconf 80' lang='lat' dir='ltr'><strong>iam,</strong></span> <span class='ocrx_word' id='word_1_293' title='bbox 1339 3357 1406 3406; x_wconf 87' lang='lat' dir='ltr'><strong>A.</strong></span> <span class='ocrx_word' id='word_1_294' title='bbox 1450 3356 1611 3418; x_wconf 82' lang='lat' dir='ltr'><strong>etiam,</strong></span> <span class='ocrx_word' id='word_1_295' title='bbox 1634 3359 1796 3408; x_wconf 84' lang='lat' dir='ltr'><strong>RTd.</strong></span> <span class='ocrx_word' id='word_1_296' title='bbox 1843 3367 1956 3419; x_wconf 80' lang='lat' dir='ltr'><strong>tam,</strong></span> <span class='ocrx_word' id='word_1_297' title='bbox 1978 3355 2078 3425; x_wconf 78' lang='grc' dir='ltr'><strong>βγ.</strong></span> <span class='ocrx_word' id='word_1_298' title='bbox 2131 3360 2260 3422; x_wconf 87' lang='lat' dir='ltr'><strong>Iam,</strong></span> <span class='ocrx_word' id='word_1_299' title='bbox 2284 3377 2353 3412; x_wconf 85' lang='lat' dir='ltr'><strong>sc.</strong></span> <span class='ocrx_word' id='word_1_300' title='bbox 2377 3377 2467 3425; x_wconf 89' lang='lat' dir='ltr'><strong>per</strong></span> <span class='ocrx_word' id='word_1_301' title='bbox 2487 3363 2592 3412; x_wconf 87' lang='lat' dir='ltr'><strong>Ve-</strong></span> 
     </span>
     <span class='ocr_line' id='line_1_32' title="bbox 358 3424 2547 3494; baseline 0 -17"><span class='ocrx_word' id='word_1_302' title='bbox 358 3428 578 3494; x_wconf 78' lang='lat' dir='ltr'><strong>spasiani</strong></span> <span class='ocrx_word' id='word_1_303' title='bbox 600 3426 880 3487; x_wconf 87' lang='lat' dir='ltr'><strong>imperium.</strong></span> <span class='ocrx_word' id='word_1_304' title='bbox 919 3465 982 3473; x_wconf 83' lang='grc'><strong>.-</strong></span> <span class='ocrx_word' id='word_1_305' title='bbox 1018 3440 1136 3474; x_wconf 88' lang='lat' dir='ltr'><strong>orae</strong></span> <span class='ocrx_word' id='word_1_306' title='bbox 1153 3441 1244 3489; x_wconf 85' lang='lat' dir='ltr'><strong>per</strong></span> <span class='ocrx_word' id='word_1_307' title='bbox 1268 3440 1320 3474; x_wconf 77' lang='lat' dir='ltr'><strong>se</strong></span> <span class='ocrx_word' id='word_1_308' title='bbox 1335 3424 1490 3485; x_wconf 75' lang='lat' dir='ltr'><strong>felix,</strong></span> <span class='ocrx_word' id='word_1_309' title='bbox 1514 3424 1580 3473; x_wconf 89' lang='lat' dir='ltr'><strong>K.</strong></span> <span class='ocrx_word' id='word_1_310' title='bbox 1620 3465 1682 3473; x_wconf 81' lang='grc'><strong>-.</strong></span> <span class='ocrx_word' id='word_1_311' title='bbox 1720 3425 1823 3489; x_wconf 83' lang='lat' dir='ltr'><strong>illa,</strong></span> <span class='ocrx_word' id='word_1_312' title='bbox 1846 3427 1971 3476; x_wconf 77' lang='grc' dir='ltr'><strong>ΒΑ.</strong></span> <span class='ocrx_word' id='word_1_313' title='bbox 2008 3426 2159 3488; x_wconf 87' lang='lat' dir='ltr'><em>IIII,</em></span> <span class='ocrx_word' id='word_1_314' title='bbox 2185 3431 2233 3478; x_wconf 88' lang='lat' dir='ltr'><strong>d.</strong></span> <span class='ocrx_word' id='word_1_315' title='bbox 2271 3437 2459 3492; x_wconf 77' lang='lat' dir='ltr'><strong>quater,</strong></span> <span class='ocrx_word' id='word_1_316' title='bbox 2483 3430 2547 3480; x_wconf 88' lang='grc' dir='ltr'><strong>Τ.</strong></span> 
     </span>
    </p>

    <p class='ocr_par' dir='ltr' id='par_1_7' title="bbox 358 3487 2601 4368">
     <span class='ocr_line' id='line_1_33' title="bbox 426 3487 2594 3560; baseline 0.002 -17"><span class='ocrx_word' id='word_1_317' title='bbox 426 3499 455 3560; x_wconf 64' lang='grc' dir='ltr'><strong>ξ</strong></span> <span class='ocrx_word' id='word_1_318' title='bbox 481 3501 561 3544; x_wconf 83' lang='lat'><strong>41.</strong></span> <span class='ocrx_word' id='word_1_319' title='bbox 598 3502 747 3552; x_wconf 80' lang='lat' dir='ltr'><strong>tanta,</strong></span> <span class='ocrx_word' id='word_1_320' title='bbox 781 3492 903 3541; x_wconf 81' lang='lat' dir='ltr'><strong>RK.</strong></span> <span class='ocrx_word' id='word_1_321' title='bbox 940 3499 1066 3552; x_wconf 79' lang='lat' dir='ltr'><strong>tota,</strong></span> <span class='ocrx_word' id='word_1_322' title='bbox 1087 3487 1247 3551; x_wconf 67' lang='lat' dir='ltr'><strong>Adss.</strong></span> <span class='ocrx_word' id='word_1_323' title='bbox 1286 3499 1429 3550; x_wconf 79' lang='lat' dir='ltr'><strong>totae,</strong></span> <span class='ocrx_word' id='word_1_324' title='bbox 1454 3492 1612 3541; x_wconf 86' lang='lat' dir='ltr'><strong>Salm.</strong></span> <span class='ocrx_word' id='word_1_325' title='bbox 1639 3508 1802 3553; x_wconf 83' lang='lat' dir='ltr'><strong>exerc.</strong></span> <span class='ocrx_word' id='word_1_326' title='bbox 1833 3509 1885 3557; x_wconf 89' lang='lat' dir='ltr'><strong>p.</strong></span> <span class='ocrx_word' id='word_1_327' title='bbox 1919 3499 2000 3543; x_wconf 71' lang='lat'><strong>3⁹.</strong></span> <span class='ocrx_word' id='word_1_328' title='bbox 2026 3511 2071 3545; x_wconf 84' lang='lat' dir='ltr'><strong>a.</strong></span> <span class='ocrx_word' id='word_1_329' title='bbox 2097 3495 2160 3546; x_wconf 83' lang='lat' dir='ltr'><strong>G.</strong></span> <span class='ocrx_word' id='word_1_330' title='bbox 2200 3536 2263 3545; x_wconf 82' lang='grc'><strong>-</strong></span> <span class='ocrx_word' id='word_1_331' title='bbox 2307 3495 2594 3555; x_wconf 70' lang='lat' dir='ltr'><strong>salubritas,</strong></span> 
     </span>
     <span class='ocr_line' id='line_1_34' title="bbox 358 3557 2594 3627; baseline -0.001 -11"><span class='ocrx_word' id='word_1_332' title='bbox 358 3564 589 3622; x_wconf 66' lang='lat' dir='ltr'><strong>Salmas„</strong></span> <span class='ocrx_word' id='word_1_333' title='bbox 613 3567 671 3609; x_wconf 88' lang='lat' dir='ltr'><strong>ut</strong></span> <span class='ocrx_word' id='word_1_334' title='bbox 690 3560 901 3618; x_wconf 83' lang='lat' dir='ltr'><strong>videtur,</strong></span> <span class='ocrx_word' id='word_1_335' title='bbox 925 3573 953 3607; x_wconf 87' lang='lat' dir='ltr'><strong>e</strong></span> <span class='ocrx_word' id='word_1_336' title='bbox 974 3558 1129 3608; x_wconf 83' lang='lat' dir='ltr'><strong>libris.</strong></span> <span class='ocrx_word' id='word_1_337' title='bbox 1166 3557 1448 3608; x_wconf 86' lang='lat' dir='ltr'><strong>Confirmat</strong></span> <span class='ocrx_word' id='word_1_338' title='bbox 1469 3560 1537 3608; x_wconf 90' lang='lat' dir='ltr'><strong>A.</strong></span> <span class='ocrx_word' id='word_1_339' title='bbox 1573 3559 1890 3622; x_wconf 75' lang='lat' dir='ltr'><strong>salubritatis,</strong></span> <span class='ocrx_word' id='word_1_340' title='bbox 1908 3557 2109 3627; x_wconf 70' lang='lat' dir='ltr'><strong>Rdfir.</strong></span> <span class='ocrx_word' id='word_1_341' title='bbox 2147 3561 2355 3613; x_wconf 81' lang='lat' dir='ltr'><strong>locorum</strong></span> <span class='ocrx_word' id='word_1_342' title='bbox 2378 3563 2594 3614; x_wconf 75' lang='lat' dir='ltr'><strong>salubri-</strong></span> 
     </span>
     <span class='ocr_line' id='line_1_35' title="bbox 358 3619 2593 3694; baseline -0 -13"><span class='ocrx_word' id='word_1_343' title='bbox 358 3640 517 3691; x_wconf 77' lang='lat' dir='ltr'><strong>tatem,</strong></span> <span class='ocrx_word' id='word_1_344' title='bbox 553 3627 684 3679; x_wconf 81' lang='lat' dir='ltr'><strong>caeli</strong></span> <span class='ocrx_word' id='word_1_345' title='bbox 714 3625 996 3692; x_wconf 66' lang='lat' dir='ltr'><strong>temperiem,</strong></span> <span class='ocrx_word' id='word_1_346' title='bbox 1029 3625 1187 3676; x_wconf 88' lang='lat' dir='ltr'><strong>Solin.</strong></span> <span class='ocrx_word' id='word_1_347' title='bbox 1222 3631 1269 3685; x_wconf 84' lang='lat'><strong>2,</strong></span> <span class='ocrx_word' id='word_1_348' title='bbox 1303 3631 1350 3674; x_wconf 88' lang='grc'><strong>2.</strong></span> <span class='ocrx_word' id='word_1_349' title='bbox 1389 3666 1453 3674; x_wconf 85' lang='grc'><strong>-.</strong></span> <span class='ocrx_word' id='word_1_350' title='bbox 1489 3624 1622 3687; x_wconf 74' lang='lat' dir='ltr'><strong>talis,</strong></span> <span class='ocrx_word' id='word_1_351' title='bbox 1655 3619 1696 3673; x_wconf 84' lang='grc' dir='ltr'><em>θ</em></span> <span class='ocrx_word' id='word_1_352' title='bbox 1728 3625 1995 3691; x_wconf 83' lang='lat' dir='ltr'><strong>(Salmas.)</strong></span> <span class='ocrx_word' id='word_1_353' title='bbox 2031 3630 2208 3681; x_wconf 82' lang='lat' dir='ltr'><strong>Omitt.</strong></span> <span class='ocrx_word' id='word_1_354' title='bbox 2243 3627 2503 3694; x_wconf 68' lang='lat' dir='ltr'><strong>RAdssr.</strong></span> <span class='ocrx_word' id='word_1_355' title='bbox 2529 3670 2593 3680; x_wconf 82' lang='grc'>-</span> 
     </span>
     <span class='ocr_line' id='line_1_36' title="bbox 358 3692 2595 3765; baseline -0 -17"><span class='ocrx_word' id='word_1_356' title='bbox 358 3697 626 3765; x_wconf 79' lang='lat' dir='ltr'><strong>temperies,</strong></span> <span class='ocrx_word' id='word_1_357' title='bbox 649 3695 764 3746; x_wconf 85' lang='lat' dir='ltr'><strong>AS.</strong></span> <span class='ocrx_word' id='word_1_358' title='bbox 822 3692 1092 3757; x_wconf 62' lang='lat' dir='ltr'><strong>temper-iae,</strong></span> <span class='ocrx_word' id='word_1_359' title='bbox 1131 3696 1181 3744; x_wconf 84' lang='lat' dir='ltr'>R</span> <span class='ocrx_word' id='word_1_360' title='bbox 1200 3695 1230 3741; x_wconf 81' lang='lat'><strong>¹.</strong></span> <span class='ocrx_word' id='word_1_361' title='bbox 1295 3695 1595 3757; x_wconf 63' lang='lat' dir='ltr'><strong>temper-iaec,</strong></span> <span class='ocrx_word' id='word_1_362' title='bbox 1636 3697 1734 3745; x_wconf 79' lang='lat' dir='ltr'><strong>R2.</strong></span> <span class='ocrx_word' id='word_1_363' title='bbox 1790 3697 2020 3760; x_wconf 83' lang='lat' dir='ltr'><strong>temperia</strong></span> <span class='ocrx_word' id='word_1_364' title='bbox 2062 3706 2148 3758; x_wconf 82' lang='lat' dir='ltr'><strong>est,</strong></span> <span class='ocrx_word' id='word_1_365' title='bbox 2183 3693 2336 3758; x_wconf 79' lang='grc' dir='ltr'><strong>Τᾱβ.</strong></span> <span class='ocrx_word' id='word_1_366' title='bbox 2383 3737 2445 3746; x_wconf 88' lang='lat'><strong>....</strong></span> <span class='ocrx_word' id='word_1_367' title='bbox 2492 3713 2595 3747; x_wconf 82' lang='lat' dir='ltr'><strong>ma-</strong></span> 
     </span>
     <span class='ocr_line' id='line_1_37' title="bbox 359 3759 2595 3829; baseline -0.002 -13"><span class='ocrx_word' id='word_1_368' title='bbox 359 3767 485 3817; x_wconf 81' lang='lat' dir='ltr'><strong>rium</strong></span> <span class='ocrx_word' id='word_1_369' title='bbox 525 3763 752 3825; x_wconf 79' lang='lat' dir='ltr'><strong>afflatus,</strong></span> <span class='ocrx_word' id='word_1_370' title='bbox 794 3762 1008 3813; x_wconf 84' lang='lat' dir='ltr'><strong>Salmas.</strong></span> <span class='ocrx_word' id='word_1_371' title='bbox 1056 3802 1118 3810; x_wconf 79' lang='lat'><strong>...</strong></span> <span class='ocrx_word' id='word_1_372' title='bbox 1165 3759 1421 3823; x_wconf 74' lang='lat' dir='ltr'><strong>vitiumque</strong></span> <span class='ocrx_word' id='word_1_373' title='bbox 1460 3769 1507 3809; x_wconf 81' lang='lat' dir='ltr'><strong>et</strong></span> <span class='ocrx_word' id='word_1_374' title='bbox 1546 3760 1766 3811; x_wconf 82' lang='lat' dir='ltr'><strong>olearum</strong></span> <span class='ocrx_word' id='word_1_375' title='bbox 1798 3764 1923 3813; x_wconf 79' lang='lat' dir='ltr'><strong>BA.</strong></span> <span class='ocrx_word' id='word_1_376' title='bbox 1992 3773 2034 3813; x_wconf 80' lang='lat' dir='ltr'><strong>et</strong></span> <span class='ocrx_word' id='word_1_377' title='bbox 2070 3764 2233 3814; x_wconf 76' lang='lat' dir='ltr'><strong><em>vitium</em></strong></span> <span class='ocrx_word' id='word_1_378' title='bbox 2273 3765 2595 3829; x_wconf 78' lang='lat' dir='ltr'><strong>olearumque,</strong></span> 
     </span>
     <span class='ocr_line' id='line_1_38' title="bbox 361 3829 2596 3897; baseline -0 -16"><span class='ocrx_word' id='word_1_379' title='bbox 361 3829 505 3897; x_wconf 78' lang='grc' dir='ltr'><strong>ᾶβγ.</strong></span> <span class='ocrx_word' id='word_1_380' title='bbox 545 3874 608 3881; x_wconf 77' lang='lat'><strong>..</strong></span> <span class='ocrx_word' id='word_1_381' title='bbox 668 3839 783 3891; x_wconf 84' lang='lat' dir='ltr'><strong>tam,</strong></span> <span class='ocrx_word' id='word_1_382' title='bbox 814 3830 882 3880; x_wconf 90' lang='lat' dir='ltr'><strong>A.</strong></span> <span class='ocrx_word' id='word_1_383' title='bbox 936 3838 1086 3890; x_wconf 80' lang='lat' dir='ltr'><strong>tanta,</strong></span> <span class='ocrx_word' id='word_1_384' title='bbox 1117 3829 1223 3880; x_wconf 76' lang='grc' dir='ltr'><strong>ΒΤ</strong></span> <span class='ocrx_word' id='word_1_385' title='bbox 1236 3830 1283 3877; x_wconf 85' lang='grc'><strong>(1.</strong></span> <span class='ocrx_word' id='word_1_386' title='bbox 1331 3867 1392 3876; x_wconf 84' lang='grc'><strong>..-</strong></span> <span class='ocrx_word' id='word_1_387' title='bbox 1445 3829 1628 3888; x_wconf 80' lang='lat' dir='ltr'><strong>mollia,</strong></span> <span class='ocrx_word' id='word_1_388' title='bbox 1651 3830 1785 3880; x_wconf 89' lang='lat' dir='ltr'><strong>Pint.</strong></span> <span class='ocrx_word' id='word_1_389' title='bbox 1837 3871 1899 3880; x_wconf 81' lang='grc'><strong>..-</strong></span> <span class='ocrx_word' id='word_1_390' title='bbox 1956 3830 2209 3896; x_wconf 77' lang='lat' dir='ltr'><strong>pecudum,</strong></span> <span class='ocrx_word' id='word_1_391' title='bbox 2243 3833 2342 3882; x_wconf 83' lang='lat' dir='ltr'><strong>R‘-’.</strong></span> <span class='ocrx_word' id='word_1_392' title='bbox 2399 3831 2596 3896; x_wconf 73' lang='lat' dir='ltr'><strong>pecudi,</strong></span> 
     </span>
     <span class='ocr_line' id='line_1_39' title="bbox 360 3892 2597 3964; baseline -0.001 -13"><span class='ocrx_word' id='word_1_393' title='bbox 360 3894 683 3951; x_wconf 74' lang='lat' dir='ltr'><strong>R¹AGST.</strong></span> <span class='ocrx_word' id='word_1_394' title='bbox 735 3896 916 3964; x_wconf 81' lang='lat' dir='ltr'><strong>pecori,</strong></span> <span class='ocrx_word' id='word_1_395' title='bbox 958 3892 1099 3961; x_wconf 75' lang='grc' dir='ltr'><strong>ᾱβγ.</strong></span> <span class='ocrx_word' id='word_1_396' title='bbox 1145 3937 1209 3945; x_wconf 83' lang='grc'><strong>..</strong></span> <span class='ocrx_word' id='word_1_397' title='bbox 1258 3904 1369 3956; x_wconf 82' lang='lat' dir='ltr'><strong>tam,</strong></span> <span class='ocrx_word' id='word_1_398' title='bbox 1403 3894 1692 3946; x_wconf 85' lang='lat' dir='ltr'><strong>RAKTd.</strong></span> <span class='ocrx_word' id='word_1_399' title='bbox 1736 3895 1944 3963; x_wconf 73' lang='grc' dir='ltr'><strong>τοτ,βγ.</strong></span> <span class='ocrx_word' id='word_1_400' title='bbox 1984 3940 2047 3948; x_wconf 81' lang='grc'><strong>.-</strong></span> <span class='ocrx_word' id='word_1_401' title='bbox 2090 3898 2340 3961; x_wconf 74' lang='lat' dir='ltr'><strong>yremium,</strong></span> <span class='ocrx_word' id='word_1_402' title='bbox 2364 3900 2433 3949; x_wconf 88' lang='lat' dir='ltr'><strong>A.</strong></span> <span class='ocrx_word' id='word_1_403' title='bbox 2485 3914 2597 3963; x_wconf 74' lang='lat' dir='ltr'><strong>yer-</strong></span> 
     </span>
     <span class='ocr_line' id='line_1_40' title="bbox 361 3964 2596 4031; baseline 0 -15"><span class='ocrx_word' id='word_1_404' title='bbox 361 3968 553 4027; x_wconf 81' lang='lat' dir='ltr'><strong>minum‚</strong></span> <span class='ocrx_word' id='word_1_405' title='bbox 577 3970 624 4017; x_wconf 87' lang='lat' dir='ltr'><strong>d.</strong></span> <span class='ocrx_word' id='word_1_406' title='bbox 666 3965 918 4031; x_wconf 65' lang='lat' dir='ltr'><strong>geminum,</strong></span> <span class='ocrx_word' id='word_1_407' title='bbox 941 3967 991 4015; x_wconf 80' lang='lat' dir='ltr'>R</span> <span class='ocrx_word' id='word_1_408' title='bbox 1011 3968 1039 4014; x_wconf 88' lang='lat'><strong>¹.</strong></span> <span class='ocrx_word' id='word_1_409' title='bbox 1080 3964 1382 4030; x_wconf 66' lang='lat' dir='ltr'><strong>gremiorum,</strong></span> <span class='ocrx_word' id='word_1_410' title='bbox 1403 3965 1503 4015; x_wconf 56' lang='grc' dir='ltr'><strong>ΒΞ.</strong></span> <span class='ocrx_word' id='word_1_411' title='bbox 1548 3965 1830 4028; x_wconf 83' lang='lat' dir='ltr'><strong>Exscripsit</strong></span> <span class='ocrx_word' id='word_1_412' title='bbox 1862 3967 1990 4016; x_wconf 82' lang='lat' dir='ltr'><strong>haec</strong></span> <span class='ocrx_word' id='word_1_413' title='bbox 2022 3967 2182 4017; x_wconf 75' lang='lat' dir='ltr'><strong>Solia.</strong></span> <span class='ocrx_word' id='word_1_414' title='bbox 2210 3973 2258 4028; x_wconf 85' lang='lat'><strong>2,</strong></span> <span class='ocrx_word' id='word_1_415' title='bbox 2283 3973 2330 4016; x_wconf 83' lang='lat'><strong>4.</strong></span> <span class='ocrx_word' id='word_1_416' title='bbox 2367 4007 2432 4015; x_wconf 85' lang='grc'><strong>-.</strong></span> <span class='ocrx_word' id='word_1_417' title='bbox 2469 3983 2596 4031; x_wconf 80' lang='lat' dir='ltr'><strong>pan-</strong></span> 
     </span>
     <span class='ocr_line' id='line_1_41' title="bbox 362 4031 2600 4161; baseline 0.001 -80"><span class='ocrx_word' id='word_1_418' title='bbox 362 4034 500 4110; x_wconf 61' lang='lat' dir='ltr'><strong>dens,</strong></span> <span class='ocrx_word' id='word_1_419' title='bbox 514 4034 724 4161; x_wconf 50' lang='grc' dir='ltr'><strong>(183ὺὲῙέ</strong></span> <span class='ocrx_word' id='word_1_420' title='bbox 761 4073 824 4082; x_wconf 84' lang='grc'><strong>.-</strong></span> <span class='ocrx_word' id='word_1_421' title='bbox 871 4042 981 4082; x_wconf 77' lang='lat' dir='ltr'><strong>tunc</strong></span> <span class='ocrx_word' id='word_1_422' title='bbox 1013 4049 1174 4095; x_wconf 82' lang='lat' dir='ltr'><strong>quam,</strong></span> <span class='ocrx_word' id='word_1_423' title='bbox 1197 4033 1295 4082; x_wconf 63' lang='lat'><strong>13¹.</strong></span> <span class='ocrx_word' id='word_1_424' title='bbox 1338 4071 1393 4079; x_wconf 84' lang='lat'><strong>.-</strong></span> <span class='ocrx_word' id='word_1_425' title='bbox 1442 4031 1682 4082; x_wconf 70' lang='lat' dir='ltr'><strong>iuvandos</strong></span> <span class='ocrx_word' id='word_1_426' title='bbox 1705 4033 1788 4093; x_wconf 80' lang='lat' dir='ltr'><strong>ad,</strong></span> <span class='ocrx_word' id='word_1_427' title='bbox 1819 4034 1888 4083; x_wconf 87' lang='lat' dir='ltr'><strong>A.</strong></span> <span class='ocrx_word' id='word_1_428' title='bbox 1941 4034 2014 4083; x_wconf 85' lang='lat' dir='ltr'><strong>ad</strong></span> <span class='ocrx_word' id='word_1_429' title='bbox 2045 4032 2283 4084; x_wconf 74' lang='lat' dir='ltr'><strong>iuvandos</strong></span> <span class='ocrx_word' id='word_1_430' title='bbox 2314 4034 2398 4095; x_wconf 82' lang='lat' dir='ltr'><strong>ad,</strong></span> <span class='ocrx_word' id='word_1_431' title='bbox 2420 4035 2483 4084; x_wconf 85' lang='lat' dir='ltr'><strong>R.</strong></span> <span class='ocrx_word' id='word_1_432' title='bbox 2527 4031 2600 4084; x_wconf 84' lang='lat' dir='ltr'><strong>ad</strong></span> 
     </span>
     <span class='ocr_line' id='line_1_42' title="bbox 363 4115 2571 4165; baseline 0 -17"><span class='ocrx_word' id='word_1_433' title='bbox 363 4116 510 4150; x_wconf 79' lang='lat' dir='ltr'><strong>mvan</strong></span> <span class='ocrx_word' id='word_1_434' title='bbox 549 4119 616 4161; x_wconf 79' lang='lat' dir='ltr'><strong>os,</strong></span> <span class='ocrx_word' id='word_1_435' title='bbox 732 4115 782 4165; x_wconf 76' lang='lat' dir='ltr'><strong>r.</strong></span> <span class='ocrx_word' id='word_1_436' title='bbox 2566 4128 2571 4135; x_wconf 84' lang='lat'><em>·</em></span> 
     </span>
     <span class='ocr_line' id='line_1_43' title="bbox 363 4162 2601 4300; baseline -0 -14"><span class='ocrx_word' id='word_1_437' title='bbox 363 4164 585 4286; x_wconf 47' lang='grc' dir='ltr'><strong>Βὲῗὲἁ.</strong></span> <span class='ocrx_word' id='word_1_438' title='bbox 603 4162 2601 4300; x_wconf 44' lang='lat' dir='ltr'><strong>’&#39;zzffffzfss·rr-,‘³{2;2.A;.332;312535055235542-..2233‘3452:5²2</strong></span> 
     </span>
     <span class='ocr_line' id='line_1_44' title="bbox 365 4295 2595 4368; baseline 0.001 -17"><span class='ocrx_word' id='word_1_439' title='bbox 365 4299 622 4367; x_wconf 75' lang='lat' dir='ltr'><strong>quaedam,</strong></span> <span class='ocrx_word' id='word_1_440' title='bbox 648 4314 748 4349; x_wconf 91' lang='lat' dir='ltr'><strong>om.</strong></span> <span class='ocrx_word' id='word_1_441' title='bbox 774 4301 836 4350; x_wconf 88' lang='lat' dir='ltr'><strong>T.</strong></span> <span class='ocrx_word' id='word_1_442' title='bbox 859 4341 919 4349; x_wconf 82' lang='grc'><strong>-</strong></span> <span class='ocrx_word' id='word_1_443' title='bbox 941 4297 1198 4363; x_wconf 77' lang='lat' dir='ltr'><strong>quasdam,</strong></span> <span class='ocrx_word' id='word_1_444' title='bbox 1224 4316 1323 4349; x_wconf 89' lang='lat' dir='ltr'><strong>om.</strong></span> <span class='ocrx_word' id='word_1_445' title='bbox 1350 4301 1471 4350; x_wconf 85' lang='grc'><strong>(1....</strong></span> <span class='ocrx_word' id='word_1_446' title='bbox 1487 4310 1548 4362; x_wconf 82' lang='lat' dir='ltr'><strong>et,</strong></span> <span class='ocrx_word' id='word_1_447' title='bbox 1573 4295 1791 4353; x_wconf 72' lang='lat' dir='ltr'><strong>RAOd.</strong></span> <span class='ocrx_word' id='word_1_448' title='bbox 1818 4320 1891 4364; x_wconf 80' lang='lat' dir='ltr'><strong>ac,</strong></span> <span class='ocrx_word' id='word_1_449' title='bbox 1913 4298 2013 4366; x_wconf 79' lang='grc' dir='ltr'><strong>βγ.</strong></span> <span class='ocrx_word' id='word_1_450' title='bbox 2051 4314 2094 4354; x_wconf 76' lang='lat' dir='ltr'><strong>et</strong></span> <span class='ocrx_word' id='word_1_451' title='bbox 2110 4319 2294 4368; x_wconf 72' lang='lat' dir='ltr'><strong>pauca,</strong></span> <span class='ocrx_word' id='word_1_452' title='bbox 2317 4318 2418 4356; x_wconf 82' lang='lat' dir='ltr'><strong>om.</strong></span> <span class='ocrx_word' id='word_1_453' title='bbox 2440 4303 2507 4354; x_wconf 79' lang='lat' dir='ltr'><strong>K.</strong></span> <span class='ocrx_word' id='word_1_454' title='bbox 2533 4342 2595 4353; x_wconf 88' lang='lat'><strong>...</strong></span> 
     </span>
    </p>
   </div>
  </div>
 </body>
</html>
