2961 4861
888 1199 1887 1323 PRAEFATIO.

1248 1440 1551 1448 ——-

277 1551 571 1659 Naturae
619 1604 972 1656 scrutatores
1024 1599 1202 1657 totius
1247 1596 1604 1658 Germaniae
1645 1616 1780 1656 cum
1820 1617 1926 1675 per
1964 1597 2329 1657 occasionem
2377 1615 2520 1656 con-

279 1712 558 1764 ventuum
587 1715 824 1765 auctore
844 1705 948 1765 Lu
964 1707 1226 1766 dovico
1255 1705 1560 1779 OkeniO,
1591 1725 1765 1781 quem
1792 1706 2029 1765 honoris
2059 1725 2238 1765 causa
2264 1707 2520 1778 nomino,

277 1816 587 1889 quotannis
647 1815 1076 1874 celebratorum
1131 1833 1285 1873 anno
1325 1813 1851 1873 MDCCOXXVI.
1906 1816 2198 1874 Dresdam
2261 1823 2524 1873 nostram

273 1931 577 2000 tamquam
608 1924 807 1982 sedem
835 1924 1166 1982 studiorum
1196 1942 1437 1982 suorum
1474 1932 1536 1982 et
1556 1925 1933 1995 consiliorum
1954 1926 2370 2001 temporariam
2392 1924 2522 1982 adi·-

271 2035 482 2105 issent,
531 2030 846 2091 Carolus
873 2032 1263 2108 Augustus
1292 2033 1743 2108 B'ottigerus,
1787 2034 2120 2111 philologus
2148 2035 2520 2105 Dresdensis‚

271 2142 618 2200 memoriam
638 2124 814 2201 ‘illius
851 2144 1146 2219 temporis,
1186 2162 1303 2218 quo
1343 2162 1475 2201 cum
1518 2142 1859 2202 Conrado
1890 2143 2337 2221 Sprengelio
2377 2163 2521 2202 eon·-

274 2252 508 2309 iunctus
549 2252 744 2309 studia
791 2254 1149 2327 antiquitatis
1200 2253 1276 2310 ad
1325 2238 1523 2330 partes
1574 2254 1859 2326 quasdam
1908 2253 2185 2318 historiae
2234 2254 2521 2311 naturalis

272 2360 652 2418 illustrandas
694 2362 995 2435 retulerat,
1046 2362 1197 2420 laete
1238 2364 1520 2434 recolens,
1575 2363 1874 2420 consessui
1915 2363 2087 2420 docto
2128 2380 2276 2439 opus
2316 2380 2520 2420 conso·

276 2471 438 2529 ciatis
465 2472 730 2547 ipsorum
759 2470 981 2530 viribus
1021 2472 1265 2545 dignum
1303 2473 1671 2529 tractandum
1718 2473 2165 2544 commendavit,
2211 2471 2519 2531 editionem

190 2647 207 2651 -
276 2580 404 2638 dico
453 2599 681 2639 novam·
717 2581 999 2638 naturalis
1049 2580 1328 2638 historiae
1371 2578 1632 2638 a'Caio
1680 2578 1934 2639 Plinio
1987 2579 2325 2640 Secundo
2375 2601 2519 2640 con-

196 2753 201 2759 ,
276 2690 547 2765 scriptae,
602 2708 777 2764 quam
827 2698 886 2747 et
934 2697 1001 2747 ut
1047 2689 1300 2765 primum
1345 2705 1629 2747 conamen
1667 2691 1844 2749 totius
1886 2692 2047 2750 orbis
2096 2700 2341 2749 naturae
2390 2701 2518 2750 tum

275 2800 494 2873 cogniti
542 2800 963 2874 complectendi
1013 2806 1071 2855 et
1117 2799 1180 2856 in
1230 2799 1549 2876 deperditis
1589 2807 1679 2857 tot
1729 2802 2110 2876 scriptoribus
2157 2802 2516 2875 antiquitatis

275 2910 515 2967 unicum
570 2908 793 2967 fontem
851 2908 1190 2983 cognitionis
1246 2919 1482 2968 nostrae
1529 2911 1688 2969 illius
1746 2912 1904 2969 orbis
1961 2912 2221 2970 homines
2277 2912 2518 2970 litterati

275 3019 583 3094 utriusque
632 3018 968 3093 disciplinae
1022 3019 1188 3076 nullo
1237 3029 1356 3077 non
1412 3027 1677 3095 tempore
1734 3020 2097 3095 gravissimis
2153 3022 2516 3095 antiquitatis

275 3128 656 3204 scriptoribus
706 3128 1203 3186 adnumerandam
1253 3147 1384 3186 esse
1433 3148 1555 3188 uno
1604 3147 1706 3186 ore
1757 3137 2179 3187 consenserunt
2218 3122 2519 3208 (videatur

275 3235 488 3295 Okenii
515 3238 627 3296 Isis
660 3233 846 3297 1827.
890 3237 1032 3296 Vol.
1064 3234 1166 3295 20.
1206 3257 1265 3313 p.
1299 3231 1499 3316 389.).
1543 3236 1916 3312 Bottigeri
1943 3239 2136 3312 animo
2166 3240 2515 3298 obversaba-

272 3356 372 3405 tur
412 3348 591 3405 editio
628 3367 666 3405 a
700 3347 1001 3424 philologo
1038 3347 1238 3421 aliquo
1274 3347 1661 3422 pluribusque
1699 3345 1951 3426 physicis
2002 3350 2299 3407 communi
2337 3345 2516 3426 opera

272 3457 554 3532 paranda,
595 3453 665 3513 ut
697 3456 979 3533 philologi
1017 3465 1211 3532 partes
1249 3464 1447 3515 essent
1473 3457 1533 3515 in
1563 3458 1758 3526 verbis
1787 3459 2087 3534 scriptoris
2118 3467 2176 3517 et
2202 3461 2512 3518 emendan-

273 3565 363 3622 dis
404 3572 463 3620 et
497 3564 858 3622 illustrandis
873 3608 889 3637 ‚
950 3566 1043 3623 cni
1078 3568 1313 3640 negotio
1351 3568 1462 3624 rite
1512 3570 1923 3643 pertractando
1970 3567 2272 3627 adhiberet
2309 3571 2511 3628 doctos

269 3674 570 3751 physicOS,
622 3691 870 3747 quorum
917 3676 1199 3732 sententia
1239 3685 1298 3733 et
1340 3677 1583 3735 consilio
1621 3678 1681 3735 in
1725 3679 1920 3737 verbis
1960 3680 2329 3737 recensendis
2366 3699 2511 3738 usus

271 3802 388 3842 non
430 3784 596 3860 prius
637 3784 855 3858 librum
895 3783 1085 3859 ipsum
1129 3804 1166 3842 a
1207 3804 1268 3843 se
1307 3787 1679 3844 emendatum
1720 3788 1885 3862 prelo
1939 3788 2345 3846 excudendum
2391 3798 2511 3847 tra·

271 3893 455 3965 deret,
508 3911 687 3968 quam
722 3892 810 3950 illi
831 3894 922 3950 de
957 3892 1199 3970 singulis
1242 3895 1387 3953 locis
1424 3896 1616 3953 dubiis
1660 3897 1800 3971 quid
1840 3899 2159 3955 secundum
2200 3899 2383 3974 ipsius
2424 3901 2512 3957 rei

272 4004 574 4062 veritatem
614 4005 988 4090 statuendum
1026 4013 1183 4062 esset
1229 4005 1676 4079 significassent.
1740 4005 1936 4063 Alteri
1973 4006 2152 4083 igitur
2198 4008 2275 4065 ab
2324 4005 2510 4067 altero

271 4113 677 4189 pendendum3
728 4114 1027 4191 philologo
1079 4113 1430 4171 audiendum
1472 4114 1775 4191 physicum
1816 4116 1876 4172 in
1913 4124 2042 4175 arte
2092 4116 2290 4175 critica
2335 4118 2507 4177 facti-

270 4223 481 4292 tanda3
536 4224 776 4302 physico
827 4244 945 4283 non
993 4207 1412 4304 negligendum
1457 4223 1821 4302 philologum
1868 4227 1928 4283 in
1970 4228 2292 4286 iudicandis
2332 4228 2508 4285 Plinii

2047 4344 2098 4392 A
