2961 4861
1252 367 1630 411 PRAEFATIO.
2326 369 2511 411 XXXV
2518 371 2565 411 11

320 520 433 578 dus
472 521 548 576 de
585 518 847 577 Muralto
883 520 948 578 in
984 518 1182 577 libello
1220 520 1526 596 inscripto:
1572 521 1848 596 Beitrdqe
1890 537 1998 578 zur
2034 520 2183 578 alten
2239 520 2564 591 Lites-atur,

318 627 622 704 Petropoli
665 623 853 699 1844,
895 628 1051 686 unde
1087 628 1206 685 iam
1247 628 1462 686 certius
1507 629 1579 686 de
1619 627 1723 685 illo
1764 627 1918 686 libro
1950 627 2206 686 iudicare
2232 645 2565 703 possumus.

318 734 578 794 Multum
629 736 850 795 scilicet
898 736 1195 812 conspirat
1244 754 1378 794 cum
1430 735 1776 794 Monacensi
1822 733 1901 808 P,
1950 734 2274 795 Parisiensi
2311 737 2373 808 h,
2424 755 2562 796 cum

318 844 697 917 Academico,
728 844 1168 921 Andegavensi‚
1200 842 1499 915 Gudiano,
1527 842 1884 920 Menapiano
1895 887 1913 917 ,
1955 850 2016 901 et
2060 862 2194 903 cum
2236 845 2441 904 multis
2473 845 2569 904 >in-

319 953 805 1029 terpolationibus
836 954 915 1011 sit
937 953 1297 1028 inquinatae,
1327 971 1623 1027 nusquam
1649 953 1709 1011 in
1737 972 1808 1012 eo
1836 953 1964 1011 solo
1994 971 2198 1011 veram
2225 953 2406 1012 Plinii
2443 972 2570 1013 ma-

317 1080 462 1120 num
500 1067 798 1120 servatam
837 1081 932 1120 me
970 1060 1404 1138 deprehendere
1442 1062 1699 1120 memini.
1755 1060 2031 1120 Ceterum
2068 1063 2177 1121 has
2217 1064 2394 1121 modo
2437 1064 2567 1121 eius

318 1171 516 1230 varias
551 1172 828 1229 lectiones
863 1190 901 1228 a
939 1188 1306 1245 quocumque
1358 1171 1595 1230 demum
1646 1170 1885 1228 illorum
1944 1170 2207 1229 virorum
2263 1148 2573 1230 doctorum

318 1280 626 1339 nobiscum
653 1280 1106 1338 communicatas
1131 1279 1192 1337 in
1219 1280 1373 1337 hanc
1399 1296 1591 1337 meam
1618 1280 1932 1338 editionem
1961 1280 2238 1337 transtuli
2249 1321 2269 1350 ,
2315 1297 2466 1355 quae
2506 1290 2577 1338 ut

317 1388 777 1447 transferrentur
820 1389 1029 1464 dignae
1080 1388 1462 1460 videbantur,
1518 1388 1753 1446 nomina
1790 1389 2053 1447 virorum
2092 1388 2426 1459 doctorum,
2482 1388 2576 1447 cui

319 1470 571 1572 singulis
605 1497 669 1554 in
704 1497 848 1556 loeis
885 1497 1093 1556 notitia
1118 1496 1434 1555 lectionum
1463 1497 1797 1567 deberetur,
1828 1497 2043 1555 addere
2073 1515 2575 1573 supervacaneum

323 1624 584 1665 censens.
1805 1650 1808 1655 .

405 1714 757 1773 Accedimus
793 1716 871 1772 ad
914 1715 1221 1790 Georgium
1261 1718 1527 1789 Zoeqam,
1568 1716 1668 1789 qui
1709 1716 1774 1772 in
1798 1732 1981 1789 opere
2007 1711 2475 1772 luculentissimo
2502 1716 2576 1772 de

322 1823 595 1882 obeliscis
618 1824 767 1881 duos
786 1823 949 1880 locos
970 1822 1165 1894 Plinii,
1192 1819 1252 1894 6,
1281 1819 1425 1880 174.
1449 1817 1555 1892 36,
1583 1817 1878 1893 63--74.,
1903 1821 2225 1879 secundum
2255 1822 2577 1896 permultos

322 1932 508 1989 libros
535 1949 716 1988 manu
746 1930 995 2005 scriptos
1026 1929 1337 1988 emendare
1365 1930 1641 2006 suscepit.
1694 1931 1817 1988 Eos
1845 1937 2041 1988 tamen
2070 1948 2269 1988 omnes
2297 1932 2412 1989 hoc
2445 1931 2578 1990 loco

329 2056 679 2098 enumerare
715 2056 833 2096 non
874 2045 963 2096 est
997 2038 1384 2096 necessarium
1398 2080 1418 2109 ,
1461 2056 1596 2096 cum
1633 2039 1706 2096 de
1741 2039 1965 2095 maiore
2008 2056 2210 2097 eorum
2247 2047 2413 2115 parte
2455 2041 2577 2098 iam

326 2166 511 2224 supra
554 2146 728 2205 variis
764 2147 826 2205 in
865 2146 1007 2204 locis
1054 2147 1329 2221 loquendi
1368 2147 1599 2205 occasio
1637 2147 1805 2206 nobis
1841 2155 2027 2216 esset3
2081 2150 2576 2206 commemorandi

326 2265 469 2316 sunt
492 2257 558 2327 ii,
587 2273 837 2332 quorum
865 2256 1123 2314 nondum
1151 2256 1508 2314 mentionem
1536 2255 1668 2327 feci,
1718 2262 1779 2311 et
1804 2256 1846 2312 ii
1874 2255 2109 2330 quidem
2140 2275 2342 2315 omnes
2370 2276 2576 2315 recen-

326 2367 506 2425 tiores
536 2372 597 2423 et
622 2365 744 2423 fere
772 2364 992 2422 nullius
1021 2364 1217 2440 pretiit
1262 2363 1530 2422 Archivii
1557 2363 1896 2439 capitular-is
1926 2364 2203 2421 basilicae
2230 2364 2574 2439 Vaticanae‚

327 2478 662 2534 Britannici
680 2482 800 2532 tres
823 2468 1214 2555 (Harleianus
1236 2468 1426 2530 2676.
1450 2467 1575 2530 267
1581 2469 1617 2530 7
1624 2513 1664 2543 .,
1699 2471 2084 2530 bibliothecae
2110 2474 2307 2548 regiae
2327 2475 2474 2533 XV.
2506 2473 2575 2534 C.

331 2577 603 2663 XVH.),
638 2585 1144 2659 Cantabriyiensis‚
1182 2582 1519 2657 Okiyianus,
1549 2581 1953 2640 ottobonianus
1974 2581 2211 2659 reginae
2231 2581 2577 2658 christinae,

332 2694 663 2763 Palatinus,
720 2693 986 2750 Urbinas.

416 2799 816 2861 Paucissimos
844 2802 921 2860 ad
949 2802 1112 2859 locos
1139 2800 1275 2859 libri
1295 2798 1379 2858 11.
1402 2798 1741 2861 Ludovicus
1769 2801 2011 2862 Marcus
2041 2804 2102 2863 in
2132 2805 2381 2864 editione
2407 2804 2576 2864 Pari-

333 2911 509 2970 siensi
547 2912 682 2969 anni
727 2906 912 2970 1829.
954 2909 1217 2968 adhibuit
1243 2910 1504 2969 codicem
1531 2910 1979 2971 Rickeletianum
2021 2932 2059 2971 a
2085 2915 2321 2973 domino
2350 2916 2573 2973 dictum

331 3028 393 3078 et
411 3020 473 3077 in
495 3017 695 3078 Gallia
717 3026 1037 3090 servatum,
1080 3020 1554 3079 Vindobonensem
1582 3018 1993 3078 CCXXXIV.
2025 3015 2144 3100 (ω)
2173 3023 2474 3096 Hauptius
2501 3024 2579 3080 ad

332 3124 437 3201 32,
470 3123 741 3187 11-13.
775 3123 919 3187 152.
952 3123 1121 3199 153.,
1153 3146 1325 3201 quem
1357 3129 1494 3184 vide
1520 3128 1598 3185 ad
1628 3126 1825 3185 Ovidii
1859 3126 2191 3186 Halieutica
2216 3148 2277 3206 p.
2313 3125 2412 3187 11.
2455 3130 2580 3187 col-

331 3235 455 3295 lato
483 3235 835 3296 Endlichero
875 3237 937 3294 in
975 3236 1243 3310 catalogo
1271 3232 1652 3292 bibliothecae
1680 3232 2151 3294 Vindobonensis
2190 3258 2251 3313 p.
2286 3233 2452 3311 132„
2486 3241 2583 3297 cui

330 3345 462 3403 viro
501 3346 891 3404 eruditissimo
921 3348 1253 3421 fraqmenta
1293 3344 1698 3419 antiquissima
1736 3346 2024 3403 naturalis
2065 3346 2342 3405 historiae
2383 3340 2490 3428 (π)
2519 3348 2580 3405 in

333 3452 600 3527 catalogo
641 3453 745 3511 illo
787 3473 848 3531 p.
892 3449 1035 3512 125.
1081 3471 1211 3527 sqq.
1250 3452 1506 3529 primum
1544 3452 1698 3510 edita
1727 3453 2023 3513 debemus.
2066 3457 2140 3514 In
2168 3456 2397 3513 laciniis
2426 3474 2577 3515 non-

331 3558 512 3618 nullis
538 3563 1017 3633 membranaceis,
1048 3582 1085 3620 a
1111 3562 1446 3638 bibliopega
1472 3562 1549 3619 ad
1578 3562 1794 3620 librum
1822 3563 2043 3622 Hilarii
2068 3563 2462 3624 Pictaviensis
2504 3567 2578 3624 de

330 3668 588 3727 trinitate
627 3669 1114 3745 compingendum
1151 3671 1454 3743 adhibitis,
1493 3670 1881 3730 Endlicherus
1910 3673 2135 3748 aliquot
2161 3674 2322 3733 locos
2350 3674 2576 3732 Plinia-

330 3797 440 3836 nos
470 3776 707 3836 saeculo
733 3776 849 3836 VI.
880 3785 1153 3837 exaratos
1181 3781 1401 3839 detexit
1428 3787 1486 3838 et
1525 3799 1564 3837 a
1599 3780 1898 3839 Friderico
1935 3781 2219 3852 Reussio,
2262 3782 2576 3841 medicinae

327 3888 566 3944 doctore
605 3886 1083 3963 HerbipolitanO,
1114 3889 1437 3964 descriptos
1488 3890 1593 3948 illo
1629 3891 1688 3947 in
1721 3890 1873 3947 libro
1909 3892 2135 3965 primus
2173 3891 2394 3967 publici
2427 3892 2574 3951 iuris

329 3993 485 4054 fecit.
531 3993 844 4057 Continent
869 3999 1017 4058 haee
1043 3997 1376 4073 fragmenta
1403 3992 1506 4069 33,
1541 3993 1895 4056 142-154.
1932 3994 2074 4059 157.
2109 3995 2253 4059 160.
2286 3995 2432 4060 163.
2465 3996 2568 4072 34,

330 4098 391 4162 3.
437 4100 494 4163 6.
540 4101 599 4165 8.
648 4102 749 4165 11.
791 4102 1061 4166 13-22,
1100 4103 1205 4167 33.
1250 4101 1352 4165 34.
1398 4102 1501 4164 36.
1533 4101 1636 4165 37.
1667 4101 1768 4165 39.
1801 4103 1904 4165 41.
1935 4104 2039 4167 42.
2073 4105 2217 4168 109.
2250 4104 2392 4168 110.
2427 4106 2568 4169 112.

336 4207 480 4272 113.
528 4208 880 4276 115—118.
924 4224 1000 4290 et,
1033 4218 1118 4275 uti
1147 4219 1265 4276 iam
1293 4216 1510 4275 Ianus
1539 4216 1598 4275 in
1628 4216 1845 4276 nuntiis
1875 4217 2172 4277 litterariis
2199 4216 2569 4278 Monacensi-
