2961 4861
430 340 553 405 104
1127 353 1535 401 NA'rthms
1577 352 1967 401 ffls‘romAE

423 510 555 587 los;
598 529 983 595 proxumum
1028 506 1292 593 spiritus
1337 527 1529 588 quem
1558 502 1794 570 Graeci
1836 505 2170 589 nostrique
2214 505 2441 571 eodem
2469 528 2675 571 voca-

424 610 575 675 bulo
600 633 768 674 *aera
812 607 1165 694 appellant,
1212 606 1470 671 vitalem
1513 605 1683 670 hunc
1728 617 1793 670 et
1834 628 1951 692 per
1993 616 2224 670 cuncta
2264 628 2484 671 rerum
2524 630 2674 671 me-

423 710 658 776 abilem
703 720 960 793 totoque
1004 716 1407 784 consertum3
1482 706 1673 790 huius
1716 707 1781 773 vi
1824 728 2201 792 suspensam
2244 729 2393 772 cum
2434 719 2675 792 quarto

422 835 735 897 aquarum
779 811 1092 875 elemento
1135 807 1355 873 librari
1412 807 1629 873 medio
1673 808 1842 894 spati
1886 808 2196 873 tellurem.
2277 807 2381 873 Ita
2437 820 2674 873 mutuo
2708 827 2735 870 1
2751 828 2778 870 ι

422 914 738 999 conplexu
797 907 1187 974 diversitatis
1242 907 1410 974 effici
1471 931 1712 973 nexum
1770 922 1833 974 et
1889 908 2061 975 levia
2112 907 2503 993 ponderibus
2556 908 2672 972 in-

419 1013 625 1079 hiberi
669 1035 797 1098 quo
839 1011 1049 1074 minus
1094 1010 1387 1087 evolent,
1447 1019 1795 1094 contraque
1837 1009 2061 1095 gravia
2099 1032 2182 1074 ne
2225 1019 2417 1074 ruant
2438 1056 2458 1086 ,
2516 1032 2672 1074 sus-

420 1114 615 1200 pendi
639 1163 657 1192 ‚
715 1112 967 1179 levibus
1009 1111 1079 1175 in
1122 1109 1391 1176 sublime
1437 1109 1865 1175 tendentibus.
1956 1106 2069 1175 Sic
2108 1109 2251 1195 pari
2290 1110 2359 1174 in
2401 1110 2671 1175 diversa

418 1215 566 1280 nisu
607 1215 676 1279 in
721 1237 836 1280 suo
879 1234 1173 1297 quaeque
1218 1210 1592 1288 consistere,
1636 1210 1995 1295 inrequieto
2023 1209 2245 1275 mundi
2272 1210 2475 1297 ipsius
2506 1220 2671 1276 con-

421 1315 642 1382 stricta
679 1314 972 1392 circuitu,
1019 1335 1148 1398 quo
1191 1333 1445 1397 semper
1486 1311 1553 1375 in
1598 1331 1667 1376 se
1711 1321 2006 1376 currente
2048 1310 2243 1376 imam
2284 1322 2477 1397 atque
2520 1335 2669 1378 me-

422 1416 594 1482 diam
636 1416 704 1480 in
750 1427 880 1481 toto
926 1425 1162 1479 terram
1206 1412 1605 1496 eandemque
1646 1411 1949 1477 universo
1992 1410 2251 1477 cardine
2298 1423 2469 1477 stare
2497 1435 2669 1499 pen-

421 1516 680 1583 dentem
701 1561 725 1595 ,
779 1515 1120 1580 librantem
1176 1536 1292 1600 per
1345 1535 1513 1598 quae
1555 1512 1864 1598 pendeat,
1917 1512 2009 1576 ita
2052 1513 2251 1578 solam
2291 1512 2670 1579 inmobilem

421 1617 592 1683 circa
635 1638 777 1682 eam
820 1615 1082 1682 volubili
1126 1613 1403 1680 universi
1411 1623 1578 1692 tate3
1626 1613 2023 1697 eandemque
2053 1636 2136 1679 ex
2164 1613 2460 1679 omnibus
2488 1613 2669 1679 necti

422 1718 760 1803 eidemque
812 1717 1025 1785 omnia
1075 1714 1281 1780 inniti.
1377 1713 1497 1781 VI.
1554 1714 1731 1779 Inter
1783 1714 1951 1780 hanc
2003 1714 2380 1798 caelumque
2435 1714 2667 1780 eodem
2702 1734 2768 1778 12

422 1820 652 1906 spiritu
678 1819 962 1904 pendent
1004 1816 1194 1883 certis
1238 1816 1518 1882 discreta
1555 1806 1787 1902 spatiis
1831 1826 2078 1900 septem
2120 1815 2333 1880 sidera
2376 1837 2542 1900 quae
2574 1816 2665 1881 ab

418 1920 678 1985 incessu
706 1939 1007 1985 vocamus
1037 1917 1335 1994 errantia,
1368 1939 1516 1982 cum
1545 1926 1758 1982 errent
1775 1905 1959 1982 'nulla
1985 1917 2199 1982 minus
2226 1916 2373 1981 illis.
2415 1914 2667 1981 Eorum

420 2019 672 2085 medius
718 2019 812 2084 sol
854 2018 1079 2095 fertur,
1124 2016 1519 2103 amplissima
1559 2015 2003 2104 magnitudine
2047 2039 2125 2083 ac
2159 2026 2497 2106 potestate,
2540 2039 2667 2083 nec

424 2130 781 2207 temporum
809 2117 999 2184 modo
1029 2128 1469 2201 terrarumque
1498 2116 1614 2182 sed
1643 2117 1925 2183 siderum
1953 2117 2147 2183 etiam
2184 2118 2470 2204 ipsorum
2511 2140 2661 2183 cae-

420 2221 596 2306 lique
650 2230 877 2285 rector.
963 2218 1160 2284 Hunc
1215 2240 1357 2283 esse
1413 2218 1636 2283 mundi
1688 2218 1884 2284 totius
1936 2219 2220 2284 animum
2277 2242 2354 2285 ac
2405 2218 2663 2304 planius
2695 2239 2763 2282 13

419 2331 721 2399 mentem,
764 2321 936 2387 hunc
962 2319 1314 2407 principale
1357 2329 1625 2383 naturae
1667 2318 1956 2406 regimen
1997 2342 2075 2385 ac
2114 2342 2354 2386 numen
2395 2319 2659 2389 credere

422 2424 607 2492 decet
663 2446 861 2510 opera
915 2422 1054 2490 eius
1113 2419 1551 2501 aestumantis.
1639 2418 1770 2487 Hic
1819 2422 2030 2488 lucem
2089 2421 2283 2489 rebus
2339 2421 2659 2487 ministrat

485 2630 717 2696 spiritus,
747 2633 895 2693 bdg«
944 2628 1196 2694 spiritum,
1229 2645 1308 2680 ar.
1363 2628 1474 2694 spe,
1509 2631 1568 2680 P.
1629 2629 1759 2692 sp’c,
1791 2629 2000 2679 Robert.
2050 2669 2111 2677 -..
2156 2637 2450 2690 consertum,
2483 2631 2659 2692 Pabg

419 2695 680 2760 (Robert.)
740 2698 1033 2760 consertum,
1065 2698 1205 2747 Tdr.
1255 2738 1317 2746 -
1354 2695 1527 2758 huius,
1561 2698 1635 2746 ab
1647 2699 1738 2760 dg.
1774 2695 1933 2757 cuius,
1958 2696 2111 2759 KPp
2135 2693 2398 2758 (Robert.)
2437 2737 2498 2746 -
2535 2712 2655 2761 spa-

384 2778 387 2779 ’
419 2763 495 2825 eii,
520 2765 639 2814 abd
649 2759 1017 2826 gp-(Robert.)
1051 2765 1224 2827 spatio,
1247 2760 1400 2828 Ρβγ.
1711 2816 1716 2823 ,

485 2830 515 2893 ξ
544 2837 622 2881 11.
661 2827 875 2892 levibus,
912 2831 1115 2903 Pa²d²
1147 2826 1408 2892 (Robert.)
1442 2831 1619 2882 Omitt.
1653 2832 1890 2894 Tabdg.
1937 2831 2056 2880 Vid.
2091 2831 2284 2881 Achill.
2318 2831 2434 2881 Tat.
2468 2833 2654 2882 introd.

2018 2914 2037 2951 i

417 2966 653 3017 adArati
676 2966 952 3030 phaenom.
976 2980 1026 3029 p.
1058 2970 1169 3016 131.
1211 2966 1289 3015 ed.
1329 2965 1505 3016 Petav.
1546 3008 1607 3015 .-
1644 2968 1772 3027 nisu,
1819 2967 1867 3015 b.
1920 2982 2023 3015 msa
2045 3001 2060 3026 ,
2101 2981 2145 3014 a.
2190 2965 2322 3027 nubta,
2355 2968 2404 3014 d.
2441 2963 2571 3025 visu,
2595 2965 2655 3015 P.

1189 3050 1235 3087 in

414 3100 512 3162 aui,
554 3115 605 3164 g.
659 3142 720 3151 -.
772 3102 828 3151 in
870 3118 977 3163 suo,
1018 3102 1188 3152 Ta¹r.
1257 3117 1363 3162 suo,
1405 3103 1453 3151 d.
1507 3102 1558 3151 in
1589 3117 1700 3162 sua,
1730 3102 1824 3164 bg.
1872 3101 2061 3161 visua,
2093 3101 2181 3163 Pp
2212 3096 2474 3161 (Robert.)
2495 3095 2552 3160 β.
2593 3140 2655 3148 .-

414 3182 576 3229 unam,
607 3169 667 3218 P.
717 3209 780 3218 ...
824 3178 984 3230 totam,
1016 3170 1075 3219 P.
1113 3210 1178 3220 .-
1215 3176 1415 3230 terram,
1447 3170 1665 3232 Pabgp
1700 3165 1964 3230 (Robert.)
1999 3182 2110 3215 esse
2133 3176 2328 3228 terram,
2354 3170 2411 3216 αἳ
2418 3162 2462 3229 β
2469 3180 2521 3231 γ.
2548 3182 2658 3216 esse

414 3244 679 3296 terrarum,
702 3238 749 3285 d.
773 3235 939 3286 Paulo
965 3237 1170 3300 quidem
1192 3236 1445 3286 difficilior
1465 3238 1525 3287 fit
1546 3236 1711 3300 primo
1738 3236 1921 3285 obtutu
1945 3236 2108 3285 oratio
2136 3236 2327 3284 omisso
2362 3235 2502 3284 verbi
2537 3236 2655 3284 sub-

414 3302 618 3352 stantivi
641 3303 919 3364 infinitiv03
954 3306 1233 3367 parendum
1266 3312 1438 3362 tamen
1473 3304 1573 3354 fuit
1604 3304 1809 3365 optimis
1831 3304 1989 3364 libris,
2022 3318 2137 3352 cum
2161 3317 2281 3351 vera
2303 3316 2394 3352 eos
2418 3302 2655 3365 praebere

415 3369 665 3417 sententia
696 3383 901 3431 qnoque
931 3370 1033 3418 loci
1065 3372 1262 3419 doceat.
1307 3373 1442 3422 Nam
1472 3372 1628 3421 verba
1660 3371 1805 3420 imam
1838 3411 1900 3419 .-.
1936 3379 2133 3431 terram,
2158 3370 2201 3419 si
2223 3370 2285 3418 iis
2308 3370 2510 3418 additur
2533 3384 2656 3429 esse,

415 3435 666 3497 apodosin
697 3435 922 3497 priorum
953 3437 1222 3485 verborum
1255 3437 1497 3499 efficiunt,
1532 3440 1683 3502 idque
1720 3439 1918 3498 iniuria,
1944 3452 2061 3486 cum
2085 3437 2303 3486 currenti
2334 3439 2527 3485 mundo
2550 3451 2657 3490 non

340 3508 341 3513 ’
416 3504 782 3565 opponendum
820 3504 900 3562 sit,
943 3505 1082 3564 quod
1122 3512 1255 3552 terra
1294 3511 1370 3552 est
1408 3505 1514 3555 ima
1553 3513 1605 3554 et
1633 3506 1816 3565 media,
1851 3507 1941 3554 sed
1974 3507 2113 3567 quod
2137 3512 2251 3554 stat.
2287 3504 2424 3553 Hinc
2446 3512 2658 3568 apparet

412 3570 567 3618 verba
589 3569 681 3618 illa
701 3570 1048 3633 parenthetice
1071 3583 1181 3619 esse
1204 3574 1464 3631 sumenda,
1489 3579 1548 3620 ut
1569 3573 1779 3622 minoris
1801 3573 2065 3632 momenti,
2088 3586 2375 3635 pronomen
2396 3585 2517 3620 vero
2543 3586 2657 3620 ean-

417 3636 621 3699 demque
643 3652 752 3686 non
775 3650 884 3686 esse
906 3637 1222 3686 referendum
1247 3640 1312 3686 ad
1335 3648 1469 3688 stare
1485 3639 1781 3704 pendentem,
1806 3642 1894 3689 sed
1917 3642 1983 3689 ad
2006 3640 2244 3689 universo
2274 3639 2506 3700 cardine3
2536 3654 2657 3689 nam

414 3704 543 3753 illud
566 3718 786 3767 quoque,
811 3706 951 3767 qnod
972 3706 1160 3766 pendet
1181 3711 1326 3765 terra,
1351 3720 1458 3754 non
1480 3721 1736 3756 summum
1760 3716 1851 3768 est,
1876 3709 1962 3756 sed
1988 3710 2124 3770 quod
2147 3708 2369 3770 pendens
2393 3714 2507 3765 stat,
2541 3721 2658 3756 cum

414 3773 635 3820 mundus
675 3772 809 3820 circa
847 3785 962 3820 eam
1000 3778 1278 3819 moveatur.
1331 3773 1393 3823 In
1418 3781 1725 3824 *transcursu
1758 3776 1913 3838 igitur
1947 3781 1998 3822 et
2030 3781 2088 3823 ut
2123 3774 2296 3822 omnia
2318 3788 2450 3837 quae
2473 3776 2535 3822 de
2557 3774 2656 3823 situ

415 3846 575 3887 terrae
599 3845 651 3886 et
672 3839 847 3889 mundi
871 3839 1083 3891 dicenda
1105 3846 1247 3899 erant
1269 3839 1566 3901 dicerentur,
1582 3841 1780 3894 Plinius
1800 3843 1953 3892 verba
1977 3841 2122 3891 imam
2146 3880 2192 3888 ..
2222 3838 2434 3890 cardine
2452 3841 2655 3900 addidit,

416 3920 533 3953 cum
564 3906 630 3955 ad
660 3905 911 3954 rationem
941 3906 1072 3955 moti
1104 3907 1283 3955 mundi
1313 3913 1364 3955 et
1396 3908 1575 3958 stantis
1607 3917 1767 3958 terrae
1797 3910 2154 3972 explicandam
2187 3907 2477 3961 sufficerent
2505 3908 2657 3958 verba

410 3981 594 4022 terram
618 3979 751 4021 stare
766 3972 1070 4036 pendentem.
1093 3974 1411 4037 Praepositio
1437 3972 1492 4022 in
1515 3983 1633 4025 ante
1657 3975 1788 4026 univ.
1813 3973 1957 4026 card.
1984 3977 2171 4025 omissa
2192 3974 2434 4025 facillime
2459 3990 2487 4024 e
2511 3990 2656 4038 snpe-

411 4039 627 4088 rioribus
650 4040 916 4101 suppletur
937 4038 1062 4103 (vid.
1087 4043 1152 4091 ad
1177 4047 1258 4102 32,
1285 4040 1374 4103 8.),
1399 4050 1451 4092 et
1471 4043 1671 4093 Plinius
1696 4045 1899 4108 proprie
1923 4044 2087 4092 dicere
2111 4044 2326 4093 debebat
2350 4044 2492 4092 imam
2514 4052 2656 4106 atque

411 4105 618 4154 mediam
643 4104 693 4157 in
717 4115 807 4156 toto
830 4116 1010 4163 terram
1036 4107 1335 4173 eandemque
1360 4110 1533 4159 imam
1557 4118 1743 4173 atque
1766 4111 2014 4161 mediam
2040 4109 2062 4158 ι’
2073 4126 2103 4157 n
2129 4109 2265 4160 univ.
2284 4111 2441 4171 card„
2461 4126 2563 4174 qno
2581 4119 2656 4159 ta-

409 4187 529 4221 men
568 4188 673 4222 non
715 4188 847 4237 opus
885 4175 1039 4226 fuisse
1080 4176 1242 4239 quivis
1282 4176 1533 4227 fatebitur.
1588 4219 1648 4227 -
1703 4179 1954 4238 universo,
2008 4178 2140 4228 Tab
2151 4179 2185 4227 d
2193 4190 2360 4242 gpro.
2416 4176 2655 4237 universi,

412 4240 645 4290 Sabellio.
676 4235 776 4305 fir,
823 4245 964 4305 quod
1014 4243 1233 4305 praefert
1278 4245 1385 4293 Ian.
1436 4245 1492 4292 in
1535 4246 1725 4294 diurnis
1759 4247 1914 4309 antiq.
1954 4251 2100 4295 1849.
2134 4260 2209 4294 nr.
2248 4251 2326 4294 58.
2361 4260 2411 4307 p.
2449 4251 2563 4295 461.
2601 4244 2653 4293 in

411 4309 651 4367 universo,
676 4308 734 4363 P.
772 4314 910 4372 quod
935 4309 1147 4366 fortasse
1172 4312 1578 4372 praeferendum3
1604 4314 1700 4361 vid.
1728 4315 1898 4361 adnot.
1924 4315 2154 4376 praeced.
2197 4351 2257 4361 ...
2297 4313 2652 4377 libr-anumque,
