2961 4861
244 309 368 372 332
949 327 1355 377 marmus
1400 329 1790 378 ms'romAE

238 475 491 540 lumnas
531 473 869 553 Herculis,
925 498 1098 542 nunc
1152 488 1258 565 est
1292 477 1489 566 Tingi
1531 476 1854 562 quondam
1903 476 1987 541 ab
2029 475 2286 540 Antaeo
2331 497 2486 541 con-

245 574 483 653 ditum,
535 584 763 660 postea
805 596 845 639 a
889 572 1163 641 Claudio
1211 574 1491 642 Caesare
1536 600 1682 643 cum
1726 575 2038 641 coloniam
2080 573 2328 639 faceret
2367 598 2489 661 ap-

241 673 553 760 pellatum
604 672 934 739 Traducta
985 673 1185 754 Iulia3
1251 677 1438 743 abest
1494 698 1536 740 a
1587 675 1832 741 Belone
1887 674 2127 761 oppido
2183 673 2489 739 Baeticae

240 796 557 861 proxumo
603 775 875 840 traiectu
915 797 1061 838 xxx
1101 799 1152 840 u
1191 798 1259 861 Ρ.
1321 775 1432 843 Ab
1478 797 1555 841 eo
1597 798 1741 839 xxv
1781 798 1833 839 M
1872 798 1940 860 p.
1997 775 2066 837 in
2108 795 2223 838 ora
2263 774 2490 838 oceani
2513 796 2550 838 3

243 875 490 942 colonia
516 874 808 961 Augusti
833 874 1002 939 Iulia
1034 872 1413 941 Constantia
1440 876 1618 954 Zilis,
1663 898 1892 963 regum
1924 875 2161 940 dicioni
2191 884 2492 959 exempta

242 986 311 1040 et
344 977 487 1039 iura
522 974 590 1037 in
616 973 948 1040 Baeticam
977 986 1201 1061 petere
1227 976 1424 1056 iussa,
1470 987 1538 1042 et
1579 976 1660 1043 ab
1704 998 1780 1041 ea
1820 998 2017 1038 xxxn
2042 998 2093 1038 u
2118 998 2185 1060 p.
2234 975 2482 1040 colonia

241 1100 281 1140 a
337 1073 611 1140 Claudio
668 1073 948 1142 Caesare
1007 1077 1182 1142 facta
1233 1075 1437 1142 Lixos
1502 1077 1608 1142 vel
1671 1075 2141 1142 fabulosissime
2206 1075 2484 1159 antiquis

240 1185 517 1239 narrata.
577 1174 680 1241 Ibi
723 1176 906 1263 regia
945 1164 1186 1240 Antaei
1230 1187 1681 1260 certamenque
1726 1197 1872 1240 cum
1908 1174 2194 1240 Hercule
2240 1184 2305 1239 et
2345 1173 2488 1240 He·

247 1276 576 1362 speridum
602 1276 790 1341 horti.
847 1275 1257 1341 Adfunditur
1271 1287 1501 1353 *autem
1529 1274 1918 1340 aestuarium
1950 1297 1986 1339 e
2014 1274 2175 1339 mari
2201 1274 2490 1340 flexuoso

246 1387 500 1455 meatu,
555 1377 625 1440 in
679 1398 807 1460 quo
862 1377 1157 1461 dragonis
1213 1376 1545 1451 custodiae
1586 1377 1789 1441 instar
1830 1375 2032 1440 fuisse
2073 1397 2249 1440 nunc
2289 1375 2487 1439 inter-

241 1486 597 1561 pretantur.
655 1475 1092 1561 Amplectitur
1119 1477 1290 1541 intra
1318 1498 1388 1541 se
1415 1475 1713 1554 insulam,
1762 1497 1955 1559 quam
1985 1475 2186 1540 solam
2216 1497 2253 1541 e
2282 1475 2491 1540 vicino

246 1585 456 1640 tractu
483 1574 811 1658 aliquanto
840 1576 1195 1642 excelsiore
1234 1599 1364 1641 non
1404 1586 1616 1642 tamen
1658 1585 1876 1641 aestus
1917 1575 2112 1640 maris
2153 1575 2486 1640 inundant.

241 1676 479 1741 Exstat
528 1677 599 1741 in
641 1698 718 1741 ea
762 1686 829 1741 et
877 1699 989 1740 ara
1029 1676 1332 1742 Herculis
1374 1698 1496 1742 nec
1538 1686 1794 1762 praeter
1837 1675 2146 1741 oleastros
2189 1675 2366 1753 aliud
2408 1698 2490 1741 ex
2514 1699 2549 1741 4

241 1787 500 1842 narrato
543 1777 651 1842 illo
695 1776 986 1867 aurifero
1018 1798 1296 1842 nemore.
1363 1774 1590 1842 Minus
1642 1777 1934 1863 profecto
1984 1777 2296 1841 mirentur
2336 1799 2488 1863 por-

252 1887 502 1943 tentosa
532 1874 844 1942 Graeciae
886 1876 1224 1941 mendacia
1266 1876 1347 1942 de
1390 1875 1468 1941 iis
1514 1886 1581 1942 et
1621 1899 1808 1943 amne
1844 1875 2017 1941 Lixo
2060 1877 2337 1962 prodita,
2380 1879 2491 1963 qui

245 1977 530 2065 cogitant
569 1985 820 2040 nostros
861 1998 1194 2061 nuperque
1246 1977 1444 2061 paulo
1487 1977 1699 2042 minus
1741 1976 2132 2042 monstrifica
2175 1977 2492 2060 quaedam

244 2078 327 2142 de
369 2076 603 2141 iisdem
649 2075 986 2141 tradidisse
1003 2124 1023 2154 ,
1077 2077 1514 2163 praevalidam
1563 2076 1731 2142 hanc
1780 2077 2008 2144 urbem
2059 2077 2491 2162 maioremque

243 2200 479 2266 magna
507 2176 916 2264 Carthagine,
960 2186 1292 2264 praeterea
1336 2199 1417 2241 ex
1459 2177 1733 2242 adverso
1776 2178 1914 2243 eius
1959 2177 2149 2243 sitam
2189 2189 2256 2243 et
2288 2201 2491 2266 prope

314 2316 447 2379 hinc,
468 2332 518 2382 y.
545 2356 610 2365 ..
634 2308 892 2382 est'Tinqzss
913 2314 1340 2378 RADNaptnz
1359 2309 1543 2375 (Rob.)
1581 2313 1779 2377 extinyi,
1804 2317 1899 2364 dx.
1936 2322 2008 2365 eet
2027 2318 2173 2379 tenyi,
2191 2317 2253 2367 P.
2289 2325 2360 2367 eet
2381 2315 2490 2382 ciqi,

245 2401 297 2451 y.
324 2425 388 2435 ...
411 2381 619 2445 Anthea,
635 2384 763 2435 Ptz.
789 2422 854 2433 ..
885 2380 1109 2445 Claudio,
1126 2381 1286 2432 BNP
1299 2383 1415 2445 adp
1428 2388 1621 2444 tuxyz
1641 2377 1824 2444 (Rob.)
1863 2378 1916 2430 Ο.
1933 2380 2016 2444 L„
2038 2383 2104 2433 D.
2140 2391 2331 2433 centum
2355 2384 2489 2448 quin·

251 2453 484 2518 quaqinta
505 2451 658 2512 milia,
681 2449 749 2500 A.
787 2491 852 2501 ..
888 2468 999 2514 quo,
1020 2466 1070 2513 y.
1108 2490 1172 2498 -..
1210 2446 1413 2509 colonia,
1434 2449 1620 2499 RAD.
1657 2488 1721 2497 ..
1759 2451 1821 2499 ab
1855 2448 2007 2506 elona.
2038 2452 2098 2501 P.
2146 2450 2209 2498 ab
2237 2449 2380 2512 elene,
2403 2466 2489 2514 yz.
2594 2497 2601 2502 .

249 2518 426 2581 eleone,
450 2534 500 2583 p.
537 2559 602 2567 -.
632 2534 886 2581 proxumo,
908 2519 959 2568 Β
983 2514 1081 2577 (ita
1101 2513 1441 2581 plerumque.)
1479 2555 1544 2564 ...
1589 2516 1811 2577 traiectu,
1844 2530 1948 2565 om.
1974 2510 2033 2566 θ.
2078 2557 2143 2566 -
2194 2516 2492 2579 XXXIII,

248 2586 409 2638 Solin.
435 2591 517 2646 24,
545 2592 589 2635 1.
623 2585 861 2635 Martian.
888 2589 934 2633 6.
962 2589 1076 2633 666.
2038 2597 2051 2604 -

318 2655 421 2716 §3.
465 2651 515 2701 in
547 2669 652 2712 ora,
685 2650 1220 2712 RADN²Pptuxz.
1264 2649 1316 2698 in
1348 2665 1445 2710 ore,
1476 2665 1528 2714 y.
1573 2666 1670 2710 ore,
1701 2651 1793 2701 N‘.
1838 2690 1903 2700 -
1947 2648 2192 2717 Amyntam,
2215 2652 2388 2716 Pptz.
2425 2691 2489 2702 ..-

250 2718 411 2777 Iulia,
434 2733 534 2766 om.
557 2733 608 2780 y.
645 2757 710 2765 .-
747 2715 893 2777 Zilis,
917 2717 1123 2766 Barbar.
1147 2724 1184 2765 t.
1220 2714 1373 2776 Zulil,
1395 2716 1643 2767 RAPad
1666 2713 1832 2778 (codd.
1854 2718 2068 2768 Barbari
2090 2726 2141 2768 et
2162 2716 2319 2781 Rob.)
2355 2718 2490 2781 Zilil,

249 2801 298 2850 y.
335 2781 495 2845 Ζίἰίίῑ,
517 2785 584 2835 D.
621 2781 771 2845 Zic‘lil,
795 2799 849 2833 x.
885 2781 1045 2844 Zubil,
1068 2783 1305 2834 &²sz
1342 2781 1502 2844 Zulie,
1526 2800 1565 2833 r.
1603 2782 1771 2850 Ζαρίὶ,
1793 2801 1844 2834 u.
1889 2782 2058 2846 Zuhil,
2081 2800 2131 2847 p.
2178 2784 2311 2847 Zuli,
2336 2788 2383 2836 T
2416 2784 2494 2849 (et

251 2854 354 2901 duo
389 2851 478 2900 alii
510 2852 653 2900 codd.
687 2864 769 2914 ap.
804 2850 957 2901 Surit.
990 2853 1057 2900 ad
1086 2850 1283 2900 Anton.
1316 2851 1479 2900 itiner.
1512 2866 1563 2914 p.
1598 2849 1672 2914 8.)
1731 2849 1895 2913 Culel,
1926 2852 2019 2902 N‘.
2063 2852 2302 2902 Ceterum
2332 2853 2490 2903 Hard.

250 2933 468 2979 comma,
502 2920 643 2981 quod
664 2913 708 2978 β
739 2932 872 2984 pone
910 2913 1191 2967 Constantia
1212 2918 1381 2979 habet,
1404 2927 1540 2969 recte
1564 2919 1781 2968 sustulit.
1826 2958 1891 2969 ...
1937 2917 2142 2982 dicioni,
2163 2921 2230 2969 D.
2276 2917 2491 2982 dictioni,

250 2986 367 3036 ΒΡ.
414 2986 602 3045 ditioni,
633 2984 869 3050 ANadp
885 2979 1188 3049 tuxyzssr.
1236 3024 1300 3034 .-.
1347 2984 1469 3046 iure,
1494 2986 1558 3035 Β.
1605 3026 1670 3035 ..-
1717 2988 1781 3045 in,
1803 2986 2264 3052 ANPa²dtuxy.
2313 2987 2489 3038 Omitt.

249 3048 561 3117 BGDa¹pz
585 3049 770 3114 (Rob.)
793 3066 844 3117 γ.
881 3093 945 3102 ..
981 3050 1195 3113 Batiam,
1220 3054 1292 3102 a¹.
1329 3092 1392 3101 -..
1431 3051 1560 3114 insa,
1583 3051 1651 3103 A.
1678 3093 1743 3102 -
1778 3062 1840 3115 et,
1866 3054 2029 3102 omitt.
2052 3052 2160 3104 ΑΡ
2171 3062 2250 3118 ty.
2276 3094 2341 3103 .-.
2378 3053 2489 3116 hab,

249 3122 314 3171 Β.
368 3160 432 3169 -
486 3137 562 3181 ea,
586 3121 936 3184 RDadtxyz
961 3116 1143 3182 (Βοὴ.)
1196 3137 1263 3179 eo,
1287 3119 1556 3183 ANPpu.
1610 3160 1674 3169 ..
1729 3136 1778 3181 a,
1813 3121 1976 3171 omitt.
2000 3135 2088 3184 γε.
2143 3161 2206 3170 .-
2263 3118 2490 3182 Claudio,

250 3188 691 3251 ANPadptuxz
728 3183 912 3250 (Rob.)
957 3186 1008 3237 Ο.
1031 3184 1112 3247 L.,
1134 3189 1199 3236 D.
1242 3184 1312 3246 C„
1336 3202 1385 3250 y.
1420 3186 1598 3237 omitt.
1620 3189 1683 3238 Β.
1721 3227 1785 3236 ...
1821 3185 1914 3247 vel,
1950 3188 2113 3237 omitt.
2146 3188 2273 3238 Ntu
2307 3185 2490 3251 (Rob.)

253 3252 743 3316 ...fabulosis-simae
767 3269 814 3312 e,
830 3256 894 3306 Β.
919 3293 983 3303 ....
1016 3253 1251 3318 antiquie,
1274 3252 1387 3303 ΒΑ
1402 3245 1815 3318 ODPTa¹dyz.
1851 3255 1915 3303 ab
1939 3255 2174 3318 antiquis,
2197 3256 2491 3319 Na²ptux

252 3315 438 3383 (Rob.)
459 3333 509 3383 γ.
547 3360 611 3368 .-
648 3319 793 3384 reqio,
817 3328 854 3369 t.
889 3321 995 3371 Sua
1017 3321 1137 3371 hinc
1159 3330 1484 3383 sumpserunt
1506 3321 1669 3372 Solin.
1695 3327 1775 3383 24,
1801 3329 1848 3372 3.
1877 3329 1929 3371 et
1948 3323 2184 3372 Martian.
2212 3328 2258 3383 6,
2284 3325 2397 3373 667.
2423 3361 2488 3372 ..-

252 3386 398 3447 horti,
420 3387 898 3451 RDNPdtuxyz.
942 3388 991 3436 in
1015 3398 1136 3450 ortu,
1161 3405 1206 3438 a.
1253 3389 1367 3440 Om.
1399 3389 1468 3438 A.
1515 3429 1579 3438 ..-
1623 3387 1991 3447 Autfunditur‚
2023 3391 2111 3440 13¹.
2156 3386 2490 3454 Αςθὶαιάἰων,

250 3455 315 3506 N.
359 3452 673 3518 Effunditur,
697 3455 800 3519 Py.
843 3452 1168 3519 Effinyuntur,
1204 3473 1247 3506 z.
1302 3496 1366 3505 ....
1424 3464 1600 3516 autem,
1632 3447 2274 3520 AOTDN¹Pa¹dptux
2305 3453 2491 3520 (Rob.)

253 3520 384 3584 huic,
407 3521 457 3573 N
470 3523 505 3571 ².
540 3520 665 3583 hinc,
688 3537 774 3585 γε.
820 3532 978 3572 autem
1001 3520 1127 3584 huic,
1162 3518 1297 3584 ²²03·
1344 3522 1487 3573 etiam
1519 3521 1646 3584 huic,
1679 3540 1719 3573 r.
1756 3524 1935 3575 Omitt.
1961 3524 2067 3589 ΒΥ.
2106 3564 2169 3573 ...
2205 3522 2491 3585 estuat-im,

252 3591 343 3652 dp.
380 3590 672 3650 extuat-ium,
705 3590 931 3653 N¹Pyz.
979 3631 1042 3640 -..
1086 3606 1135 3650 a,
1157 3591 1219 3640 P.
1263 3630 1327 3639 -..
1357 3589 1612 3652 fluxuum,
1636 3591 1704 3640 A.
1730 3590 1890 3653 flexo,
1914 3592 2041 3642 N¹z.
2086 3592 2330 3654 Explicat
2363 3592 2492 3642 haec

252 3656 414 3709 Solin.
463 3662 543 3718 24,
590 3662 636 3706 4.
713 3697 778 3706 -
855 3674 971 3721 qua,
1016 3673 1066 3721 y.
1141 3697 1206 3707 ...
1282 3657 1528 3719 draconis,
1574 3658 1927 3722 RNPa²ptu
1972 3654 2158 3720 (Rob.)
2233 3657 2490 3719 dracones,

252 3715 739 3788 AODTa¹dxyz.
784 3763 849 3774 .-.
893 3724 1128 3786 custodie,
1151 3724 1367 3775 Salmas.
1392 3738 1556 3775 exerc.
1590 3740 1640 3789 Ρ.
1668 3728 1782 3775 207.
1808 3741 1853 3774 a.
1876 3725 1944 3778 A.
1991 3766 2056 3775 .-.
2103 3726 2243 3786 inter,
2274 3726 2371 3775 Pz.
2420 3723 2489 3786 in,

252 3807 304 3840 x.
359 3831 423 3841 .-.
476 3807 546 3852 ee,
569 3808 669 3842 om.
691 3786 750 3854 β.
807 3832 870 3842 ....
920 3793 1043 3851 sola,
1067 3807 1116 3855 y.
1172 3831 1236 3840 ...
1289 3790 1562 3853 aliquanto,
1594 3792 1878 3856 ANptyz.
1933 3792 2217 3856 aliquando,
2240 3793 2490 3843 RDPad

254 3855 436 3921 (Βοὴ.)
472 3859 625 3923 αῑίᾳῆ,
648 3875 745 3908 nx.
784 3899 847 3909 -.
893 3858 1167 3917 excelsiore,
1190 3858 1546 3909 BADPadx
1567 3856 1754 3922 (Rob.)
1798 3858 2103 3921 excelsiores,
2126 3861 2386 3923 Ntuyze.
2423 3899 2487 3909 .-

253 3934 538 3987 nontamen,
561 3927 1082 3992 RADNPadtxyz
1107 3922 1291 3988 (Rob.)
1335 3934 1538 3987 ventum,
1570 3942 1620 3975 n.
1671 3936 2000 3990 ...fles-tuuc,
2031 3928 2098 3978 D.
2143 3935 2300 3987 extus,
2331 3943 2376 3976 z.
2425 3966 2490 3976 .-

252 3989 1252 4107 ἰιὲυηάαητ,ΑΝΚειῖΡτιιιγεσ(Βοὴ.)
1287 3991 1514 4057 inundat,
1531 3989 1964 4058 RDPa¹dxssr.
2002 3994 2241 4047 Ceterum
2256 4008 2306 4045 v.
2326 3992 2490 4046 Solin.

253 4065 283 4107 2
319 4093 334 4121 ‚
360 4065 407 4109 6.

319 4127 350 4189 ξ
375 4132 422 4175 4.
467 4142 537 4188 eo,
558 4127 628 4178 A.
674 4165 733 4175 ...
781 4136 845 4189 et,
870 4129 1034 4178 omitt.
1058 4130 1135 4179 Pt
1156 4125 1341 4192 (Rob.)
1384 4169 1448 4179 ...
1495 4137 1756 4180 narratooo
1788 4126 1866 4179 illi
1893 4128 2165 4193 taurifero,
2187 4128 2256 4181 A.
2303 4168 2368 4177 .-
2412 4145 2490 4178 ne-

252 4206 397 4254 more,
434 4207 537 4243 om.
570 4194 649 4244 κ’.
704 4234 766 4243 .-
821 4192 900 4257 ἰὼ,
923 4195 1159 4246 BAatz.
1213 4194 1306 4257 haze,
1327 4197 1589 4247 DNPdu.
1643 4194 1757 4257 hiis,
1780 4211 1875 4260 κγ.
1931 4236 1995 4249 ...
2047 4196 2269 4257 etiamne,
2292 4197 2387 4246 dx.
2426 4233 2484 4244 .-

253 4256 410 4322 Lixo,
456 4258 824 4325 ANa²dtxy.
892 4260 1045 4324 Χίἱο,
1091 4264 1324 4314 RDa¹u.
1385 4260 1523 4326 Silo,
1571 4264 1670 4316 ΡΖ.
1734 4303 1790 4312 .-
1855 4262 2096 4328 cogitant,
2141 4264 2206 4316 Β.
2264 4261 2489 4328 cogitent,
