2961 4861
442 329 559 369 x1v
1036 364 1041 381 ,
1366 326 1744 370 PRAEFATIO.

444 480 786 559 (observatt.
816 481 968 539 critt.
999 500 1058 557 p.
1092 474 1206 561 6.),
1235 480 1582 541 Parisiensis
1611 501 1649 539 α
1686 498 1804 538 non
1846 497 2038 557 pauca
2072 480 2253 540 habet
2291 483 2533 559 propria
2560 492 2698 542 tam

439 595 595 650 bona
634 609 811 667 quam
850 591 994 649 vitia
1033 597 1095 646 et
1131 589 1625 666 interpolationes,
1669 591 1754 647 ita
1790 599 1858 647 ut
1890 591 2035 648 mihi
2070 599 2226 649 certe
2254 598 2504 666 uterque
2531 593 2702 652 liber

436 719 555 761 non
590 719 666 758 ex
703 702 910 759 eodem
949 697 1286 774 archetypo,
1324 699 1426 757 sed
1462 719 1496 756 e
1533 699 1764 758 duobus
1806 699 2053 758 diversis
2082 701 2396 774 codicibus,
2429 719 2698 776 quorum

434 810 657 870 librarii
705 810 909 868 eodem
958 811 1275 886 archetypo
1322 809 1418 866 usi
1465 816 1663 880 erant,
1715 809 1991 885 descripti
2028 827 2156 868 esse
2202 811 2546 882 videantur,
2598 813 2698 871 uti

434 919 732 981 nonnullis
757 919 817 977 in
845 918 1031 989 libris,
1063 917 1244 976 veluti
1270 916 1442 989 XII„
1479 917 1670 1005 magis
1702 936 1834 976 cum
1863 919 1902 975 d
1931 920 2251 994 conspirat,
2283 918 2377 977 hic
2407 921 2696 980 codex-in

432 1029 599 1086 libris
629 1035 782 1086 certe
807 1026 1120 1102 prioribus,
1151 1026 1250 1083 ubi
1270 1024 1550 1084 Vossiani
1571 1033 1631 1084 et
1651 1025 2022 1084 Riccardiani
2045 1029 2305 1086 codicum
2325 1031 2502 1105 primi
2524 1032 2693 1089 ordi-

433 1138 526 1196 nis
564 1136 878 1195 auctoritas
920 1137 1100 1208 deest,
1145 1136 1385 1194 maximi
1411 1143 1502 1194 est
1530 1136 1856 1193 habendus.
1905 1135 2001 1194 Ita
2028 1154 2162 1194 cum
2190 1138 2375 1196 Ianu
2393 1157 2421 1196 s
2451 1140 2528 1196 ad
2558 1140 2691 1198 edi-

432 1214 648 1304 tionem
686 1246 956 1317 Broterii,
996 1264 1114 1320 qua
1149 1245 1211 1303 in
1255 1244 1522 1302 omnibus
1562 1245 1686 1302 suis
1724 1244 2133 1304 collatiom‘bus
2174 1264 2317 1304 usus
2348 1254 2457 1321 est,
2501 1250 2692 1307 modo

429 1356 648 1415 librum
674 1357 759 1414 H.
787 1354 868 1429 V.
897 1354 1011 1414 VI.
1052 1358 1083 1424 δ
1115 1350 1301 1412 1.-9.
1329 1352 1508 1411 XIV.
1537 1352 1995 1412 XIX-XXV.
2034 1356 2408 1427 contulisset,
2452 1358 2692 1432 aliquot

432 1473 586 1524 certe
634 1465 808 1523 huius
858 1464 1071 1522 codicis
1126 1464 1307 1520 libros
1323 1504 1343 1534 ‚
1397 1463 1499 1520 ubi
1532 1462 1637 1520 illa
1675 1481 1853 1520 causa
1889 1465 2002 1521 hoc
2037 1464 2303 1539 flagitare
2344 1467 2685 1538 videbatur,

429 1571 591 1633 Iani
629 1574 925 1633 collationi
959 1572 1205 1631 adiicere
1245 1571 1500 1629 maxime
1540 1572 1938 1630 desiderabam
1979 1591 2165 1647 eaque
2194 1575 2267 1632 de
2305 1594 2485 1633 causa
2512 1576 2644 1634 Fri
2658 1608 2687 1620 -

430 1685 751 1743 doricum
803 1683 1225 1741 Dfibnerum
1266 1681 1504 1757 rogavi,
1542 1689 1611 1739 ut
1647 1681 1932 1754 librorum
1968 1681 2021 1741 Ι.
2061 1682 2211 1742 XII.
2250 1683 2433 1742 XIII.
2464 1684 2683 1744 XV—

429 1792 671 1853 XVIII.
712 1792 953 1852 XXVI.
997 1791 1273 1850 XXVII.
1319 1790 1555 1868 plenam
1585 1799 1645 1848 et
1669 1791 1886 1848 iustam
1915 1791 2290 1850 collationem
2317 1794 2678 1852 institueret.
2767 1843 2781 1856 .

432 1901 549 1975 Qui
583 1903 678 1962 vir
713 1909 833 1959 tam
873 1903 1080 1959 doctus
1118 1918 1295 1974 quam
1339 1902 1546 1958 sollers
1577 1900 1898 1975 studiisque
1926 1900 2223 1958 litterariis
2251 1902 2499 1977 aliorum
2527 1922 2680 1979 pro-

431 2012 732 2071 movendis
761 2019 956 2082 natus,
1001 2010 1167 2068 cuius
1196 2009 1270 2067 de
1297 2008 1416 2067 alia
1443 2027 1623 2085 opera
1650 2009 1885 2067 editioni
1910 2027 2076 2067 meae
2103 2011 2372 2087 impensa
2397 2012 2551 2070 infra
2579 2013 2679 2071 lo-

432 2121 648 2195 quendi
676 2120 902 2178 occasio
929 2118 1075 2177 mihi
1102 2118 1230 2190 erit,
1258 2119 1531 2194 precibus
1558 2119 1703 2177 meis
1733 2119 1964 2195 egregie
1992 2119 2293 2193 satisfecit,
2333 2128 2401 2178 ut
2428 2122 2678 2197 proinde

432 2229 607 2288 huius
649 2229 862 2288 codicis
900 2249 958 2299 a,
1004 2228 1054 2286 si
1081 2246 1198 2286 non
1236 2228 1434 2303 plena,
1472 2236 1536 2285 at
1575 2226 1868 2285 sufficiens
1907 2234 2102 2286 tamen
2138 2229 2375 2287 collatio
2412 2231 2552 2288 mihi
2598 2231 2680 2289 sit

430 2348 666 2416 praesto
703 2345 762 2396 et
799 2336 1169 2396 Riccardiani
1207 2336 1418 2396 codicis
1455 2355 1596 2413 pars
1640 2337 1855 2394 omissa
1891 2336 2260 2410 aliquatenus
2304 2346 2460 2397 certe
2500 2342 2676 2399 resti-

430 2458 561 2509 tuta
587 2467 714 2508 esse
741 2449 851 2508 dici
877 2448 1084 2525 possit.

518 2558 722 2619 Codex
758 2561 1113 2618 Parisiensis
1142 2560 1357 2634 Reqius
1397 2552 1582 2615 6796.
1624 2556 1701 2615 Α.
1747 2550 1844 2637 (b)
1886 2554 2258 2619 colbertinus
2297 2561 2674 2619 membrana-

431 2687 569 2728 ceus
608 2668 749 2726 folio
788 2668 1042 2726 maximo
1079 2667 1229 2725 binis
1270 2667 1555 2725 columnis
1594 2683 1748 2724 saec.
1784 2666 1934 2723 XII.
1975 2676 2275 2740 exaratuS,
2316 2670 2576 2727 confinet
2602 2670 2673 2727 li-

428 2781 569 2838 bros
596 2775 896 2836 I—XXI.
941 2794 1129 2850 usque
1156 2775 1234 2833 ad
1263 2777 1443 2834 verba
1471 2779 1601 2834 item
1630 2776 1901 2835 stomachi
1927 2786 1980 2834 et
2005 2780 2218 2836 ventris
2245 2780 2387 2836 vitia
2416 2782 2670 2838 modicis.

426 2889 622 2959 Ian0,
654 2886 754 2961 qui
779 2885 1104 2962 speciminis
1131 2884 1259 2942 loco
1289 2903 1365 2941 ex
1391 2903 1459 2941 eo
1490 2885 1778 2958 excerpsit
1803 2883 1887 2942 H.
1930 2888 1978 2953 ἓ.
2013 2880 2241 2944 1-46.
2272 2884 2353 2945 V.
2386 2891 2415 2957 ἓ
2442 2883 2608 2959 145.,
2640 2908 2671 2946 e

427 2998 620 3057 codice
659 3016 696 3055 a
737 2994 1126 3071 transcriptus
1166 2993 1399 3052 videtur
1440 3010 1569 3050 esse
1607 3011 1792 3067 eoque
1829 2995 1904 3052 ab
1942 2993 2129 3051 altera
2169 3014 2347 3053 manu
2388 3005 2666 3068 correcto,

425 3109 583 3183 quod
617 3107 925 3178 iudicium,
971 3105 1021 3163 si
1057 3103 1281 3163 librarii
1316 3101 1700 3179 negligentiae
1741 3102 1961 3177 aliquid
2002 3104 2228 3162 tribues
2243 3146 2260 3175 ,
2305 3106 2407 3163 vix
2446 3106 2669 3181 impro-

422 3217 676 3276 baveris.

509 3322 713 3383 Codex
761 3325 1117 3382 Parisiensis
1173 3324 1390 3399 Reqius
1436 3318 1624 3380 6796.
1677 3317 1768 3401 (c)
1816 3320 2190 3381 Colbertinus
2229 3326 2475 3381 membr.
2528 3323 2668 3382 folio

422 3433 645 3492 minore
675 3431 826 3490 binis
855 3431 1142 3489 columnis
1172 3432 1423 3506 scriptus
1453 3450 1487 3487 e
1514 3431 1769 3506 plurium
1797 3432 2328 3509 manuscriptorum
2365 3433 2666 3508 fragmen-

421 3544 498 3602 tis
565 3541 801 3600 videtur
860 3558 987 3598 esse
1042 3540 1421 3615 compositus3
1497 3540 1756 3598 continet
1810 3540 2028 3599 librum
2084 3541 2284 3613 XIV„
2343 3543 2476 3600 libr.
2519 3542 2664 3599 XV.

420 3670 609 3727 usque
647 3651 723 3709 ad
764 3651 978 3708 verba:
1019 3652 1294 3708 malorum
1327 3651 1703 3726 pirorumque
1739 3646 1943 3726 ymeri
1967 3653 2439 3722 adnumerentur,
2483 3651 2664 3709 libros

421 3759 847 3819 XVII-XX.
885 3759 1205 3818 minoribus
1244 3776 1420 3832 quam
1459 3760 1686 3836 priores
1715 3758 1922 3817 litteris
1955 3767 2224 3818 exaratos
2253 3769 2491 3835 tamque
2520 3757 2663 3820 Ric-

421 3871 694 3928 cardiano
723 3869 1029 3940 similibus,
1081 3875 1148 3926 ut
1194 3869 1329 3926 Ian
1344 3888 1380 3927 o
1427 3868 1619 3926 iudice
1667 3868 1822 3925 illius
1863 3868 2255 3942 fingmentum
2307 3873 2420 3928 hoc
2460 3871 2661 3928 haberi

420 3979 621 4056 possit.
677 3978 858 4037 Liber
884 3978 1033 4036 XX.
1075 3979 1315 4037 mutilus
1367 3987 1475 4050 est,
1526 3977 1667 4034 item
1707 3978 1808 4052 qui
1846 3988 2174 4053 sequuntur
2210 3979 2348 4036 libri
2374 3979 2558 4036 XXI.
2601 3986 2661 4034 et

419 4087 633 4147 XXII.
685 4085 836 4146 Octo
876 4087 1021 4147 folia
1045 4088 1104 4147 in
1132 4090 1249 4146 fine
1278 4089 1508 4147 adiecta
1537 4087 1745 4145 litteris
1773 4088 2089 4147 maioribus
2117 4089 2334 4166 scripta
2363 4098 2424 4146 et
2450 4088 2658 4163 priori·
2680 4060 2696 4074 ⁸

418 4201 552 4270 bus,
576 4206 640 4256 ut
665 4199 911 4271 videtur,
935 4198 1265 4273 antiquiora
1287 4198 1585 4256 continent
1606 4205 1833 4272 partem
1852 4198 2058 4256 indicis
2079 4199 2215 4258 libri
2234 4198 2472 4266 XXX.,
2505 4216 2657 4272 qua-

798 4499 851 4528 Ἰ·ι..
