2961 4861
450 330 557 372 Lvl
1371 325 1750 367 PRAEFATIO.

448 481 701 541 tionibus
728 498 973 557 prorsus
1001 497 1130 538 esse
1158 479 1430 550 liberum,
1472 488 1533 536 et
1572 478 1633 536 in
1671 476 1903 534 utendis
1942 475 2184 549 singulis
2223 493 2516 534 summam
2544 496 2715 553 pru-

447 592 701 650 dentiam
728 589 965 667 requiri,
996 607 1149 661 cum,
1180 589 1269 646 uti
1305 587 1480 645 modo
1509 587 1794 656 dicebam,
1840 593 1900 641 et
1938 585 2000 641 in
2026 584 2195 642 malis
2223 584 2393 643 libris
2420 587 2618 643 bonae
2648 592 2717 644 et

443 702 506 760 in
533 701 703 760 bonis
730 698 921 758 malae
950 696 1270 773 scripturae
1297 695 1825 771 deprehendantur.
1879 691 2053 768 Quod
2091 711 2225 750 cum
2262 693 2385 751 iam
2413 712 2491 751 ex
2516 696 2707 752 modo

444 810 642 869 allatis
669 808 815 867 locis
841 805 1058 880 partim
1083 804 1350 880 prodeat,
1388 803 1615 877 aliquot
1651 803 1887 871 addam,
1923 802 2028 859 ubi
2068 801 2132 858 in
2169 801 2559 860 deterioribus
2604 821 2709 860 oo·

445 917 670 977 dicibus
706 915 892 971 bonas
930 911 1206 971 lectiones
1250 919 1515 971 servatas
1556 929 1686 970 esse
1726 910 2016 981 videmus,
2055 927 2210 983 quae
2249 919 2310 967 et
2349 928 2459 968 sua
2485 920 2711 968 natura

445 1031 505 1085 et
554 1023 864 1098 aliquoties
917 1022 1247 1079 testimonio
1287 1019 1745 1095 Bambergensis
1796 1018 2182 1094 suspicionem
2230 1019 2730 1109 interpolationis,

443 1149 690 1210 prorsus
738 1130 1023 1189 reiiciunt.
1089 1130 1186 1189 Ita
1226 1126 1309 1188 32
1326 1172 1345 1203 ,
1387 1124 1491 1188 52.
1542 1132 1721 1199 iecur,
1771 1128 1931 1201 quod
1978 1126 2252 1184 omittunt
2289 1124 2486 1184 VRT
2502 1127 2576 1198 d,
2628 1129 2707 1186 ob

445 1259 624 1316 quam
653 1239 1025 1297 omissionem
1051 1237 1221 1297 locus
1249 1240 1327 1296 ab
1356 1237 1677 1294 editoribus
1704 1235 1876 1293 foede
1903 1241 1996 1293 est
2029 1233 2437 1310 interpolatus,
2479 1237 2704 1293 habent

441 1345 546 1407 Ρδ
566 1344 740 1428 θρφ,
777 1349 1087 1407 accedente
1112 1345 1168 1405 B
1184 1364 1205 1417 3
1250 1342 1353 1418 32,
1387 1339 1491 1404 50.
1521 1348 1712 1403 nassis
1740 1351 2014 1401 enotatur
2039 1362 2117 1401 ex
2141 1361 2261 1402 uno
2286 1341 2369 1414 Κ,
2412 1345 2704 1402 omissum

440 1460 505 1516 in
531 1450 945 1528 BVROTd‚
985 1457 1143 1530 quod
1178 1455 1389 1513 iniuria
1427 1453 1653 1512 factum
1695 1472 1828 1511 esse
1855 1454 2029 1511 docet
2053 1461 2287 1529 praeter
2311 1452 2702 1513 Aristotelem

442 1567 733 1643 particula
770 1569 857 1625 vel
897 1566 960 1623 in
997 1564 1218 1623 eisdem
1257 1562 1528 1622 omnibus
1566 1562 1865 1620 codicibus
1893 1570 2131 1619 exstans
2159 1570 2219 1620 et
2248 1561 2702 1638 explicationem

443 1695 562 1734 non
602 1676 937 1747 admittenS,
979 1674 1093 1733 nisi
1126 1673 1276 1732 illud
1310 1691 1524 1732 nomen
1552 1671 1785 1729 additur
1794 1688 1813 1739 3
1854 1665 1960 1741 33,
1989 1665 2094 1729 45.
2133 1680 2364 1746 urgente
2410 1669 2482 1740 Q.
2528 1665 2602 1751 (i.
2646 1691 2699 1731 e.

442 1780 695 1865 Quinto)
738 1785 848 1842 soli
885 1785 1104 1842 habent
1127 1782 1216 1853 113
1255 1782 1394 1839 inde
1430 1781 1699 1839 fecerunt
1727 1789 1958 1854 urqente
1986 1798 2149 1855 quem
2172 1777 2248 1851 B,
2278 1790 2512 1855 urgente
2539 1801 2699 1839 mar-

439 1911 676 1967 cumque
714 1892 804 1961 V,
847 1900 1080 1965 urqente
1127 1894 1394 1948 Marcum
1443 1889 1514 1958 Q.
1553 1887 1762 1959 RTd3
1803 1889 1982 1964 paulo
2025 1887 2181 1946 infra
2220 1885 2510 1948 Gronovii
2550 1910 2695 1949 con-

438 2002 665 2058 iectura
693 2000 983 2057 teruncius
1012 1997 1252 2056 fulcitur
1277 2017 1385 2074 per
1413 1997 1572 2056 solos
1600 1998 1654 2055 il
1669 2016 1688 2067 3
1729 1999 1955 2056 accedit
1982 2001 2303 2057 terruncius
2331 2017 2408 2057 ex
2432 1998 2518 2069 B;
2560 1999 2697 2059 hinc

438 2108 706 2167 fecerunt
742 2108 991 2165 teruncis
1019 2105 1231 2177 VTd‚
1283 2107 1501 2164 temnis
1542 2106 1630 2176 R3
1670 2101 1776 2177 34,
1807 2102 1911 2167 85.
1952 2108 2250 2166 Lesbocles
2286 2116 2444 2166 recte
2480 2108 2694 2186 legitur

436 2218 498 2276 in
527 2234 614 2286 m3
645 2212 801 2272 male
828 2215 1093 2273 Lesboles
1121 2214 1341 2271 habent
1367 2212 1497 2271 VR
1508 2215 1568 2285 d,
1612 2216 1879 2275 Lesbotes
1905 2214 1979 2274 B.
2025 2214 2258 2289 Quibus
2284 2218 2348 2275 in
2374 2217 2524 2276 locis
2554 2219 2689 2292 quis

437 2325 582 2385 talia
603 2321 865 2381 ‘librariis
902 2321 1189 2400 imputet?
1245 2323 1520 2398 Vestigia
1562 2332 1702 2382 sunt
1737 2326 2046 2384 meliorum
2088 2326 2357 2398 fontium,
2400 2345 2545 2384 casu
2584 2327 2690 2385 illa

438 2435 632 2494 deleta
658 2433 721 2490 in
750 2432 918 2490 libris
946 2433 1140 2505 bonis,
1180 2442 1414 2492 servata
1439 2434 1503 2492 in
1540 2435 1737 2506 malis,
1777 2442 1846 2493 ut
1884 2437 1945 2493 in
1973 2436 2153 2495 Plinii
2190 2429 2424 2512 quoque
2462 2438 2688 2497 codices

439 2543 653 2603 cadant
680 2558 831 2616 quae
872 2541 947 2598 de
983 2542 1114 2601 aliis
1152 2543 1531 2618 scriptoribus
1562 2544 1952 2602 observarunt
1974 2543 2209 2604 Iacobs.
2238 2546 2424 2621 praef.
2454 2549 2533 2605 ad
2558 2547 2685 2606 Ae-

436 2654 574 2711 lian.
616 2650 782 2708 Hist.
826 2649 1028 2709 Anim.
1070 2651 1148 2708 T.
1177 2651 1229 2708 I.
1272 2670 1333 2727 p.
1362 2651 1544 2709 XIX.
1584 2663 1644 2711 et
1686 2650 1961 2730 Spengel.
1999 2653 2184 2730 praef.
2228 2656 2307 2713 ad
2343 2655 2685 2716 Aristotelis

314 2733 353 2750 η
436 2758 754 2821 Rhetorica
780 2759 857 2816 ad
883 2758 1316 2818 Alexandrum.
1365 2758 1528 2833 Quae
1567 2779 1769 2819 omnes
1811 2762 2181 2821 difficultates
2219 2764 2358 2823 licet
2394 2768 2686 2825 stemmati

438 2870 704 2930 codicum
731 2867 1136 2926 Plinianorum
1165 2870 1566 2944 componendo
1595 2881 1922 2943 occurrant,
1963 2871 2289 2947 periculum
2325 2880 2524 2933 tamen
2562 2876 2685 2935 eius

438 2975 756 3039 secundum
794 2977 1106 3036 duodecim
1143 2977 1325 3036 libros
1364 2978 1540 3036 Plinii
1581 2978 1774 3037 adhuc
1816 2997 1855 3036 a
1891 2999 1986 3038 me
2025 2982 2365 3040 emendatos
2402 2976 2551 3056 feci,
2594 2983 2686 3043 cui
2767 3045 2772 3048 .

437 3090 584 3148 haec
632 3085 749 3144 duo
797 3088 1223 3163 praemittenda
1272 3095 1428 3161 sunt,
1479 3107 1576 3146 me
1626 3106 1830 3146 eorum
1868 3090 2152 3163 codicum,
2205 3108 2459 3166 quorum
2499 3111 2686 3169 pauca

435 3196 610 3258 modo
649 3204 926 3272 excerpta
965 3198 1110 3255 mihi
1144 3204 1379 3273 praesto
1420 3204 1588 3256 erant
1625 3191 1865 3275 (quales
1901 3208 2039 3256 sunt
2066 3192 2393 3276 Δηλοὲς),
2433 3203 2682 3261 mentio-

435 3324 571 3368 nem
611 3322 731 3361 non
781 3304 988 3363 fecisse
1040 3324 1230 3382 neque
1278 3305 1463 3381 magis
1507 3304 1699 3364 facere
1733 3307 1999 3382 potuisse
2035 3307 2361 3383 scripturae
2397 3308 2522 3383 Kr‚
2568 3329 2684 3386 qua

434 3436 552 3478 non
595 3412 713 3471 duo
752 3414 994 3487 codiceS,
1038 3414 1142 3473 sed
1182 3432 1290 3472 sex
1330 3415 1456 3472 sine
1485 3415 1847 3484 accuratiore
1889 3416 2217 3475 discrimine
2252 3417 2679 3492 significantur3

435 3538 561 3589 tum
602 3540 698 3580 me
740 3522 969 3581 codices
1005 3522 1118 3581 sibi
1158 3522 1456 3599 appositos
1488 3516 1608 3603 (uti
1639 3517 1757 3582 ΘΙ)
1774 3524 1830 3582 Τ
1845 3523 1910 3601 d)
1951 3543 2068 3585 non
2106 3545 2181 3584 ex
2206 3528 2412 3585 eodem
2437 3546 2681 3605 prorsus

434 3639 597 3697 fonte
622 3634 888 3704 haustos,
932 3633 1036 3691 sed
1062 3631 1145 3691 ita
1171 3633 1347 3690 modo
1377 3632 1676 3692 derivatos
1704 3634 2060 3707 existimare,
2100 3644 2168 3694 ut
2205 3635 2462 3695 familiae
2492 3656 2679 3711 quan-

436 3748 572 3807 dam
610 3740 1044 3802 similitudinem
1083 3759 1230 3818 prae
1273 3761 1336 3802 se
1374 3743 1588 3815 ferant,
1631 3742 1824 3818 qualis
1861 3745 2039 3802 etiam
2066 3745 2128 3803 in
2156 3746 2493 3806 hominibus
2532 3747 2678 3805 eius·

437 3858 566 3916 dem
605 3852 797 3927 gentis
839 3855 913 3911 ab
951 3871 1071 3912 uno
1113 3860 1287 3911 atavo
1330 3854 1572 3930 stirpem
1615 3853 2032 3913 deducentibus
2083 3855 2451 3916 observatur.
2517 3855 2677 3931 Ergo

436 3971 544 4029 hoc
572 3961 697 4022 fere
724 3963 897 4022 modo
928 3963 1151 4023 codices
1178 3962 1428 4023 Pliniani
1456 3961 1798 4038 disponendi
1825 3965 2124 4022 videntur:
