<?xml version="1.0" encoding="UTF-8"?>
<!DOCTYPE html PUBLIC "-//W3C//DTD XHTML 1.0 Transitional//EN"
    "http://www.w3.org/TR/xhtml1/DTD/xhtml1-transitional.dtd">
<html xmlns="http://www.w3.org/1999/xhtml" xml:lang="en" lang="en">
 <head>
  <title>
</title>
<meta http-equiv="Content-Type" content="text/html;charset=utf-8" />
  <meta name='ocr-system' content='tesseract 3.04.00' />
  <meta name='ocr-capabilities' content='ocr_page ocr_carea ocr_par ocr_line ocrx_word'/>
</head>
<body>
  <div class='ocr_page' id='page_1' title='image "./cplinisecundina00sillgoog_0168.png"; bbox 0 0 2961 4861; ppageno 0'>
   <div class='ocr_carea' id='block_1_1' title="bbox 403 340 1974 401">
    <p class='ocr_par' dir='ltr' id='par_1_1' title="bbox 403 340 1974 401">
     <span class='ocr_line' id='line_1_1' title="bbox 403 340 1974 401; baseline -0.004 0"><span class='ocrx_word' id='word_1_1' title='bbox 403 340 482 401; x_wconf 85' lang='grc'>12</span> <span class='ocrx_word' id='word_1_2' title='bbox 1093 351 1502 398; x_wconf 81' lang='lat' dir='ltr'><strong>NATURALIS</strong></span> <span class='ocrx_word' id='word_1_3' title='bbox 1546 348 1935 398; x_wconf 75' lang='lat' dir='ltr'>ms&#39;romAE</span> <span class='ocrx_word' id='word_1_4' title='bbox 1971 380 1974 383; x_wconf 48' lang='grc'>,</span> 
     </span>
    </p>
   </div>
   <div class='ocr_carea' id='block_1_2' title="bbox 397 498 2749 1241">
    <p class='ocr_par' dir='ltr' id='par_1_2' title="bbox 397 498 2749 1241">
     <span class='ocr_line' id='line_1_2' title="bbox 401 498 2636 588; baseline -0.003 -18"><span class='ocrx_word' id='word_1_5' title='bbox 401 503 553 588; x_wconf 89' lang='lat' dir='ltr'>quia</span> <span class='ocrx_word' id='word_1_6' title='bbox 579 503 928 571; x_wconf 78' lang='lat' dir='ltr'><strong>Bibaculus</strong></span> <span class='ocrx_word' id='word_1_7' title='bbox 973 513 1111 569; x_wconf 90' lang='lat' dir='ltr'>erat</span> <span class='ocrx_word' id='word_1_8' title='bbox 1154 513 1218 567; x_wconf 90' lang='lat' dir='ltr'>et</span> <span class='ocrx_word' id='word_1_9' title='bbox 1258 502 1635 577; x_wconf 85' lang='lat' dir='ltr'>vocabatur3</span> <span class='ocrx_word' id='word_1_10' title='bbox 1683 501 1873 585; x_wconf 82' lang='lat' dir='ltr'>paulo</span> <span class='ocrx_word' id='word_1_11' title='bbox 1917 500 2128 563; x_wconf 90' lang='lat' dir='ltr'>minus</span> <span class='ocrx_word' id='word_1_12' title='bbox 2158 498 2399 562; x_wconf 80' lang='lat' dir='ltr'>adserit</span> <span class='ocrx_word' id='word_1_13' title='bbox 2424 498 2636 563; x_wconf 87' lang='lat' dir='ltr'>Varro</span> 
     </span>
     <span class='ocr_line' id='line_1_3' title="bbox 397 605 2749 693; baseline -0.003 -15"><span class='ocrx_word' id='word_1_14' title='bbox 397 615 467 678; x_wconf 92' lang='lat' dir='ltr'>in</span> <span class='ocrx_word' id='word_1_15' title='bbox 531 613 762 692; x_wconf 35' lang='lat' dir='ltr'>satiris,</span> <span class='ocrx_word' id='word_1_16' title='bbox 805 613 935 677; x_wconf 91' lang='lat' dir='ltr'>suis</span> <span class='ocrx_word' id='word_1_17' title='bbox 994 609 1394 676; x_wconf 82' lang='lat' dir='ltr'>Sesculixem</span> <span class='ocrx_word' id='word_1_18' title='bbox 1460 619 1526 674; x_wconf 89' lang='lat' dir='ltr'>et</span> <span class='ocrx_word' id='word_1_19' title='bbox 1587 608 1989 693; x_wconf 81' lang='lat' dir='ltr'>Flextabula.</span> <span class='ocrx_word' id='word_1_20' title='bbox 2088 607 2291 693; x_wconf 88' lang='lat' dir='ltr'>Apud</span> <span class='ocrx_word' id='word_1_21' title='bbox 2345 605 2637 673; x_wconf 84' lang='lat' dir='ltr'>Graecos</span> <span class='ocrx_word' id='word_1_22' title='bbox 2668 628 2749 671; x_wconf 82' lang='lat'>25</span> 
     </span>
     <span class='ocr_line' id='line_1_4' title="bbox 400 717 2634 810; baseline -0.002 -24"><span class='ocrx_word' id='word_1_23' title='bbox 400 723 591 788; x_wconf 89' lang='lat' dir='ltr'>desiit</span> <span class='ocrx_word' id='word_1_24' title='bbox 631 722 861 810; x_wconf 89' lang='lat' dir='ltr'>nugari</span> <span class='ocrx_word' id='word_1_25' title='bbox 900 720 1228 801; x_wconf 80' lang='lat' dir='ltr'>Dicdorus</span> <span class='ocrx_word' id='word_1_26' title='bbox 1273 727 1337 783; x_wconf 92' lang='lat' dir='ltr'>et</span> <span class='ocrx_word' id='word_1_27' title='bbox 1382 718 1760 803; x_wconf 75' lang='grc' dir='ltr'>βιβλιοθήκης</span> <span class='ocrx_word' id='word_1_28' title='bbox 1801 717 2128 781; x_wconf 81' lang='lat' dir='ltr'>historiam</span> <span class='ocrx_word' id='word_1_29' title='bbox 2183 739 2364 780; x_wconf 88' lang='lat' dir='ltr'>suam</span> <span class='ocrx_word' id='word_1_30' title='bbox 2405 718 2634 809; x_wconf 86' lang='lat' dir='ltr'>inscri-</span> 
     </span>
     <span class='ocr_line' id='line_1_5' title="bbox 398 823 2637 917; baseline -0.003 -21"><span class='ocrx_word' id='word_1_31' title='bbox 398 833 547 917; x_wconf 91' lang='lat' dir='ltr'>psit.</span> <span class='ocrx_word' id='word_1_32' title='bbox 594 831 814 916; x_wconf 88' lang='lat' dir='ltr'>Apion</span> <span class='ocrx_word' id='word_1_33' title='bbox 859 828 1118 912; x_wconf 91' lang='lat' dir='ltr'>quidem</span> <span class='ocrx_word' id='word_1_34' title='bbox 1159 826 1652 915; x_wconf 59' lang='lat' dir='ltr'>grammaticus„</span> <span class='ocrx_word' id='word_1_35' title='bbox 1677 826 1784 891; x_wconf 90' lang='lat' dir='ltr'>hic</span> <span class='ocrx_word' id='word_1_36' title='bbox 1828 847 2020 908; x_wconf 88' lang='lat' dir='ltr'>quem</span> <span class='ocrx_word' id='word_1_37' title='bbox 2063 825 2361 890; x_wconf 89' lang='lat' dir='ltr'>Tiberius</span> <span class='ocrx_word' id='word_1_38' title='bbox 2395 823 2637 890; x_wconf 87' lang='lat' dir='ltr'>Caesar</span> 
     </span>
     <span class='ocr_line' id='line_1_6' title="bbox 403 933 2637 1024; baseline -0.003 -19"><span class='ocrx_word' id='word_1_39' title='bbox 403 940 766 1024; x_wconf 85' lang='lat' dir='ltr'>cymbalum</span> <span class='ocrx_word' id='word_1_40' title='bbox 815 937 1043 1001; x_wconf 86' lang='lat' dir='ltr'>mundi</span> <span class='ocrx_word' id='word_1_41' title='bbox 1093 935 1382 1012; x_wconf 86' lang='lat' dir='ltr'>vocabat,</span> <span class='ocrx_word' id='word_1_42' title='bbox 1445 956 1591 998; x_wconf 93' lang='lat' dir='ltr'>cum</span> <span class='ocrx_word' id='word_1_43' title='bbox 1643 935 1940 1019; x_wconf 90' lang='lat' dir='ltr'>propriae</span> <span class='ocrx_word' id='word_1_44' title='bbox 1997 933 2205 1007; x_wconf 85' lang='lat' dir='ltr'>famae</span> <span class='ocrx_word' id='word_1_45' title='bbox 2263 943 2637 1019; x_wconf 86' lang='lat' dir='ltr'>tympanum</span> 
     </span>
     <span class='ocr_line' id='line_1_7' title="bbox 401 1042 2638 1147; baseline -0.003 -34"><span class='ocrx_word' id='word_1_46' title='bbox 401 1049 614 1135; x_wconf 91' lang='lat' dir='ltr'>potius</span> <span class='ocrx_word' id='word_1_47' title='bbox 667 1046 872 1112; x_wconf 88' lang='lat' dir='ltr'>videri</span> <span class='ocrx_word' id='word_1_48' title='bbox 923 1054 1163 1130; x_wconf 91' lang='lat' dir='ltr'>posset,</span> <span class='ocrx_word' id='word_1_49' title='bbox 1222 1043 1668 1107; x_wconf 82' lang='lat' dir='ltr'>inmortalitate</span> <span class='ocrx_word' id='word_1_50' title='bbox 1723 1042 1945 1106; x_wconf 90' lang='lat' dir='ltr'>donari</span> <span class='ocrx_word' id='word_1_51' title='bbox 1999 1066 2038 1106; x_wconf 88' lang='lat' dir='ltr'>a</span> <span class='ocrx_word' id='word_1_52' title='bbox 2092 1066 2160 1108; x_wconf 91' lang='lat' dir='ltr'>se</span> <span class='ocrx_word' id='word_1_53' title='bbox 2216 1043 2492 1147; x_wconf 62' lang='lat' dir='ltr'>scripsit,</span> <span class='ocrx_word' id='word_1_54' title='bbox 2553 1043 2638 1117; x_wconf 86' lang='lat' dir='ltr'>ad</span> 
     </span>
     <span class='ocr_line' id='line_1_8' title="bbox 404 1148 2740 1241; baseline -0.003 -19"><span class='ocrx_word' id='word_1_55' title='bbox 404 1179 566 1241; x_wconf 90' lang='lat' dir='ltr'>quos</span> <span class='ocrx_word' id='word_1_56' title='bbox 609 1157 822 1239; x_wconf 88' lang='lat' dir='ltr'>aliqua</span> <span class='ocrx_word' id='word_1_57' title='bbox 851 1153 1290 1239; x_wconf 81' lang='lat' dir='ltr'>componebat.</span> <span class='ocrx_word' id='word_1_58' title='bbox 1358 1150 1474 1215; x_wconf 93' lang='lat' dir='ltr'>Me</span> <span class='ocrx_word' id='word_1_59' title='bbox 1504 1173 1631 1214; x_wconf 91' lang='lat' dir='ltr'>non</span> <span class='ocrx_word' id='word_1_60' title='bbox 1658 1151 1943 1235; x_wconf 87' lang='lat' dir='ltr'>paenitet</span> <span class='ocrx_word' id='word_1_61' title='bbox 1968 1152 2215 1216; x_wconf 88' lang='lat' dir='ltr'>nullum</span> <span class='ocrx_word' id='word_1_62' title='bbox 2244 1148 2637 1217; x_wconf 67' lang='lat' dir='ltr'>festiviorem</span> <span class='ocrx_word' id='word_1_63' title='bbox 2663 1180 2740 1223; x_wconf 75' lang='lat'>25</span> 
     </span>
    </p>
   </div>
   <div class='ocr_carea' id='block_1_3' title="bbox 2319 1236 2502 1277">
    <p class='ocr_par' dir='ltr' id='par_1_3' title="bbox 2319 1236 2502 1277">
     <span class='ocr_line' id='line_1_9' title="bbox 2319 1236 2502 1277; baseline -0.022 -14"><span class='ocrx_word' id='word_1_64' title='bbox 2319 1248 2400 1277; x_wconf 56' lang='lat' dir='ltr'>‚vax-</span> <span class='ocrx_word' id='word_1_65' title='bbox 2405 1236 2502 1273; x_wconf 42' lang='lat' dir='ltr'>{urs-x</span> 
     </span>
    </p>
   </div>
   <div class='ocr_carea' id='block_1_4' title="bbox 403 1257 2634 1355">
    <p class='ocr_par' dir='ltr' id='par_1_4' title="bbox 403 1257 2634 1355">
     <span class='ocr_line' id='line_1_10' title="bbox 403 1257 2634 1355; baseline -0.004 -23"><span class='ocrx_word' id='word_1_66' title='bbox 403 1267 802 1355; x_wconf 81' lang='lat' dir='ltr'>excogitasse</span> <span class='ocrx_word' id='word_1_67' title='bbox 847 1263 1138 1340; x_wconf 82' lang='lat' dir='ltr'>titulum3</span> <span class='ocrx_word' id='word_1_68' title='bbox 1186 1271 1251 1326; x_wconf 90' lang='lat' dir='ltr'>et</span> <span class='ocrx_word' id='word_1_69' title='bbox 1292 1282 1375 1325; x_wconf 91' lang='lat' dir='ltr'>ne</span> <span class='ocrx_word' id='word_1_70' title='bbox 1417 1259 1485 1324; x_wconf 93' lang='lat' dir='ltr'>in</span> <span class='ocrx_word' id='word_1_71' title='bbox 1516 1268 1721 1323; x_wconf 92' lang='lat' dir='ltr'>totum</span> <span class='ocrx_word' id='word_1_72' title='bbox 1748 1260 1969 1326; x_wconf 87' lang='lat' dir='ltr'>videar</span> <span class='ocrx_word' id='word_1_73' title='bbox 1999 1257 2288 1327; x_wconf 81' lang='lat' dir='ltr'>Graecos</span> <span class='ocrx_word' id='word_1_74' title='bbox 2314 1261 2634 1337; x_wconf 87' lang='lat' dir='ltr'>msectari‚</span> 
     </span>
    </p>
   </div>
   <div class='ocr_carea' id='block_1_5' title="bbox 2785 1329 2832 1411">
    <p class='ocr_par' dir='ltr' id='par_1_5' title="bbox 2785 1329 2832 1411">
     <span class='ocr_line' id='line_1_11' title="bbox 2785 1329 2832 1411; baseline 0 -22"><span class='ocrx_word' id='word_1_75' title='bbox 2785 1329 2832 1411; x_wconf 58' lang='grc' dir='ltr'>,ῃ</span> 
     </span>
    </p>
   </div>
   <div class='ocr_carea' id='block_1_6' title="bbox 404 1468 2662 4357">
    <p class='ocr_par' dir='ltr' id='par_1_6' title="bbox 404 1468 2662 4357">
     <span class='ocr_line' id='line_1_12' title="bbox 489 1468 2637 1533; baseline -0.002 -11"><span class='ocrx_word' id='word_1_76' title='bbox 489 1472 779 1531; x_wconf 78' lang='lat' dir='ltr'>Bibaculus,</span> <span class='ocrx_word' id='word_1_77' title='bbox 832 1472 1078 1521; x_wconf 76' lang='lat' dir='ltr'>editiones</span> <span class='ocrx_word' id='word_1_78' title='bbox 1127 1469 1520 1528; x_wconf 83' lang='lat' dir='ltr'>vetustissimae,</span> <span class='ocrx_word' id='word_1_79' title='bbox 1580 1468 1763 1530; x_wconf 89' lang='lat' dir='ltr'>quibus</span> <span class='ocrx_word' id='word_1_80' title='bbox 1815 1469 2059 1531; x_wconf 82' lang='lat' dir='ltr'>neglectis</span> <span class='ocrx_word' id='word_1_81' title='bbox 2105 1476 2284 1533; x_wconf 88' lang='lat' dir='ltr'>postea</span> <span class='ocrx_word' id='word_1_82' title='bbox 2329 1470 2382 1517; x_wconf 88' lang='lat' dir='ltr'>in</span> <span class='ocrx_word' id='word_1_83' title='bbox 2428 1471 2637 1518; x_wconf 87' lang='lat' dir='ltr'>eandem</span> 
     </span>
     <span class='ocr_line' id='line_1_13' title="bbox 405 1536 2634 1602; baseline -0.002 -13"><span class='ocrx_word' id='word_1_84' title='bbox 405 1541 706 1602; x_wconf 83' lang='lat' dir='ltr'>scripturam</span> <span class='ocrx_word' id='word_1_85' title='bbox 741 1540 1031 1588; x_wconf 87' lang='lat' dir='ltr'>coniectura</span> <span class='ocrx_word' id='word_1_86' title='bbox 1062 1538 1343 1586; x_wconf 90' lang='lat' dir='ltr'>inciderunt</span> <span class='ocrx_word' id='word_1_87' title='bbox 1365 1536 1726 1598; x_wconf 88' lang='lat' dir='ltr'>Dalecampius</span> <span class='ocrx_word' id='word_1_88' title='bbox 1761 1544 1813 1584; x_wconf 88' lang='lat' dir='ltr'>et</span> <span class='ocrx_word' id='word_1_89' title='bbox 1835 1537 2052 1586; x_wconf 89' lang='lat' dir='ltr'>Vossius</span> <span class='ocrx_word' id='word_1_90' title='bbox 2093 1539 2158 1585; x_wconf 90' lang='lat' dir='ltr'>ad</span> <span class='ocrx_word' id='word_1_91' title='bbox 2192 1537 2455 1587; x_wconf 87' lang='lat' dir='ltr'>Catullum</span> <span class='ocrx_word' id='word_1_92' title='bbox 2479 1551 2527 1598; x_wconf 89' lang='lat' dir='ltr'>p.</span> <span class='ocrx_word' id='word_1_93' title='bbox 2553 1542 2634 1585; x_wconf 89' lang='grc'><strong>32.</strong></span> 
     </span>
     <span class='ocr_line' id='line_1_14' title="bbox 405 1603 2636 1669; baseline -0.002 -13"><span class='ocrx_word' id='word_1_94' title='bbox 405 1608 586 1656; x_wconf 89' lang='lat' dir='ltr'>merito</span> <span class='ocrx_word' id='word_1_95' title='bbox 631 1607 831 1669; x_wconf 90' lang='lat' dir='ltr'>probati</span> <span class='ocrx_word' id='word_1_96' title='bbox 873 1622 904 1654; x_wconf 89' lang='lat' dir='ltr'>a</span> <span class='ocrx_word' id='word_1_97' title='bbox 944 1605 1178 1654; x_wconf 91' lang='lat' dir='ltr'>Bentleio</span> <span class='ocrx_word' id='word_1_98' title='bbox 1221 1606 1285 1652; x_wconf 90' lang='lat' dir='ltr'>ad</span> <span class='ocrx_word' id='word_1_99' title='bbox 1326 1604 1509 1652; x_wconf 83' lang='lat' dir='ltr'>Horat.</span> <span class='ocrx_word' id='word_1_100' title='bbox 1554 1603 1661 1653; x_wconf 90' lang='lat' dir='ltr'>Sat.</span> <span class='ocrx_word' id='word_1_101' title='bbox 1702 1604 1745 1652; x_wconf 94' lang='lat' dir='ltr'>I.</span> <span class='ocrx_word' id='word_1_102' title='bbox 1794 1610 1879 1663; x_wconf 90' lang='lat'>10,</span> <span class='ocrx_word' id='word_1_103' title='bbox 1933 1610 2014 1653; x_wconf 84' lang='lat'>32.</span> <span class='ocrx_word' id='word_1_104' title='bbox 2101 1603 2419 1653; x_wconf 86' lang='lat' dir='ltr'>Confirmant</span> <span class='ocrx_word' id='word_1_105' title='bbox 2471 1603 2636 1652; x_wconf 89' lang='lat' dir='ltr'>Vatic.</span> 
     </span>
     <span class='ocr_line' id='line_1_15' title="bbox 411 1662 2634 1731; baseline -0.003 -8"><span class='ocrx_word' id='word_1_106' title='bbox 411 1680 558 1723; x_wconf 91' lang='grc'><strong>1950.</strong></span> <span class='ocrx_word' id='word_1_107' title='bbox 608 1679 753 1722; x_wconf 95' lang='grc'><strong>1951.</strong></span> <span class='ocrx_word' id='word_1_108' title='bbox 802 1678 947 1723; x_wconf 89' lang='grc'><strong>1952.</strong></span> <span class='ocrx_word' id='word_1_109' title='bbox 999 1674 1176 1721; x_wconf 87' lang='lat' dir='ltr'>Escor.</span> <span class='ocrx_word' id='word_1_110' title='bbox 1218 1673 1260 1720; x_wconf 94' lang='grc' dir='ltr'><strong>Ι.</strong></span> <span class='ocrx_word' id='word_1_111' title='bbox 1318 1680 1369 1720; x_wconf 83' lang='lat' dir='ltr'>ut</span> <span class='ocrx_word' id='word_1_112' title='bbox 1408 1668 1625 1729; x_wconf 84' lang='lat' dir='ltr'>baculus,</span> <span class='ocrx_word' id='word_1_113' title='bbox 1666 1662 1839 1719; x_wconf 76' lang='lat' dir='ltr'>brAP</span> <span class='ocrx_word' id='word_1_114' title='bbox 1876 1668 2128 1731; x_wconf 90' lang='lat' dir='ltr'>(Murbac.</span> <span class='ocrx_word' id='word_1_115' title='bbox 2173 1673 2318 1718; x_wconf 85' lang='lat' dir='ltr'>codd.</span> <span class='ocrx_word' id='word_1_116' title='bbox 2357 1667 2634 1729; x_wconf 62' lang='lat' dir='ltr'>Salmlsii).</span> 
     </span>
     <span class='ocr_line' id='line_1_16' title="bbox 407 1736 2635 1804; baseline -0.003 -13"><span class='ocrx_word' id='word_1_117' title='bbox 407 1744 548 1804; x_wconf 90' lang='lat' dir='ltr'>quod</span> <span class='ocrx_word' id='word_1_118' title='bbox 588 1741 714 1789; x_wconf 88' lang='lat' dir='ltr'>mire</span> <span class='ocrx_word' id='word_1_119' title='bbox 756 1741 1044 1802; x_wconf 89' lang='lat' dir='ltr'>explicabat</span> <span class='ocrx_word' id='word_1_120' title='bbox 1085 1740 1367 1788; x_wconf 85' lang='lat' dir='ltr'>Turnebus.</span> <span class='ocrx_word' id='word_1_121' title='bbox 1425 1736 1695 1796; x_wconf 84' lang='lat' dir='ltr'>vivaculus,</span> <span class='ocrx_word' id='word_1_122' title='bbox 1730 1738 1836 1787; x_wconf 82' lang='lat' dir='ltr'>Td.</span> <span class='ocrx_word' id='word_1_123' title='bbox 1892 1747 1942 1787; x_wconf 77' lang='lat' dir='ltr'>ut</span> <span class='ocrx_word' id='word_1_124' title='bbox 1980 1738 2240 1797; x_wconf 61' lang='lat' dir='ltr'>masculum,</span> <span class='ocrx_word' id='word_1_125' title='bbox 2282 1738 2449 1786; x_wconf 82' lang='lat' dir='ltr'>Vatic.</span> <span class='ocrx_word' id='word_1_126' title='bbox 2491 1742 2635 1786; x_wconf 91' lang='grc'><strong>1953.</strong></span> 
     </span>
     <span class='ocr_line' id='line_1_17' title="bbox 406 1799 2635 1869; baseline -0.004 -11"><span class='ocrx_word' id='word_1_127' title='bbox 406 1808 582 1858; x_wconf 77' lang='lat' dir='ltr'>Antias</span> <span class='ocrx_word' id='word_1_128' title='bbox 616 1809 759 1868; x_wconf 81' lang='lat' dir='ltr'>civis,</span> <span class='ocrx_word' id='word_1_129' title='bbox 792 1809 1071 1857; x_wconf 84' lang='lat' dir='ltr'>Rhenanus</span> <span class='ocrx_word' id='word_1_130' title='bbox 1102 1801 1160 1866; x_wconf 83' lang='grc' dir='ltr'><strong>β.</strong></span> <span class='ocrx_word' id='word_1_131' title='bbox 1214 1805 1303 1855; x_wconf 82' lang='lat' dir='ltr'>luc.</span> <span class='ocrx_word' id='word_1_132' title='bbox 1332 1813 1443 1869; x_wconf 80' lang='lat' dir='ltr'>puto</span> <span class='ocrx_word' id='word_1_133' title='bbox 1475 1799 1742 1854; x_wconf 81' lang='lat' dir='ltr'>Bibacu&#39;lus</span> <span class='ocrx_word' id='word_1_134' title='bbox 1774 1805 1911 1868; x_wconf 84' lang='lat' dir='ltr'>quia,</span> <span class='ocrx_word' id='word_1_135' title='bbox 1941 1805 2160 1853; x_wconf 77' lang='lat' dir='ltr'>Bahrius</span> <span class='ocrx_word' id='word_1_136' title='bbox 2204 1806 2256 1852; x_wconf 90' lang='lat' dir='ltr'>in</span> <span class='ocrx_word' id='word_1_137' title='bbox 2301 1805 2470 1852; x_wconf 86' lang='lat' dir='ltr'>annal.</span> <span class='ocrx_word' id='word_1_138' title='bbox 2514 1805 2635 1853; x_wconf 88' lang='lat' dir='ltr'>Hei-</span> 
     </span>
     <span class='ocr_line' id='line_1_18' title="bbox 408 1868 2634 1936; baseline -0.003 -12"><span class='ocrx_word' id='word_1_139' title='bbox 408 1877 540 1925; x_wconf 91' lang='lat' dir='ltr'>delb.</span> <span class='ocrx_word' id='word_1_140' title='bbox 581 1880 726 1924; x_wconf 88' lang='lat'>1849.</span> <span class='ocrx_word' id='word_1_141' title='bbox 761 1890 812 1936; x_wconf 89' lang='lat' dir='ltr'>p.</span> <span class='ocrx_word' id='word_1_142' title='bbox 850 1879 964 1922; x_wconf 83' lang='lat'>525.</span> <span class='ocrx_word' id='word_1_143' title='bbox 1012 1912 1071 1920; x_wconf 83' lang='grc'><strong>-.</strong></span> <span class='ocrx_word' id='word_1_144' title='bbox 1118 1890 1273 1933; x_wconf 86' lang='lat' dir='ltr'>eram,</span> <span class='ocrx_word' id='word_1_145' title='bbox 1320 1874 1364 1922; x_wconf 89' lang='lat' dir='ltr'>P</span> <span class='ocrx_word' id='word_1_146' title='bbox 1408 1870 1601 1933; x_wconf 87' lang='lat' dir='ltr'>(Vatic.</span> <span class='ocrx_word' id='word_1_147' title='bbox 1648 1876 1794 1920; x_wconf 89' lang='grc'><strong>1950.</strong></span> <span class='ocrx_word' id='word_1_148' title='bbox 1842 1877 1988 1921; x_wconf 90' lang='grc'><strong>1951.</strong></span> <span class='ocrx_word' id='word_1_149' title='bbox 2036 1877 2180 1927; x_wconf 66' lang='grc'><strong>1952.</strong></span> <span class='ocrx_word' id='word_1_150' title='bbox 2240 1873 2417 1921; x_wconf 85' lang='lat' dir='ltr'>Escor.</span> <span class='ocrx_word' id='word_1_151' title='bbox 2460 1868 2528 1933; x_wconf 94' lang='grc' dir='ltr'><strong>Ι.)</strong></span> <span class='ocrx_word' id='word_1_152' title='bbox 2574 1908 2634 1917; x_wconf 80' lang='grc'>.-</span> 
     </span>
     <span class='ocr_line' id='line_1_19' title="bbox 410 1931 2637 2003; baseline -0.002 -12"><span class='ocrx_word' id='word_1_153' title='bbox 410 1944 644 2001; x_wconf 86' lang='lat' dir='ltr'>vocabar,</span> <span class='ocrx_word' id='word_1_154' title='bbox 694 1941 861 1991; x_wconf 81' lang='lat' dir='ltr'>vatic.</span> <span class='ocrx_word' id='word_1_155' title='bbox 908 1945 1055 1988; x_wconf 87' lang='grc'><strong>1950.</strong></span> <span class='ocrx_word' id='word_1_156' title='bbox 1102 1945 1246 1988; x_wconf 89' lang='grc'><strong>1951.</strong></span> <span class='ocrx_word' id='word_1_157' title='bbox 1294 1944 1440 1988; x_wconf 83' lang='grc'><strong>1952.</strong></span> <span class='ocrx_word' id='word_1_158' title='bbox 1503 1941 1679 1988; x_wconf 81' lang='lat' dir='ltr'>Escor.</span> <span class='ocrx_word' id='word_1_159' title='bbox 1733 1940 1775 1988; x_wconf 94' lang='lat' dir='ltr'>I.</span> <span class='ocrx_word' id='word_1_160' title='bbox 1835 1978 1890 1986; x_wconf 85' lang='grc'><strong>.-</strong></span> <span class='ocrx_word' id='word_1_161' title='bbox 1940 1939 2087 2003; x_wconf 82' lang='lat' dir='ltr'>paulo</span> <span class='ocrx_word' id='word_1_162' title='bbox 2136 1940 2310 1999; x_wconf 81' lang='lat' dir='ltr'>minus,</span> <span class='ocrx_word' id='word_1_163' title='bbox 2366 1931 2637 1987; x_wconf 76' lang='lat' dir='ltr'>bdrTAP</span> 
     </span>
     <span class='ocr_line' id='line_1_20' title="bbox 410 2002 2639 2070; baseline -0.002 -13"><span class='ocrx_word' id='word_1_164' title='bbox 410 2007 663 2070; x_wconf 84' lang='lat' dir='ltr'>(Murbac.</span> <span class='ocrx_word' id='word_1_165' title='bbox 708 2008 854 2055; x_wconf 87' lang='lat' dir='ltr'>codd.</span> <span class='ocrx_word' id='word_1_166' title='bbox 898 2007 1111 2054; x_wconf 88' lang='lat' dir='ltr'>Barbari</span> <span class='ocrx_word' id='word_1_167' title='bbox 1157 2014 1207 2054; x_wconf 91' lang='lat' dir='ltr'>et</span> <span class='ocrx_word' id='word_1_168' title='bbox 1248 2006 1510 2065; x_wconf 75' lang='lat' dir='ltr'>salmasii,</span> <span class='ocrx_word' id='word_1_169' title='bbox 1563 2006 1730 2053; x_wconf 90' lang='lat' dir='ltr'>Vatic.</span> <span class='ocrx_word' id='word_1_170' title='bbox 1779 2011 1924 2055; x_wconf 88' lang='grc'><strong>1953.</strong></span> <span class='ocrx_word' id='word_1_171' title='bbox 1964 2007 2171 2069; x_wconf 89' lang='lat' dir='ltr'>Ugolet.</span> <span class='ocrx_word' id='word_1_172' title='bbox 2214 2002 2437 2065; x_wconf 85' lang='lat' dir='ltr'>Iovian.)</span> <span class='ocrx_word' id='word_1_173' title='bbox 2493 2004 2639 2069; x_wconf 79' lang='lat' dir='ltr'>paulo</span> 
     </span>
     <span class='ocr_line' id='line_1_21' title="bbox 410 2073 2635 2135; baseline -0.002 -10"><span class='ocrx_word' id='word_1_174' title='bbox 410 2076 573 2135; x_wconf 80' lang='lat' dir='ltr'>nimis,</span> <span class='ocrx_word' id='word_1_175' title='bbox 623 2074 710 2122; x_wconf 90' lang='lat' dir='ltr'>alii</span> <span class='ocrx_word' id='word_1_176' title='bbox 750 2076 896 2123; x_wconf 87' lang='lat' dir='ltr'>codd.</span> <span class='ocrx_word' id='word_1_177' title='bbox 937 2073 1174 2132; x_wconf 87' lang='lat' dir='ltr'>Barbari,</span> <span class='ocrx_word' id='word_1_178' title='bbox 1221 2073 1401 2121; x_wconf 86' lang='lat' dir='ltr'>Ambr.</span> <span class='ocrx_word' id='word_1_179' title='bbox 1436 2074 1479 2121; x_wconf 95' lang='lat' dir='ltr'>I.</span> <span class='ocrx_word' id='word_1_180' title='bbox 1514 2074 1583 2121; x_wconf 92' lang='lat'>11.</span> <span class='ocrx_word' id='word_1_181' title='bbox 1627 2073 1890 2122; x_wconf 90' lang='lat' dir='ltr'>Barberini</span> <span class='ocrx_word' id='word_1_182' title='bbox 1935 2082 1985 2121; x_wconf 90' lang='lat' dir='ltr'>et</span> <span class='ocrx_word' id='word_1_183' title='bbox 2025 2074 2113 2122; x_wconf 88' lang='lat' dir='ltr'>alii</span> <span class='ocrx_word' id='word_1_184' title='bbox 2153 2089 2234 2135; x_wconf 89' lang='lat' dir='ltr'>ap.</span> <span class='ocrx_word' id='word_1_185' title='bbox 2277 2073 2635 2122; x_wconf 86' lang='lat' dir='ltr'>Rezzonicum.</span> 
     </span>
     <span class='ocr_line' id='line_1_22' title="bbox 404 2140 2636 2208; baseline -0.002 -17"><span class='ocrx_word' id='word_1_186' title='bbox 404 2143 732 2208; x_wconf 80' lang='lat' dir='ltr'>pantomimus,</span> <span class='ocrx_word' id='word_1_187' title='bbox 764 2141 932 2189; x_wconf 91' lang='lat' dir='ltr'>Vatic.</span> <span class='ocrx_word' id='word_1_188' title='bbox 972 2144 1118 2188; x_wconf 87' lang='grc'><strong>1950.</strong></span> <span class='ocrx_word' id='word_1_189' title='bbox 1149 2144 1294 2188; x_wconf 88' lang='grc'><strong>1951.</strong></span> <span class='ocrx_word' id='word_1_190' title='bbox 1323 2144 1469 2189; x_wconf 90' lang='grc'><strong>1952.</strong></span> <span class='ocrx_word' id='word_1_191' title='bbox 1506 2142 1683 2189; x_wconf 87' lang='lat' dir='ltr'>Escor.</span> <span class='ocrx_word' id='word_1_192' title='bbox 1706 2141 1766 2200; x_wconf 94' lang='lat' dir='ltr'>I.,</span> <span class='ocrx_word' id='word_1_193' title='bbox 1802 2154 2020 2201; x_wconf 90' lang='lat' dir='ltr'>quorum</span> <span class='ocrx_word' id='word_1_194' title='bbox 2044 2143 2189 2189; x_wconf 87' lang='lat' dir='ltr'>codd.</span> <span class='ocrx_word' id='word_1_195' title='bbox 2216 2140 2460 2189; x_wconf 91' lang='lat' dir='ltr'>lectiones</span> <span class='ocrx_word' id='word_1_196' title='bbox 2485 2140 2636 2187; x_wconf 87' lang='lat' dir='ltr'>inter-</span> 
     </span>
     <span class='ocr_line' id='line_1_23' title="bbox 413 2206 2636 2273; baseline -0.002 -15"><span class='ocrx_word' id='word_1_197' title='bbox 413 2209 598 2273; x_wconf 89' lang='lat' dir='ltr'>pretari</span> <span class='ocrx_word' id='word_1_198' title='bbox 621 2209 870 2257; x_wconf 90' lang='lat' dir='ltr'>sustinent</span> <span class='ocrx_word' id='word_1_199' title='bbox 890 2206 1223 2256; x_wconf 89' lang='lat' dir='ltr'>Becichemus</span> <span class='ocrx_word' id='word_1_200' title='bbox 1236 2242 1249 2267; x_wconf 93' lang='lat'>,</span> <span class='ocrx_word' id='word_1_201' title='bbox 1273 2207 1513 2256; x_wconf 82' lang='lat' dir='ltr'>Perottus</span> <span class='ocrx_word' id='word_1_202' title='bbox 1527 2244 1540 2267; x_wconf 90' lang='lat'>,</span> <span class='ocrx_word' id='word_1_203' title='bbox 1573 2207 1832 2255; x_wconf 86' lang='lat' dir='ltr'>Vitellius.</span> <span class='ocrx_word' id='word_1_204' title='bbox 1866 2207 1928 2257; x_wconf 92' lang='lat' dir='ltr'>P.</span> <span class='ocrx_word' id='word_1_205' title='bbox 1976 2206 2087 2258; x_wconf 82' lang='lat' dir='ltr'>Val.</span> <span class='ocrx_word' id='word_1_206' title='bbox 2109 2208 2316 2270; x_wconf 81' lang='lat' dir='ltr'>primas,</span> <span class='ocrx_word' id='word_1_207' title='bbox 2339 2207 2636 2256; x_wconf 79' lang='lat' dir='ltr'>Rhenanus,</span> 
     </span>
     <span class='ocr_line' id='line_1_24' title="bbox 426 2269 2637 2340; baseline -0.002 -14"><span class='ocrx_word' id='word_1_208' title='bbox 426 2275 650 2326; x_wconf 74' lang='lat' dir='ltr'>Valerius</span> <span class='ocrx_word' id='word_1_209' title='bbox 665 2276 865 2340; x_wconf 83' lang='lat' dir='ltr'>primus,</span> <span class='ocrx_word' id='word_1_210' title='bbox 887 2269 945 2334; x_wconf 83' lang='grc' dir='ltr'><strong>β.</strong></span> <span class='ocrx_word' id='word_1_211' title='bbox 964 2312 1016 2321; x_wconf 88' lang='grc'>...</span> <span class='ocrx_word' id='word_1_212' title='bbox 1036 2274 1224 2334; x_wconf 82' lang='lat' dir='ltr'>asserit,</span> <span class='ocrx_word' id='word_1_213' title='bbox 1248 2275 1394 2322; x_wconf 86' lang='lat' dir='ltr'>codd.</span> <span class='ocrx_word' id='word_1_214' title='bbox 1422 2275 1489 2322; x_wconf 89' lang='lat' dir='ltr'>ad</span> <span class='ocrx_word' id='word_1_215' title='bbox 1510 2289 1670 2322; x_wconf 89' lang='lat' dir='ltr'>unum</span> <span class='ocrx_word' id='word_1_216' title='bbox 1694 2288 1885 2323; x_wconf 90' lang='lat' dir='ltr'>omnes.</span> <span class='ocrx_word' id='word_1_217' title='bbox 1912 2276 2051 2335; x_wconf 82' lang='lat' dir='ltr'>serio,</span> <span class='ocrx_word' id='word_1_218' title='bbox 2075 2275 2382 2323; x_wconf 87' lang='lat' dir='ltr'>Harduinus.</span> <span class='ocrx_word' id='word_1_219' title='bbox 2403 2311 2449 2318; x_wconf 79' lang='grc'>-</span> <span class='ocrx_word' id='word_1_220' title='bbox 2489 2273 2637 2332; x_wconf 88' lang='lat' dir='ltr'>Varo,</span> 
     </span>
     <span class='ocr_line' id='line_1_25' title="bbox 413 2334 2637 2408; baseline -0.002 -15"><span class='ocrx_word' id='word_1_221' title='bbox 413 2345 473 2394; x_wconf 88' lang='lat' dir='ltr'>P.</span> <span class='ocrx_word' id='word_1_222' title='bbox 504 2383 561 2391; x_wconf 83' lang='grc'>..</span> <span class='ocrx_word' id='word_1_223' title='bbox 587 2343 756 2408; x_wconf 78' lang='lat' dir='ltr'>satyri,</span> <span class='ocrx_word' id='word_1_224' title='bbox 779 2343 1007 2392; x_wconf 87' lang='lat' dir='ltr'>Murbac.</span> <span class='ocrx_word' id='word_1_225' title='bbox 1039 2381 1095 2389; x_wconf 85' lang='grc'><strong>.-</strong></span> <span class='ocrx_word' id='word_1_226' title='bbox 1124 2341 1237 2402; x_wconf 79' lang='lat' dir='ltr'>suis,</span> <span class='ocrx_word' id='word_1_227' title='bbox 1261 2334 1361 2389; x_wconf 88' lang='grc' dir='ltr'>ΤΔ</span> <span class='ocrx_word' id='word_1_228' title='bbox 1386 2338 1559 2402; x_wconf 85' lang='lat' dir='ltr'>(codd.</span> <span class='ocrx_word' id='word_1_229' title='bbox 1585 2341 1836 2400; x_wconf 85' lang='lat' dir='ltr'>Salmasii,</span> <span class='ocrx_word' id='word_1_230' title='bbox 1860 2344 2034 2391; x_wconf 87' lang='lat' dir='ltr'>Escor.</span> <span class='ocrx_word' id='word_1_231' title='bbox 2060 2339 2130 2402; x_wconf 92' lang='grc' dir='ltr'><strong>Ι.)</strong></span> <span class='ocrx_word' id='word_1_232' title='bbox 2165 2343 2255 2404; x_wconf 81' lang='lat' dir='ltr'>sui,</span> <span class='ocrx_word' id='word_1_233' title='bbox 2287 2343 2321 2390; x_wconf 96' lang='lat' dir='ltr'>b</span> <span class='ocrx_word' id='word_1_234' title='bbox 2357 2336 2637 2402; x_wconf 85' lang='lat' dir='ltr'>(Murbac.)</span> 
     </span>
     <span class='ocr_line' id='line_1_26' title="bbox 414 2406 2639 2473; baseline -0.003 -11"><span class='ocrx_word' id='word_1_235' title='bbox 414 2412 478 2473; x_wconf 80' lang='lat' dir='ltr'>vi,</span> <span class='ocrx_word' id='word_1_236' title='bbox 502 2414 550 2461; x_wconf 96' lang='lat' dir='ltr'>d.</span> <span class='ocrx_word' id='word_1_237' title='bbox 576 2410 898 2461; x_wconf 86' lang='lat' dir='ltr'>OmittuntP</span> <span class='ocrx_word' id='word_1_238' title='bbox 933 2406 1124 2473; x_wconf 89' lang='lat' dir='ltr'>(Vatic.</span> <span class='ocrx_word' id='word_1_239' title='bbox 1165 2414 1312 2459; x_wconf 91' lang='grc'><strong>1950.</strong></span> <span class='ocrx_word' id='word_1_240' title='bbox 1352 2414 1499 2459; x_wconf 93' lang='grc'><strong>1951.</strong></span> <span class='ocrx_word' id='word_1_241' title='bbox 1539 2413 1687 2458; x_wconf 88' lang='grc'><strong>1952.</strong></span> <span class='ocrx_word' id='word_1_242' title='bbox 1727 2406 1901 2471; x_wconf 89' lang='grc'><strong>1953.)</strong></span> <span class='ocrx_word' id='word_1_243' title='bbox 1942 2449 1999 2457; x_wconf 86' lang='grc'>...</span> <span class='ocrx_word' id='word_1_244' title='bbox 2040 2409 2639 2470; x_wconf 78' lang='lat' dir='ltr'>Sesculixem,BarbaruS.</span> 
     </span>
     <span class='ocr_line' id='line_1_27' title="bbox 417 2474 2637 2544; baseline -0.003 -15"><span class='ocrx_word' id='word_1_245' title='bbox 417 2478 738 2544; x_wconf 79' lang='lat' dir='ltr'>Sesculyssem</span> <span class='ocrx_word' id='word_1_246' title='bbox 803 2492 853 2541; x_wconf 78' lang='lat' dir='ltr'>r.</span> <span class='ocrx_word' id='word_1_247' title='bbox 895 2477 1178 2541; x_wconf 81' lang='lat' dir='ltr'>sesquulisse</span> <span class='ocrx_word' id='word_1_248' title='bbox 1192 2513 1206 2538; x_wconf 96' lang='lat'>,</span> <span class='ocrx_word' id='word_1_249' title='bbox 1247 2478 1393 2525; x_wconf 90' lang='lat' dir='ltr'>codd.</span> <span class='ocrx_word' id='word_1_250' title='bbox 1435 2477 1687 2528; x_wconf 87' lang='lat' dir='ltr'>Salmasii.</span> <span class='ocrx_word' id='word_1_251' title='bbox 1732 2474 2121 2542; x_wconf 78' lang='lat' dir='ltr'>Sesquiulyssem,</span> <span class='ocrx_word' id='word_1_252' title='bbox 2163 2478 2308 2525; x_wconf 90' lang='lat' dir='ltr'>codd.</span> <span class='ocrx_word' id='word_1_253' title='bbox 2349 2476 2637 2525; x_wconf 88' lang='lat' dir='ltr'>Rezzonici.</span> 
     </span>
     <span class='ocr_line' id='line_1_28' title="bbox 414 2515 2636 2607; baseline -0.003 -10"><span class='ocrx_word' id='word_1_254' title='bbox 414 2546 612 2607; x_wconf 65' lang='lat' dir='ltr'>sumta,</span> <span class='ocrx_word' id='word_1_255' title='bbox 635 2515 763 2595; x_wconf 61' lang='lat' dir='ltr'>bad</span> <span class='ocrx_word' id='word_1_256' title='bbox 798 2544 1051 2607; x_wconf 77' lang='lat' dir='ltr'>(Murbac.</span> <span class='ocrx_word' id='word_1_257' title='bbox 1087 2545 1254 2594; x_wconf 68' lang='lat' dir='ltr'>Vatia.</span> <span class='ocrx_word' id='word_1_258' title='bbox 1294 2549 1440 2593; x_wconf 87' lang='lat'>1950.</span> <span class='ocrx_word' id='word_1_259' title='bbox 1470 2549 1616 2593; x_wconf 74' lang='grc'><strong>1951.</strong></span> <span class='ocrx_word' id='word_1_260' title='bbox 1647 2549 1793 2592; x_wconf 82' lang='lat'>1952.</span> <span class='ocrx_word' id='word_1_261' title='bbox 1824 2550 1970 2593; x_wconf 82' lang='lat'>1953.</span> <span class='ocrx_word' id='word_1_262' title='bbox 2006 2545 2477 2594; x_wconf 77' lang='lat' dir='ltr'>Escor.1.13arber.</span> <span class='ocrx_word' id='word_1_263' title='bbox 2501 2544 2543 2592; x_wconf 94' lang='lat'>1.</span> <span class='ocrx_word' id='word_1_264' title='bbox 2568 2544 2636 2592; x_wconf 85' lang='lat' dir='ltr'>n.</span> 
     </span>
     <span class='ocr_line' id='line_1_29' title="bbox 416 2610 2642 2674; baseline -0.002 -11"><span class='ocrx_word' id='word_1_265' title='bbox 416 2615 512 2664; x_wconf 89' lang='lat'>111.</span> <span class='ocrx_word' id='word_1_266' title='bbox 538 2613 739 2673; x_wconf 79' lang='lat' dir='ltr'>subtulit,</span> <span class='ocrx_word' id='word_1_267' title='bbox 761 2615 822 2663; x_wconf 89' lang='lat' dir='ltr'>P.</span> <span class='ocrx_word' id='word_1_268' title='bbox 847 2613 980 2661; x_wconf 84' lang='lat' dir='ltr'>Vide</span> <span class='ocrx_word' id='word_1_269' title='bbox 995 2613 1254 2674; x_wconf 71' lang='lat' dir='ltr'>‘Popmam</span> <span class='ocrx_word' id='word_1_270' title='bbox 1276 2613 1342 2660; x_wconf 87' lang='lat' dir='ltr'>ad</span> <span class='ocrx_word' id='word_1_271' title='bbox 1363 2612 1584 2660; x_wconf 81' lang='lat' dir='ltr'>Varron.</span> <span class='ocrx_word' id='word_1_272' title='bbox 1609 2610 1789 2673; x_wconf 72' lang='lat' dir='ltr'>fiagm.</span> <span class='ocrx_word' id='word_1_273' title='bbox 1814 2627 1864 2673; x_wconf 89' lang='lat' dir='ltr'>p.</span> <span class='ocrx_word' id='word_1_274' title='bbox 1891 2617 2007 2661; x_wconf 88' lang='grc'><strong>383.</strong></span> <span class='ocrx_word' id='word_1_275' title='bbox 2033 2614 2110 2660; x_wconf 89' lang='lat' dir='ltr'>ed.</span> <span class='ocrx_word' id='word_1_276' title='bbox 2133 2611 2250 2674; x_wconf 90' lang='lat' dir='ltr'>Bip.</span> <span class='ocrx_word' id='word_1_277' title='bbox 2282 2650 2338 2657; x_wconf 73' lang='lat'>-</span> <span class='ocrx_word' id='word_1_278' title='bbox 2349 2610 2642 2674; x_wconf 67' lang='lat' dir='ltr'>flam-tabula,</span> 
     </span>
     <span class='ocr_line' id='line_1_30' title="bbox 417 2670 2642 2744; baseline -0.002 -14"><span class='ocrx_word' id='word_1_279' title='bbox 417 2684 467 2730; x_wconf 90' lang='lat' dir='ltr'>b.</span> <span class='ocrx_word' id='word_1_280' title='bbox 477 2679 776 2744; x_wconf 69' lang='lat' dir='ltr'>flea-tabulis,</span> <span class='ocrx_word' id='word_1_281' title='bbox 819 2680 966 2728; x_wconf 89' lang='lat' dir='ltr'>codd.</span> <span class='ocrx_word' id='word_1_282' title='bbox 1009 2671 1260 2728; x_wconf 83' lang='lat' dir='ltr'>Salmasii.</span> <span class='ocrx_word' id='word_1_283' title='bbox 1287 2678 1582 2741; x_wconf 79' lang='lat' dir='ltr'>flexiabula,</span> <span class='ocrx_word' id='word_1_284' title='bbox 1620 2670 1661 2723; x_wconf 90' lang='grc' dir='ltr'><em>Δ</em></span> <span class='ocrx_word' id='word_1_285' title='bbox 1695 2677 1947 2740; x_wconf 84' lang='lat' dir='ltr'>(Murbac.</span> <span class='ocrx_word' id='word_1_286' title='bbox 1981 2680 2187 2727; x_wconf 90' lang='lat' dir='ltr'>Barber.</span> <span class='ocrx_word' id='word_1_287' title='bbox 2223 2679 2319 2728; x_wconf 91' lang='grc' dir='ltr'><strong>ΠΙ.</strong></span> <span class='ocrx_word' id='word_1_288' title='bbox 2356 2684 2408 2726; x_wconf 87' lang='lat' dir='ltr'>et</span> <span class='ocrx_word' id='word_1_289' title='bbox 2439 2677 2526 2725; x_wconf 82' lang='lat' dir='ltr'>alii</span> <span class='ocrx_word' id='word_1_290' title='bbox 2560 2691 2642 2740; x_wconf 88' lang='lat' dir='ltr'>ap.</span> 
     </span>
     <span class='ocr_line' id='line_1_31' title="bbox 419 2743 2643 2809; baseline -0.002 -11"><span class='ocrx_word' id='word_1_291' title='bbox 419 2743 978 2808; x_wconf 75' lang='lat' dir='ltr'>Rezzon.)flaxiabula,</span> <span class='ocrx_word' id='word_1_292' title='bbox 1004 2747 1037 2793; x_wconf 98' lang='lat' dir='ltr'>d</span> <span class='ocrx_word' id='word_1_293' title='bbox 1061 2743 1252 2806; x_wconf 90' lang='lat' dir='ltr'>(Vatic.</span> <span class='ocrx_word' id='word_1_294' title='bbox 1282 2743 1455 2805; x_wconf 86' lang='lat'>1953.)</span> <span class='ocrx_word' id='word_1_295' title='bbox 1465 2745 1729 2809; x_wconf 77' lang='lat' dir='ltr'>flexibilia,</span> <span class='ocrx_word' id='word_1_296' title='bbox 1752 2747 1812 2796; x_wconf 88' lang='lat' dir='ltr'>P.</span> <span class='ocrx_word' id='word_1_297' title='bbox 1822 2745 2097 2809; x_wconf 79' lang='lat' dir='ltr'>flexabula,</span> <span class='ocrx_word' id='word_1_298' title='bbox 2130 2747 2307 2795; x_wconf 87' lang='lat' dir='ltr'>Escor.</span> <span class='ocrx_word' id='word_1_299' title='bbox 2331 2745 2373 2793; x_wconf 94' lang='grc' dir='ltr'><strong>Ι.</strong></span> <span class='ocrx_word' id='word_1_300' title='bbox 2385 2744 2643 2807; x_wconf 77' lang='lat' dir='ltr'>flexibala,</span> 
     </span>
     <span class='ocr_line' id='line_1_32' title="bbox 421 2808 2643 2876; baseline -0.002 -12"><span class='ocrx_word' id='word_1_301' title='bbox 421 2815 587 2864; x_wconf 88' lang='lat' dir='ltr'>Vatic.</span> <span class='ocrx_word' id='word_1_302' title='bbox 618 2818 764 2863; x_wconf 88' lang='lat'>1950.</span> <span class='ocrx_word' id='word_1_303' title='bbox 795 2817 940 2861; x_wconf 89' lang='lat'>1951.</span> <span class='ocrx_word' id='word_1_304' title='bbox 969 2817 1115 2861; x_wconf 90' lang='grc'><strong>1952.</strong></span> <span class='ocrx_word' id='word_1_305' title='bbox 1141 2813 1345 2862; x_wconf 89' lang='lat' dir='ltr'>Barber.</span> <span class='ocrx_word' id='word_1_306' title='bbox 1364 2815 1406 2863; x_wconf 95' lang='grc' dir='ltr'><strong>Ι.</strong></span> <span class='ocrx_word' id='word_1_307' title='bbox 1420 2814 1490 2861; x_wconf 93' lang='lat'>11.</span> <span class='ocrx_word' id='word_1_308' title='bbox 1500 2812 1765 2876; x_wconf 75' lang='lat' dir='ltr'>flaxibula,</span> <span class='ocrx_word' id='word_1_309' title='bbox 1788 2814 1850 2862; x_wconf 87' lang='lat' dir='ltr'>T.</span> <span class='ocrx_word' id='word_1_310' title='bbox 1860 2813 2141 2876; x_wconf 75' lang='lat' dir='ltr'>flexibulas,</span> <span class='ocrx_word' id='word_1_311' title='bbox 2163 2808 2221 2872; x_wconf 80' lang='grc' dir='ltr'><strong>β.</strong></span> <span class='ocrx_word' id='word_1_312' title='bbox 2245 2812 2379 2861; x_wconf 89' lang='lat' dir='ltr'>Vide</span> <span class='ocrx_word' id='word_1_313' title='bbox 2402 2812 2643 2860; x_wconf 82' lang='lat' dir='ltr'>Hadrian.</span> 
     </span>
     <span class='ocr_line' id='line_1_33' title="bbox 419 2879 2645 2942; baseline -0.002 -10"><span class='ocrx_word' id='word_1_314' title='bbox 419 2882 626 2932; x_wconf 90' lang='lat' dir='ltr'>Iunium</span> <span class='ocrx_word' id='word_1_315' title='bbox 651 2882 715 2929; x_wconf 88' lang='lat' dir='ltr'>ad</span> <span class='ocrx_word' id='word_1_316' title='bbox 737 2880 963 2929; x_wconf 86' lang='lat' dir='ltr'>Nonium</span> <span class='ocrx_word' id='word_1_317' title='bbox 988 2894 1036 2942; x_wconf 90' lang='lat' dir='ltr'>p.</span> <span class='ocrx_word' id='word_1_318' title='bbox 1064 2885 1145 2929; x_wconf 89' lang='grc'><strong>26.</strong></span> <span class='ocrx_word' id='word_1_319' title='bbox 1184 2879 1420 2929; x_wconf 87' lang='lat' dir='ltr'>Ceterum</span> <span class='ocrx_word' id='word_1_320' title='bbox 1442 2880 1533 2928; x_wconf 82' lang='lat' dir='ltr'>vix</span> <span class='ocrx_word' id='word_1_321' title='bbox 1554 2880 1690 2929; x_wconf 89' lang='lat' dir='ltr'>ullus</span> <span class='ocrx_word' id='word_1_322' title='bbox 1712 2881 1870 2930; x_wconf 90' lang='lat' dir='ltr'>totius</span> <span class='ocrx_word' id='word_1_323' title='bbox 1893 2881 2048 2931; x_wconf 89' lang='lat' dir='ltr'>Plinii</span> <span class='ocrx_word' id='word_1_324' title='bbox 2071 2882 2218 2929; x_wconf 88' lang='lat' dir='ltr'>locus</span> <span class='ocrx_word' id='word_1_325' title='bbox 2242 2886 2408 2928; x_wconf 90' lang='lat' dir='ltr'>tantas</span> <span class='ocrx_word' id='word_1_326' title='bbox 2432 2886 2645 2941; x_wconf 84' lang='lat' dir='ltr'>quantas</span> 
     </span>
     <span class='ocr_line' id='line_1_34' title="bbox 420 2947 2648 3009; baseline -0.002 -11"><span class='ocrx_word' id='word_1_327' title='bbox 420 2950 508 2999; x_wconf 88' lang='lat' dir='ltr'>hic</span> <span class='ocrx_word' id='word_1_328' title='bbox 530 2948 648 2997; x_wconf 91' lang='lat' dir='ltr'>VV.</span> <span class='ocrx_word' id='word_1_329' title='bbox 672 2950 788 2997; x_wconf 95' lang='lat' dir='ltr'>DD.</span> <span class='ocrx_word' id='word_1_330' title='bbox 825 2947 1165 2997; x_wconf 86' lang='lat' dir='ltr'>dubitationes</span> <span class='ocrx_word' id='word_1_331' title='bbox 1199 2948 1362 2996; x_wconf 87' lang='lat' dir='ltr'>movit</span> <span class='ocrx_word' id='word_1_332' title='bbox 1384 2955 1589 3009; x_wconf 92' lang='lat' dir='ltr'>tamque</span> <span class='ocrx_word' id='word_1_333' title='bbox 1614 2947 1867 2996; x_wconf 89' lang='lat' dir='ltr'>mirabiles</span> <span class='ocrx_word' id='word_1_334' title='bbox 1892 2949 2205 2997; x_wconf 88' lang='lat' dir='ltr'>coniecturas</span> <span class='ocrx_word' id='word_1_335' title='bbox 2230 2948 2526 3009; x_wconf 87' lang='lat' dir='ltr'>procreavit.</span> <span class='ocrx_word' id='word_1_336' title='bbox 2579 2948 2648 2995; x_wconf 86' lang='lat' dir='ltr'>Et</span> 
     </span>
     <span class='ocr_line' id='line_1_35' title="bbox 422 3014 2645 3092; baseline -0.003 -26"><span class='ocrx_word' id='word_1_337' title='bbox 422 3025 481 3066; x_wconf 89' lang='lat' dir='ltr'>ut</span> <span class='ocrx_word' id='word_1_338' title='bbox 513 3019 574 3065; x_wconf 89' lang='lat' dir='ltr'>de</span> <span class='ocrx_word' id='word_1_339' title='bbox 608 3017 842 3066; x_wconf 84' lang='lat' dir='ltr'>Rhenani</span> <span class='ocrx_word' id='word_1_340' title='bbox 876 3015 1167 3064; x_wconf 81' lang='lat' dir='ltr'>coniectura</span> <span class='ocrx_word' id='word_1_341' title='bbox 1198 3022 1394 3064; x_wconf 88' lang='lat' dir='ltr'>taceam</span> <span class='ocrx_word' id='word_1_342' title='bbox 1438 3029 1505 3063; x_wconf 83' lang='lat' dir='ltr'>ex</span> <span class='ocrx_word' id='word_1_343' title='bbox 1538 3015 1878 3077; x_wconf 90' lang='lat' dir='ltr'>superioribus</span> <span class='ocrx_word' id='word_1_344' title='bbox 1922 3016 2165 3092; x_wconf 54' lang='lat' dir='ltr'>petenda,</span> <span class='ocrx_word' id='word_1_345' title='bbox 2209 3016 2463 3063; x_wconf 87' lang='lat' dir='ltr'>Barbarus</span> <span class='ocrx_word' id='word_1_346' title='bbox 2497 3014 2645 3075; x_wconf 84' lang='lat' dir='ltr'>legit:</span> 
     </span>
     <span class='ocr_line' id='line_1_36' title="bbox 424 3082 2649 3149; baseline -0.002 -16"><span class='ocrx_word' id='word_1_347' title='bbox 424 3102 566 3149; x_wconf 80' lang='lat' dir='ltr'>quam</span> <span class='ocrx_word' id='word_1_348' title='bbox 572 3084 867 3147; x_wconf 77' lang='lat' dir='ltr'>facetissimi</span> <span class='ocrx_word' id='word_1_349' title='bbox 887 3083 1282 3133; x_wconf 80' lang='lat' dir='ltr'>lucubrationum.-</span> <span class='ocrx_word' id='word_1_350' title='bbox 1304 3091 1355 3132; x_wconf 82' lang='lat' dir='ltr'>ut</span> <span class='ocrx_word' id='word_1_351' title='bbox 1374 3083 1455 3131; x_wconf 86' lang='lat' dir='ltr'>vel</span> <span class='ocrx_word' id='word_1_352' title='bbox 1475 3092 1586 3147; x_wconf 83' lang='lat' dir='ltr'>puto</span> <span class='ocrx_word' id='word_1_353' title='bbox 1620 3083 1702 3146; x_wconf 84' lang='lat' dir='ltr'>qui</span> <span class='ocrx_word' id='word_1_354' title='bbox 1733 3083 1830 3133; x_wconf 83' lang='lat' dir='ltr'>ait.-</span> <span class='ocrx_word' id='word_1_355' title='bbox 1863 3082 2131 3132; x_wconf 79' lang='lat' dir='ltr'>Bibaculus</span> <span class='ocrx_word' id='word_1_356' title='bbox 2165 3099 2298 3146; x_wconf 78' lang='lat' dir='ltr'>eram</span> <span class='ocrx_word' id='word_1_357' title='bbox 2332 3090 2376 3130; x_wconf 79' lang='lat' dir='ltr'>et</span> <span class='ocrx_word' id='word_1_358' title='bbox 2409 3083 2649 3130; x_wconf 84' lang='lat' dir='ltr'>vocabar.-</span> 
     </span>
     <span class='ocr_line' id='line_1_37' title="bbox 417 3148 2650 3217; baseline -0.003 -16"><span class='ocrx_word' id='word_1_359' title='bbox 417 3152 566 3217; x_wconf 84' lang='lat' dir='ltr'>paulo</span> <span class='ocrx_word' id='word_1_360' title='bbox 599 3151 736 3200; x_wconf 79' lang='lat' dir='ltr'>nimis</span> <span class='ocrx_word' id='word_1_361' title='bbox 770 3152 946 3200; x_wconf 78' lang='lat' dir='ltr'>asserit</span> <span class='ocrx_word' id='word_1_362' title='bbox 989 3150 1150 3200; x_wconf 86' lang='lat' dir='ltr'>Varro</span> <span class='ocrx_word' id='word_1_363' title='bbox 1172 3152 1222 3201; x_wconf 83' lang='lat' dir='ltr'>in</span> <span class='ocrx_word' id='word_1_364' title='bbox 1245 3151 1411 3201; x_wconf 78' lang='lat' dir='ltr'>satiris</span> <span class='ocrx_word' id='word_1_365' title='bbox 1442 3151 1543 3199; x_wconf 74' lang='lat' dir='ltr'>suis</span> <span class='ocrx_word' id='word_1_366' title='bbox 1579 3148 1868 3199; x_wconf 75' lang='lat' dir='ltr'>Sesculixem</span> <span class='ocrx_word' id='word_1_367' title='bbox 1903 3159 1947 3198; x_wconf 81' lang='lat' dir='ltr'>et</span> <span class='ocrx_word' id='word_1_368' title='bbox 1961 3149 2219 3213; x_wconf 77' lang='lat' dir='ltr'>flexibula,</span> <span class='ocrx_word' id='word_1_369' title='bbox 2256 3162 2564 3210; x_wconf 87' lang='lat' dir='ltr'>quamquam</span> <span class='ocrx_word' id='word_1_370' title='bbox 2598 3155 2650 3195; x_wconf 86' lang='lat' dir='ltr'>et</span> 
     </span>
     <span class='ocr_line' id='line_1_38' title="bbox 424 3216 2648 3281; baseline -0.003 -12"><span class='ocrx_word' id='word_1_371' title='bbox 424 3219 609 3269; x_wconf 75' lang='lat' dir='ltr'>susttdit</span> <span class='ocrx_word' id='word_1_372' title='bbox 629 3219 663 3267; x_wconf 93' lang='lat' dir='ltr'>i.</span> <span class='ocrx_word' id='word_1_373' title='bbox 688 3233 731 3267; x_wconf 93' lang='lat' dir='ltr'>e.</span> <span class='ocrx_word' id='word_1_374' title='bbox 756 3219 917 3267; x_wconf 83' lang='lat' dir='ltr'>erexit</span> <span class='ocrx_word' id='word_1_375' title='bbox 940 3225 990 3266; x_wconf 86' lang='lat' dir='ltr'>et</span> <span class='ocrx_word' id='word_1_376' title='bbox 1013 3219 1271 3268; x_wconf 86' lang='lat' dir='ltr'>suscitavit</span> <span class='ocrx_word' id='word_1_377' title='bbox 1294 3218 1411 3267; x_wconf 87' lang='lat' dir='ltr'>ferri</span> <span class='ocrx_word' id='word_1_378' title='bbox 1433 3232 1585 3281; x_wconf 86' lang='lat' dir='ltr'>posse</span> <span class='ocrx_word' id='word_1_379' title='bbox 1608 3218 1744 3266; x_wconf 87' lang='lat' dir='ltr'>dicit.</span> <span class='ocrx_word' id='word_1_380' title='bbox 1790 3218 2152 3279; x_wconf 86' lang='lat' dir='ltr'>Dalecampius</span> <span class='ocrx_word' id='word_1_381' title='bbox 2188 3216 2418 3265; x_wconf 87' lang='lat' dir='ltr'>coniicit:</span> <span class='ocrx_word' id='word_1_382' title='bbox 2454 3216 2648 3264; x_wconf 79' lang='lat' dir='ltr'>artium·</span> 
     </span>
     <span class='ocr_line' id='line_1_39' title="bbox 426 3284 2649 3350; baseline -0.002 -16"><span class='ocrx_word' id='word_1_383' title='bbox 426 3303 528 3350; x_wconf 86' lang='lat' dir='ltr'>que.</span> <span class='ocrx_word' id='word_1_384' title='bbox 563 3286 901 3334; x_wconf 75' lang='lat' dir='ltr'>Facetissimus</span> <span class='ocrx_word' id='word_1_385' title='bbox 924 3285 1190 3335; x_wconf 81' lang='lat' dir='ltr'>Bibaculus</span> <span class='ocrx_word' id='word_1_386' title='bbox 1206 3285 1355 3349; x_wconf 81' lang='lat' dir='ltr'>paulo</span> <span class='ocrx_word' id='word_1_387' title='bbox 1377 3286 1543 3334; x_wconf 81' lang='lat' dir='ltr'>minus.</span> <span class='ocrx_word' id='word_1_388' title='bbox 1577 3284 1976 3334; x_wconf 78' lang='lat' dir='ltr'>Lucubrationum</span> <span class='ocrx_word' id='word_1_389' title='bbox 2000 3285 2083 3348; x_wconf 81' lang='lat' dir='ltr'>qui</span> <span class='ocrx_word' id='word_1_390' title='bbox 2097 3293 2209 3348; x_wconf 83' lang='lat' dir='ltr'>puto</span> <span class='ocrx_word' id='word_1_391' title='bbox 2231 3292 2282 3332; x_wconf 76' lang='lat' dir='ltr'>ut</span> <span class='ocrx_word' id='word_1_392' title='bbox 2304 3291 2412 3332; x_wconf 78' lang='lat' dir='ltr'>erat</span> <span class='ocrx_word' id='word_1_393' title='bbox 2444 3284 2649 3331; x_wconf 85' lang='lat' dir='ltr'>vocaba-</span> 
     </span>
     <span class='ocr_line' id='line_1_40' title="bbox 426 3348 2652 3416; baseline -0.002 -15"><span class='ocrx_word' id='word_1_394' title='bbox 426 3361 530 3412; x_wconf 78' lang='lat' dir='ltr'>tur5</span> <span class='ocrx_word' id='word_1_395' title='bbox 554 3352 857 3401; x_wconf 88' lang='lat' dir='ltr'>Salmasius:</span> <span class='ocrx_word' id='word_1_396' title='bbox 883 3350 1250 3402; x_wconf 75' lang='lat' dir='ltr'>lucubrationum</span> <span class='ocrx_word' id='word_1_397' title='bbox 1274 3371 1308 3401; x_wconf 90' lang='lat' dir='ltr'>a</span> <span class='ocrx_word' id='word_1_398' title='bbox 1332 3352 1522 3401; x_wconf 83' lang='lat' dir='ltr'>lucubro</span> <span class='ocrx_word' id='word_1_399' title='bbox 1546 3353 1630 3415; x_wconf 82' lang='lat' dir='ltr'>qui</span> <span class='ocrx_word' id='word_1_400' title='bbox 1643 3361 1693 3401; x_wconf 84' lang='lat' dir='ltr'>ut</span> <span class='ocrx_word' id='word_1_401' title='bbox 1696 3352 1880 3416; x_wconf 84' lang='lat' dir='ltr'>facula</span> <span class='ocrx_word' id='word_1_402' title='bbox 1904 3361 2084 3412; x_wconf 76' lang='lat' dir='ltr'>cerata,</span> <span class='ocrx_word' id='word_1_403' title='bbox 2111 3361 2154 3400; x_wconf 80' lang='lat' dir='ltr'>et</span> <span class='ocrx_word' id='word_1_404' title='bbox 2177 3360 2372 3400; x_wconf 80' lang='lat' dir='ltr'>vocatur</span> <span class='ocrx_word' id='word_1_405' title='bbox 2388 3367 2544 3414; x_wconf 83' lang='lat' dir='ltr'>panos</span> <span class='ocrx_word' id='word_1_406' title='bbox 2578 3348 2652 3398; x_wconf 84' lang='lat' dir='ltr'>vel</span> 
     </span>
     <span class='ocr_line' id='line_1_41' title="bbox 423 3416 2651 3483; baseline -0.002 -15"><span class='ocrx_word' id='word_1_407' title='bbox 423 3420 622 3483; x_wconf 82' lang='lat' dir='ltr'>phanes.</span> <span class='ocrx_word' id='word_1_408' title='bbox 658 3417 846 3467; x_wconf 79' lang='lat' dir='ltr'>Asserit</span> <span class='ocrx_word' id='word_1_409' title='bbox 881 3416 1042 3467; x_wconf 85' lang='lat' dir='ltr'>Varro</span> <span class='ocrx_word' id='word_1_410' title='bbox 1064 3420 1113 3467; x_wconf 79' lang='lat' dir='ltr'>in</span> <span class='ocrx_word' id='word_1_411' title='bbox 1134 3421 1312 3483; x_wconf 75' lang='lat' dir='ltr'>satyris</span> <span class='ocrx_word' id='word_1_412' title='bbox 1345 3418 1649 3483; x_wconf 77' lang='lat' dir='ltr'>sesquiulisse</span> <span class='ocrx_word' id='word_1_413' title='bbox 1671 3428 1716 3467; x_wconf 83' lang='lat' dir='ltr'>et</span> <span class='ocrx_word' id='word_1_414' title='bbox 1720 3419 2013 3483; x_wconf 75' lang='lat' dir='ltr'>flaxtabulis</span> <span class='ocrx_word' id='word_1_415' title='bbox 2023 3439 2041 3480; x_wconf 80' lang='grc'>,-</span> <span class='ocrx_word' id='word_1_416' title='bbox 2064 3419 2280 3467; x_wconf 88' lang='lat' dir='ltr'>Vossius</span> <span class='ocrx_word' id='word_1_417' title='bbox 2304 3420 2369 3466; x_wconf 84' lang='lat' dir='ltr'>ad</span> <span class='ocrx_word' id='word_1_418' title='bbox 2392 3417 2651 3468; x_wconf 90' lang='lat' dir='ltr'>Catullum</span> 
     </span>
     <span class='ocr_line' id='line_1_42' title="bbox 427 3484 2652 3549; baseline -0.001 -15"><span class='ocrx_word' id='word_1_419' title='bbox 427 3500 479 3548; x_wconf 88' lang='lat' dir='ltr'>p.</span> <span class='ocrx_word' id='word_1_420' title='bbox 505 3491 587 3534; x_wconf 87' lang='grc'><strong>32.</strong></span> <span class='ocrx_word' id='word_1_421' title='bbox 622 3485 927 3534; x_wconf 80' lang='lat' dir='ltr'>Facetissimi</span> <span class='ocrx_word' id='word_1_422' title='bbox 958 3484 1351 3534; x_wconf 78' lang='lat' dir='ltr'>lucubrationum.-</span> <span class='ocrx_word' id='word_1_423' title='bbox 1379 3495 1492 3548; x_wconf 86' lang='lat' dir='ltr'>puto</span> <span class='ocrx_word' id='word_1_424' title='bbox 1526 3487 1641 3549; x_wconf 82' lang='lat' dir='ltr'>quia</span> <span class='ocrx_word' id='word_1_425' title='bbox 1672 3486 1941 3537; x_wconf 79' lang='lat' dir='ltr'>Bibaculus</span> <span class='ocrx_word' id='word_1_426' title='bbox 1975 3495 2082 3535; x_wconf 85' lang='lat' dir='ltr'>erat</span> <span class='ocrx_word' id='word_1_427' title='bbox 2114 3495 2159 3535; x_wconf 83' lang='lat' dir='ltr'>et</span> <span class='ocrx_word' id='word_1_428' title='bbox 2181 3488 2460 3535; x_wconf 80' lang='lat' dir='ltr'>vocabatur.</span> <span class='ocrx_word' id='word_1_429' title='bbox 2495 3484 2652 3533; x_wconf 83' lang='lat' dir='ltr'>Paulo</span> 
     </span>
     <span class='ocr_line' id='line_1_43' title="bbox 429 3549 2650 3618; baseline -0 -18"><span class='ocrx_word' id='word_1_430' title='bbox 429 3553 567 3602; x_wconf 81' lang='lat' dir='ltr'>nimis</span> <span class='ocrx_word' id='word_1_431' title='bbox 589 3551 773 3601; x_wconf 79' lang='lat' dir='ltr'>adserit</span> <span class='ocrx_word' id='word_1_432' title='bbox 806 3550 967 3600; x_wconf 85' lang='lat' dir='ltr'>Varro</span> <span class='ocrx_word' id='word_1_433' title='bbox 991 3552 1040 3600; x_wconf 81' lang='lat' dir='ltr'>in</span> <span class='ocrx_word' id='word_1_434' title='bbox 1060 3552 1238 3618; x_wconf 77' lang='lat' dir='ltr'>satyris</span> <span class='ocrx_word' id='word_1_435' title='bbox 1260 3552 1360 3601; x_wconf 78' lang='lat' dir='ltr'>suis</span> <span class='ocrx_word' id='word_1_436' title='bbox 1376 3552 1688 3618; x_wconf 74' lang='lat' dir='ltr'>sesquiulysse</span> <span class='ocrx_word' id='word_1_437' title='bbox 1717 3563 1761 3604; x_wconf 79' lang='lat' dir='ltr'>et</span> <span class='ocrx_word' id='word_1_438' title='bbox 1793 3549 1870 3601; x_wconf 82' lang='grc' dir='ltr'>πλ</span> <span class='ocrx_word' id='word_1_439' title='bbox 1884 3549 1918 3601; x_wconf 83' lang='grc' dir='ltr'><em>ὰ</em></span> <span class='ocrx_word' id='word_1_440' title='bbox 1932 3550 1971 3610; x_wconf 76' lang='grc' dir='ltr'><em>ξ</em></span> <span class='ocrx_word' id='word_1_441' title='bbox 1992 3553 2179 3604; x_wconf 78' lang='lat' dir='ltr'>tabulis.</span> <span class='ocrx_word' id='word_1_442' title='bbox 2215 3553 2463 3602; x_wconf 82' lang='lat' dir='ltr'>Harduini</span> <span class='ocrx_word' id='word_1_443' title='bbox 2483 3567 2650 3600; x_wconf 87' lang='lat' dir='ltr'>ernen-</span> 
     </span>
     <span class='ocr_line' id='line_1_44' title="bbox 430 3619 2653 3681; baseline -0.002 -11"><span class='ocrx_word' id='word_1_444' title='bbox 430 3619 717 3670; x_wconf 87' lang='lat' dir='ltr'>dationibus</span> <span class='ocrx_word' id='word_1_445' title='bbox 750 3633 902 3681; x_wconf 89' lang='lat' dir='ltr'>supra</span> <span class='ocrx_word' id='word_1_446' title='bbox 931 3619 1148 3667; x_wconf 84' lang='lat' dir='ltr'>laudatis</span> <span class='ocrx_word' id='word_1_447' title='bbox 1179 3620 1351 3668; x_wconf 89' lang='lat' dir='ltr'>locum</span> <span class='ocrx_word' id='word_1_448' title='bbox 1375 3628 1607 3669; x_wconf 87' lang='lat' dir='ltr'>sanatum</span> <span class='ocrx_word' id='word_1_449' title='bbox 1632 3635 1740 3670; x_wconf 87' lang='lat' dir='ltr'>esse</span> <span class='ocrx_word' id='word_1_450' title='bbox 1773 3622 2024 3671; x_wconf 85' lang='lat' dir='ltr'>iudicabat</span> <span class='ocrx_word' id='word_1_451' title='bbox 2047 3623 2182 3671; x_wconf 85' lang='lat' dir='ltr'>Frid.</span> <span class='ocrx_word' id='word_1_452' title='bbox 2207 3621 2567 3670; x_wconf 87' lang='lat' dir='ltr'>Lachmannus</span> <span class='ocrx_word' id='word_1_453' title='bbox 2590 3621 2653 3667; x_wconf 87' lang='lat' dir='ltr'>de</span> 
     </span>
     <span class='ocr_line' id='line_1_45' title="bbox 429 3686 2652 3750; baseline -0.002 -13"><span class='ocrx_word' id='word_1_454' title='bbox 429 3688 656 3738; x_wconf 79' lang='lat' dir='ltr'>fontibus</span> <span class='ocrx_word' id='word_1_455' title='bbox 680 3687 811 3736; x_wconf 87' lang='lat' dir='ltr'>Livii</span> <span class='ocrx_word' id='word_1_456' title='bbox 828 3688 870 3736; x_wconf 94' lang='grc' dir='ltr'><strong>Ι.</strong></span> <span class='ocrx_word' id='word_1_457' title='bbox 892 3689 990 3745; x_wconf 89' lang='grc'><strong>37.,</strong></span> <span class='ocrx_word' id='word_1_458' title='bbox 1016 3686 1097 3735; x_wconf 86' lang='lat' dir='ltr'>cni</span> <span class='ocrx_word' id='word_1_459' title='bbox 1120 3693 1316 3736; x_wconf 85' lang='lat' dir='ltr'>tantum</span> <span class='ocrx_word' id='word_1_460' title='bbox 1334 3688 1474 3736; x_wconf 88' lang='lat' dir='ltr'>abest</span> <span class='ocrx_word' id='word_1_461' title='bbox 1497 3695 1555 3736; x_wconf 92' lang='lat' dir='ltr'>ut</span> <span class='ocrx_word' id='word_1_462' title='bbox 1578 3703 1674 3750; x_wconf 89' lang='lat' dir='ltr'>ego</span> <span class='ocrx_word' id='word_1_463' title='bbox 1699 3690 1955 3749; x_wconf 84' lang='lat' dir='ltr'>assentiar,</span> <span class='ocrx_word' id='word_1_464' title='bbox 1981 3698 2037 3738; x_wconf 89' lang='lat' dir='ltr'>ut</span> <span class='ocrx_word' id='word_1_465' title='bbox 2060 3705 2166 3740; x_wconf 90' lang='lat' dir='ltr'>rcm</span> <span class='ocrx_word' id='word_1_466' title='bbox 2191 3689 2440 3749; x_wconf 87' lang='lat' dir='ltr'>integram</span> <span class='ocrx_word' id='word_1_467' title='bbox 2464 3701 2491 3735; x_wconf 90' lang='lat' dir='ltr'>e</span> <span class='ocrx_word' id='word_1_468' title='bbox 2515 3686 2652 3740; x_wconf 86' lang='lat' dir='ltr'>codi-</span> 
     </span>
     <span class='ocr_line' id='line_1_46' title="bbox 431 3754 2655 3817; baseline 0 -14"><span class='ocrx_word' id='word_1_469' title='bbox 431 3757 573 3804; x_wconf 89' lang='lat' dir='ltr'>cibus</span> <span class='ocrx_word' id='word_1_470' title='bbox 605 3755 875 3817; x_wconf 80' lang='lat' dir='ltr'>petendam</span> <span class='ocrx_word' id='word_1_471' title='bbox 909 3768 1017 3801; x_wconf 86' lang='lat' dir='ltr'>esse</span> <span class='ocrx_word' id='word_1_472' title='bbox 1052 3754 1230 3814; x_wconf 81' lang='lat' dir='ltr'>quovis</span> <span class='ocrx_word' id='word_1_473' title='bbox 1263 3755 1475 3817; x_wconf 86' lang='lat' dir='ltr'>pignore</span> <span class='ocrx_word' id='word_1_474' title='bbox 1511 3758 1830 3806; x_wconf 89' lang='lat' dir='ltr'>contendam.</span> <span class='ocrx_word' id='word_1_475' title='bbox 1877 3759 1961 3807; x_wconf 87' lang='lat' dir='ltr'>Ex</span> <span class='ocrx_word' id='word_1_476' title='bbox 2001 3757 2187 3805; x_wconf 89' lang='lat' dir='ltr'>horum</span> <span class='ocrx_word' id='word_1_477' title='bbox 2222 3756 2375 3817; x_wconf 85' lang='lat' dir='ltr'>igitur</span> <span class='ocrx_word' id='word_1_478' title='bbox 2410 3756 2655 3817; x_wconf 79' lang='lat' dir='ltr'>scriptura</span> 
     </span>
     <span class='ocr_line' id='line_1_47' title="bbox 432 3821 2656 3885; baseline -0 -15"><span class='ocrx_word' id='word_1_479' title='bbox 432 3822 803 3871; x_wconf 82' lang='lat' dir='ltr'>accuratissime</span> <span class='ocrx_word' id='word_1_480' title='bbox 828 3827 1024 3868; x_wconf 85' lang='lat' dir='ltr'>servata</span> <span class='ocrx_word' id='word_1_481' title='bbox 1046 3821 1242 3871; x_wconf 90' lang='lat' dir='ltr'>Plinius</span> <span class='ocrx_word' id='word_1_482' title='bbox 1266 3822 1386 3870; x_wconf 88' lang='lat' dir='ltr'>dicit</span> <span class='ocrx_word' id='word_1_483' title='bbox 1408 3824 1673 3871; x_wconf 82' lang='lat' dir='ltr'>Romanos</span> <span class='ocrx_word' id='word_1_484' title='bbox 1715 3825 1979 3873; x_wconf 80' lang='lat' dir='ltr'>crassiores</span> <span class='ocrx_word' id='word_1_485' title='bbox 1999 3825 2030 3871; x_wconf 89' lang='lat' dir='ltr'>i.</span> <span class='ocrx_word' id='word_1_486' title='bbox 2052 3839 2094 3872; x_wconf 88' lang='lat' dir='ltr'>c.</span> <span class='ocrx_word' id='word_1_487' title='bbox 2116 3823 2464 3885; x_wconf 77' lang='lat' dir='ltr'>simplicioreS,</span> <span class='ocrx_word' id='word_1_488' title='bbox 2488 3823 2656 3870; x_wconf 91' lang='lat' dir='ltr'>minus</span> 
     </span>
     <span class='ocr_line' id='line_1_48' title="bbox 434 3887 2657 3951; baseline -0 -13"><span class='ocrx_word' id='word_1_489' title='bbox 434 3897 609 3938; x_wconf 89' lang='lat' dir='ltr'>tenues</span> <span class='ocrx_word' id='word_1_490' title='bbox 634 3888 687 3935; x_wconf 91' lang='lat' dir='ltr'>in</span> <span class='ocrx_word' id='word_1_491' title='bbox 709 3887 1118 3949; x_wconf 87' lang='lat' dir='ltr'>inscriptionibus</span> <span class='ocrx_word' id='word_1_492' title='bbox 1140 3889 1384 3938; x_wconf 87' lang='lat' dir='ltr'>librorum</span> <span class='ocrx_word' id='word_1_493' title='bbox 1409 3904 1617 3938; x_wconf 88' lang='lat' dir='ltr'>suorum</span> <span class='ocrx_word' id='word_1_494' title='bbox 1636 3891 1878 3951; x_wconf 87' lang='lat' dir='ltr'>eligendis</span> <span class='ocrx_word' id='word_1_495' title='bbox 1902 3891 2081 3950; x_wconf 81' lang='lat' dir='ltr'>fuisse;</span> <span class='ocrx_word' id='word_1_496' title='bbox 2108 3905 2283 3938; x_wconf 87' lang='lat' dir='ltr'>eorum</span> <span class='ocrx_word' id='word_1_497' title='bbox 2307 3889 2657 3947; x_wconf 86' lang='lat' dir='ltr'>facetissimos‚</span> 
     </span>
     <span class='ocr_line' id='line_1_49' title="bbox 435 3954 2657 4021; baseline 0 -17"><span class='ocrx_word' id='word_1_498' title='bbox 435 3957 521 4018; x_wconf 87' lang='lat' dir='ltr'>qui</span> <span class='ocrx_word' id='word_1_499' title='bbox 546 3955 701 4017; x_wconf 83' lang='lat' dir='ltr'>igitur</span> <span class='ocrx_word' id='word_1_500' title='bbox 726 3954 898 4015; x_wconf 80' lang='lat' dir='ltr'>aliqua</span> <span class='ocrx_word' id='word_1_501' title='bbox 923 3968 987 4003; x_wconf 87' lang='lat' dir='ltr'>ex</span> <span class='ocrx_word' id='word_1_502' title='bbox 1010 3956 1204 4005; x_wconf 87' lang='lat' dir='ltr'>ratione</span> <span class='ocrx_word' id='word_1_503' title='bbox 1228 3972 1343 4005; x_wconf 91' lang='lat' dir='ltr'>cum</span> <span class='ocrx_word' id='word_1_504' title='bbox 1370 3955 1578 4006; x_wconf 86' lang='lat' dir='ltr'>Graecis</span> <span class='ocrx_word' id='word_1_505' title='bbox 1602 3960 1880 4020; x_wconf 88' lang='lat' dir='ltr'>comparari</span> <span class='ocrx_word' id='word_1_506' title='bbox 1907 3965 2129 4021; x_wconf 88' lang='lat' dir='ltr'>possent,</span> <span class='ocrx_word' id='word_1_507' title='bbox 2154 3958 2315 4007; x_wconf 89' lang='lat' dir='ltr'>libros</span> <span class='ocrx_word' id='word_1_508' title='bbox 2340 3972 2460 4006; x_wconf 89' lang='lat' dir='ltr'>suos</span> <span class='ocrx_word' id='word_1_509' title='bbox 2484 3957 2657 4005; x_wconf 88' lang='lat' dir='ltr'>inscri-</span> 
     </span>
     <span class='ocr_line' id='line_1_50' title="bbox 436 4022 2659 4088; baseline -0.001 -15"><span class='ocrx_word' id='word_1_510' title='bbox 436 4024 594 4085; x_wconf 84' lang='lat' dir='ltr'>psisse</span> <span class='ocrx_word' id='word_1_511' title='bbox 616 4022 775 4070; x_wconf 88' lang='lat' dir='ltr'>libros</span> <span class='ocrx_word' id='word_1_512' title='bbox 799 4023 1171 4084; x_wconf 85' lang='lat' dir='ltr'>antiquitatum,</span> <span class='ocrx_word' id='word_1_513' title='bbox 1197 4024 1549 4087; x_wconf 83' lang='lat' dir='ltr'>exemplorum</span> <span class='ocrx_word' id='word_1_514' title='bbox 1576 4024 1872 4088; x_wconf 85' lang='lat' dir='ltr'>artiumque.</span> <span class='ocrx_word' id='word_1_515' title='bbox 1910 4025 1995 4074; x_wconf 88' lang='lat' dir='ltr'>Ab</span> <span class='ocrx_word' id='word_1_516' title='bbox 2019 4026 2100 4073; x_wconf 90' lang='lat' dir='ltr'>his</span> <span class='ocrx_word' id='word_1_517' title='bbox 2125 4024 2304 4073; x_wconf 89' lang='lat' dir='ltr'>transit</span> <span class='ocrx_word' id='word_1_518' title='bbox 2327 4025 2428 4073; x_wconf 89' lang='lat' dir='ltr'>iam</span> <span class='ocrx_word' id='word_1_519' title='bbox 2464 4024 2659 4074; x_wconf 87' lang='lat' dir='ltr'>Plinius</span> 
     </span>
     <span class='ocr_line' id='line_1_51' title="bbox 437 4089 2657 4154; baseline -0 -15"><span class='ocrx_word' id='word_1_520' title='bbox 437 4092 502 4139; x_wconf 80' lang='lat' dir='ltr'>ad</span> <span class='ocrx_word' id='word_1_521' title='bbox 525 4091 653 4137; x_wconf 89' lang='lat' dir='ltr'>duos</span> <span class='ocrx_word' id='word_1_522' title='bbox 687 4089 956 4151; x_wconf 87' lang='lat' dir='ltr'>scriptores</span> <span class='ocrx_word' id='word_1_523' title='bbox 997 4091 1296 4140; x_wconf 91' lang='lat' dir='ltr'>nominatim</span> <span class='ocrx_word' id='word_1_524' title='bbox 1329 4092 1582 4150; x_wconf 87' lang='lat' dir='ltr'>laudatos,</span> <span class='ocrx_word' id='word_1_525' title='bbox 1618 4091 1920 4141; x_wconf 86' lang='lat' dir='ltr'>Bibaculum</span> <span class='ocrx_word' id='word_1_526' title='bbox 1953 4100 2005 4141; x_wconf 90' lang='lat' dir='ltr'>et</span> <span class='ocrx_word' id='word_1_527' title='bbox 2037 4093 2339 4152; x_wconf 83' lang='lat' dir='ltr'>Varronem,</span> <span class='ocrx_word' id='word_1_528' title='bbox 2376 4093 2462 4154; x_wconf 89' lang='lat' dir='ltr'>qui</span> <span class='ocrx_word' id='word_1_529' title='bbox 2498 4093 2549 4141; x_wconf 87' lang='lat' dir='ltr'>in</span> <span class='ocrx_word' id='word_1_530' title='bbox 2584 4092 2657 4139; x_wconf 88' lang='lat' dir='ltr'>in-</span> 
     </span>
     <span class='ocr_line' id='line_1_52' title="bbox 436 4156 2658 4221; baseline 0 -15"><span class='ocrx_word' id='word_1_531' title='bbox 436 4156 792 4218; x_wconf 82' lang='lat' dir='ltr'>scriptionibus</span> <span class='ocrx_word' id='word_1_532' title='bbox 816 4157 1060 4219; x_wconf 85' lang='lat' dir='ltr'>eligendis</span> <span class='ocrx_word' id='word_1_533' title='bbox 1084 4158 1393 4220; x_wconf 87' lang='lat' dir='ltr'>ingeniosius</span> <span class='ocrx_word' id='word_1_534' title='bbox 1417 4160 1643 4218; x_wconf 88' lang='lat' dir='ltr'>luserint,</span> <span class='ocrx_word' id='word_1_535' title='bbox 1680 4168 1731 4208; x_wconf 91' lang='lat' dir='ltr'>ct</span> <span class='ocrx_word' id='word_1_536' title='bbox 1753 4161 1935 4208; x_wconf 88' lang='lat' dir='ltr'>horum</span> <span class='ocrx_word' id='word_1_537' title='bbox 1962 4161 2166 4221; x_wconf 87' lang='lat' dir='ltr'>quidem</span> <span class='ocrx_word' id='word_1_538' title='bbox 2200 4160 2505 4209; x_wconf 84' lang='lat' dir='ltr'>Bibaculum</span> <span class='ocrx_word' id='word_1_539' title='bbox 2540 4173 2658 4221; x_wconf 84' lang='lat' dir='ltr'>ope·</span> 
     </span>
     <span class='ocr_line' id='line_1_53' title="bbox 438 4226 2662 4290; baseline 0.001 -18"><span class='ocrx_word' id='word_1_540' title='bbox 438 4239 550 4273; x_wconf 89' lang='lat' dir='ltr'>rum</span> <span class='ocrx_word' id='word_1_541' title='bbox 584 4238 791 4273; x_wconf 84' lang='lat' dir='ltr'>suorum</span> <span class='ocrx_word' id='word_1_542' title='bbox 828 4241 983 4274; x_wconf 88' lang='lat' dir='ltr'>unum</span> <span class='ocrx_word' id='word_1_543' title='bbox 1021 4226 1328 4289; x_wconf 80' lang='lat' dir='ltr'>inscripsisse</span> <span class='ocrx_word' id='word_1_544' title='bbox 1361 4227 1793 4282; x_wconf 83' lang='lat' dir='ltr'>lucubrationem,</span> <span class='ocrx_word' id='word_1_545' title='bbox 1819 4228 2146 4290; x_wconf 83' lang='lat' dir='ltr'>probabiliter</span> <span class='ocrx_word' id='word_1_546' title='bbox 2170 4227 2288 4290; x_wconf 78' lang='lat' dir='ltr'>quia</span> <span class='ocrx_word' id='word_1_547' title='bbox 2312 4228 2588 4277; x_wconf 82' lang='lat' dir='ltr'>Bibaculus</span> <span class='ocrx_word' id='word_1_548' title='bbox 2612 4235 2662 4274; x_wconf 86' lang='lat' dir='ltr'>ct</span> 
     </span>
     <span class='ocr_line' id='line_1_54' title="bbox 439 4291 2661 4357; baseline 0 -16"><span class='ocrx_word' id='word_1_549' title='bbox 439 4291 591 4341; x_wconf 77' lang='lat' dir='ltr'>fucrit</span> <span class='ocrx_word' id='word_1_550' title='bbox 614 4300 665 4340; x_wconf 87' lang='lat' dir='ltr'>ct</span> <span class='ocrx_word' id='word_1_551' title='bbox 687 4303 895 4342; x_wconf 73' lang='lat' dir='ltr'>vocatus</span> <span class='ocrx_word' id='word_1_552' title='bbox 921 4295 998 4343; x_wconf 86' lang='lat' dir='ltr'>sit.</span> <span class='ocrx_word' id='word_1_553' title='bbox 1037 4293 1230 4354; x_wconf 84' lang='lat' dir='ltr'>Quodsi</span> <span class='ocrx_word' id='word_1_554' title='bbox 1255 4294 1451 4343; x_wconf 88' lang='lat' dir='ltr'>Plinius</span> <span class='ocrx_word' id='word_1_555' title='bbox 1477 4295 1578 4342; x_wconf 87' lang='lat' dir='ltr'>hoc</span> <span class='ocrx_word' id='word_1_556' title='bbox 1602 4294 1720 4342; x_wconf 81' lang='lat' dir='ltr'>loco</span> <span class='ocrx_word' id='word_1_557' title='bbox 1746 4296 1909 4343; x_wconf 87' lang='lat' dir='ltr'>minus</span> <span class='ocrx_word' id='word_1_558' title='bbox 1935 4296 2218 4344; x_wconf 75' lang='lat' dir='ltr'>duriuscule</span> <span class='ocrx_word' id='word_1_559' title='bbox 2245 4293 2381 4357; x_wconf 84' lang='lat' dir='ltr'>(vide</span> <span class='ocrx_word' id='word_1_560' title='bbox 2400 4296 2554 4344; x_wconf 80' lang='lat' dir='ltr'>vit-nm</span> <span class='ocrx_word' id='word_1_561' title='bbox 2576 4309 2661 4342; x_wconf 82' lang='lat' dir='ltr'>an-</span> 
     </span>
    </p>
   </div>
  </div>
 </body>
</html>
