2961 4861
866 332 1005 379 Lm.
1042 331 1137 377 vr.
1198 329 1353 378 cAr.
1388 329 1593 376 xxm.
1653 328 1852 376 sacr.
1879 330 1942 375 25.
1969 329 2032 373 κ.
2449 312 2573 376 437

327 485 574 572 phagos
617 480 837 549 Oritas
879 482 1161 567 propria,
1203 502 1331 546 non
1373 478 1683 545 Indorum
1721 478 1945 568 lingua
1985 477 2303 563 loquentis
2345 501 2464 567 per
2494 501 2573 546 oc

326 585 461 651 mil.
499 606 827 671 passuum.
872 582 1392 670 Ichthyophagos
1420 579 1626 646 omnis
1654 579 2030 646 Alexander
2056 580 2263 646 vetuit
2290 580 2575 666 piscibus

329 687 575 765 vivere3
629 685 863 751 deinde
905 706 1180 770 posuere
1223 682 1574 748 Arbiorum
1615 691 1874 770 gentem
1917 704 2037 767 per
2078 703 2155 747 cc
2198 682 2331 746 mil.
2388 680 2580 748 Ultra

333 787 605 865 deserta,
652 786 803 849 dein
848 781 1190 848 Carmania
1233 805 1311 846 ac
1352 781 1574 846 Persis
1619 792 1816 866 atque
1860 780 2124 846 Arabia.

354 901 363 908 ’
414 889 518 952 26.
565 885 699 952 Sed
740 887 1119 971 priusquam
1162 883 1517 971 generatim
1556 881 1718 948 haec
1759 904 2241 968 persequamur,
2293 882 2578 951 indicare
2605 902 2671 949 96

329 988 627 1055 convenit
681 1009 847 1071 quae
903 985 1121 1072 prodit
1163 982 1567 1049 Onesicritus
1628 985 1833 1048 classe
1889 981 2250 1049 Alexandri
2303 984 2578 1051 circum-

329 1100 554 1155 vectus
596 1089 664 1153 in
706 1086 1176 1151 mediterranea
1215 1082 1507 1148 Persidis
1552 1106 1633 1148 ex
1660 1081 1871 1160 India,
1914 1094 2172 1147 narrata
2200 1106 2512 1170 proxume
2542 1110 2582 1151 a

327 1189 520 1267 Iuba,
594 1187 827 1251 deinde
881 1209 1023 1251 eam
1075 1183 1587 1271 navigationem,
1652 1203 1817 1266 quae
1875 1182 1976 1246 his
2030 1183 2216 1246 annis
2275 1196 2581 1271 conperta

331 1299 622 1355 servatur
675 1285 884 1353 hodie.
955 1284 1305 1351 Onesicriti
1363 1294 1429 1348 et
1467 1283 1746 1348 Nearchi
1790 1283 2282 1371 navigatio-nec
2323 1287 2583 1351 nomina

328 1391 524 1456 habet
587 1390 987 1454 mansionum
1044 1407 1166 1452 nec
1235 1386 1475 1471 spatia,
1545 1385 1950 1470 primumque
2007 1383 2440 1470 Xylenepolis
2495 1387 2577 1453 ab

330 1492 706 1557 Alexandro
753 1489 1028 1565 condita,
1073 1487 1248 1552 unde
1293 1496 1604 1571 ceperunt
1634 1486 1988 1563 exordium,
2032 1486 2216 1550 iuxta
2243 1487 2417 1570 quod
2451 1486 2575 1552 flu-

328 1616 478 1658 men
520 1603 632 1657 aut
672 1592 785 1657 ubi
830 1590 1028 1654 fuerit
1068 1610 1197 1653 non
1242 1588 1394 1651 satis
1439 1586 1839 1671 explanatur.
1892 1586 2079 1652 Haec
2123 1597 2340 1653 tamen
2386 1590 2583 1678 digna
2609 1607 2672 1653 9⁷

330 1703 683 1759 memoratu
725 1691 1109 1777 prodentur:
1157 1686 1359 1751 Arbis
1402 1687 1712 1772 oppidum
1756 1709 1796 1751 a
1821 1685 2116 1753 Nearcho
2159 1689 2486 1755 conditum
2514 1691 2583 1755 in

330 1794 738 1879 navigatione
784 1813 878 1868 ea,
922 1788 1162 1853 flumen
1201 1786 1493 1852 Nabrum
1534 1787 1796 1851 navium
1841 1810 2067 1874 capax,
2116 1799 2335 1854 contra
2373 1790 2584 1855 insula

331 1895 577 1980 distans
632 1916 763 1955 Lxx
837 1888 1080 1967 stadia,
1150 1886 1554 1951 Alexandria
1606 1887 1862 1951 condita
1913 1909 1953 1951 a
2006 1888 2346 1955 Leonnato
2400 1890 2584 1957 iussu

328 1992 686 2059 Alexandri
740 1992 808 2055 in
859 1988 1095 2053 finibus
1138 1986 1381 2074 gentis,
1437 1986 1744 2074 Argenus
1787 1998 1982 2073 portu
2025 1989 2298 2066 salubri,
2342 1989 2583 2057 fiumen

330 2094 675 2159 Tonberon
731 2089 1128 2177 navigabile,
1191 2088 1361 2153 circa
1412 2088 1589 2172 quod
1640 2086 1938 2166 Pasirae3
1999 2088 2232 2155 deinde
2275 2090 2581 2178 Ichthyo-

329 2196 533 2281 phagi
579 2205 709 2258 tam
748 2194 942 2277 longo
990 2199 1195 2254 tractu
1239 2199 1312 2253 ut
1352 2212 1490 2252 xxx
1533 2188 1781 2253 dierum
1825 2188 2032 2274 spatio
2071 2193 2580 2278 praenavigave-

330 2297 490 2374 rint,
555 2293 764 2358 insula
829 2313 994 2375 quae
1069 2288 1237 2355 Solis
1301 2290 1661 2374 appellatur
1729 2299 1795 2353 et
1853 2290 2079 2354 eadem
2136 2290 2582 2379 Nympharum

334 2396 565 2474 cubile,
608 2394 866 2472 rubens,
907 2392 974 2458 in
1016 2412 1145 2476 qua
1187 2390 1434 2455 nullum
1474 2411 1604 2455 non
1647 2388 1880 2454 animal
1923 2391 2281 2476 apsumitur
2322 2393 2583 2462 incertis

336 2537 697 2605 lonyitudinem,
722 2528 936 2587 RGTd.
976 2530 1292 2598 lonyitudine,
1316 2527 1419 2596 βγ.
1446 2572 1510 2582 .-
1549 2531 1717 2592 XIX,
1742 2533 1806 2582 R.
1843 2531 2076 2594 XVIII,
2111 2525 2333 2585 OTKd.
2360 2575 2425 2585 ...
2463 2536 2581 2588 lati-

335 2605 564 2668 tudinem,
589 2598 800 2657 ΒθΤᾶ.
857 2601 1129 2661 latitudine,
1153 2596 1255 2664 βγ.
1295 2641 1359 2649 -
1396 2597 1626 2660 dimidia,
1653 2592 1709 2647 Θ.
1747 2641 1811 2649 -
1848 2599 2090 2662 minorem,
2116 2592 2330 2652 ΒθΤᾶ.
2378 2603 2583 2668 minore,

329 2669 434 2737 βγ.
473 2714 535 2723 -.
580 2672 802 2731 Ραείνεε,
826 2671 1003 2725 Hard„
1022 2667 1179 2729 Sires,
1212 2667 1375 2717 R'rd.
1422 2666 1592 2731 Syros,
1618 2668 1765 2716 codd.
1791 2667 2006 2718 Salmas.
2033 2684 2199 2718 exerc.
2223 2684 2274 2732 p.
2301 2676 2417 2721 828.
2442 2673 2490 2722 b.
2518 2672 2580 2724 0.

333 2738 524 2804 ScyroS,
548 2736 606 2802 β.
655 2781 717 2789 ..
769 2734 1161 2789 CXXXVIII.
1195 2727 1414 2784 ROTd.
1476 2732 1798 2796 CXXXIV,
1833 2748 1925 2799 ar.
1993 2733 2374 2800 CLXXXIII,
2405 2733 2464 2799 β.
2519 2780 2583 2790 -.

332 2804 730 2871 Ichthyophayos
760 2846 822 2854 -
854 2803 1037 2862 vivere,
1071 2795 1288 2863 ΒθΤᾶ,
1322 2803 1420 2852 nisi
1453 2805 1593 2865 quod
1626 2803 1699 2852 R¹
1734 2803 1890 2852 habet
1921 2801 2099 2863 vibere,
2136 2806 2170 2852 d
2201 2803 2382 2855 iubere.
2437 2806 2585 2857 Pone

332 2883 519 2935 yentem
547 2889 643 2937 per
681 2870 769 2920 CC
795 2869 892 2919 mil.
919 2871 1178 2919 collocant
1199 2865 1302 2933 βγ.
1342 2910 1406 2917 -.
1449 2867 1639 2928 deinde,
1663 2861 1886 2917 ROTd.
1922 2867 2049 2929 inde,
2072 2865 2173 2932 βγ.
2213 2911 2276 2920 ...
2311 2871 2583 2936 Arbiorum,

335 2940 425 2989 Τά
450 2937 622 3001 (codd.
648 2939 861 2988 Salmas.
889 2952 1055 2985 exerc.
1078 2950 1128 2997 p.
1156 2940 1269 2984 829.
1293 2937 1343 2984 b.
1370 2932 1460 2994 G.)
1485 2934 1762 2993 Arviorum,
1780 2936 1843 2983 R.
1869 2933 2181 2994 Arabiorum,
2201 2929 2258 2986 Θ.
2278 2977 2343 2986 .-
2368 2936 2579 3000 deserta,

333 3008 479 3056 codd.
505 3006 723 3056 Salmas.
750 3045 812 3053 -
839 3003 964 3062 dein,
989 2996 1190 3051 13er
1223 3000 1395 3064 (codd.
1421 2999 1665 3062 Salmas.)
1702 2998 1892 3061 deinde,
1916 2996 1960 3061 β
1966 3015 2016 3063 γ.
2045 3043 2108 3051 -.
2140 2999 2410 3065 Carmania,
2436 3007 2485 3055 d.
2515 3046 2580 3055 -.

333 3073 416 3134 ad,
442 3074 602 3123 RTd.
641 3081 702 3131 et,
729 3072 874 3120 codd.
900 3070 1115 3120 Salmas.
1142 3109 1205 3118 ...
1228 3066 1423 3127 Persis,
1442 3069 1493 3117 R
1517 3066 1689 3127 (codd.
1715 3066 1957 3131 Salmas.)
1993 3067 2200 3131 Persa-³,
2224 3072 2329 3120 Td.
2355 3112 2418 3121 ...
2443 3070 2582 3122 Ara-

334 3141 428 3202 bia,
455 3142 599 3189 codd.
625 3138 841 3189 Salmas.
877 3136 1142 3197 Arabiam,
1165 3136 1228 3185 R.
1263 3135 1483 3195 Arabae,
1509 3135 1614 3184 Td.

399 3210 428 3271 ξ
455 3214 535 3258 96.
571 3206 841 3271 yeneratim
864 3206 999 3263 haec,
1023 3204 1130 3252 Rd.
1178 3201 1296 3252 haec
1316 3201 1601 3269 yeneratim,
1631 3197 1733 3265 ssr.
1769 3243 1833 3252 -.
1879 3203 2111 3263 indicare,
2135 3206 2225 3254 R2.
2272 3204 2507 3266 indicari,
2532 3209 2581 3257 d.

335 3272 536 3335 dicturi,
559 3275 648 3323 R'.
686 3314 749 3322 -
785 3272 1155 3331 mediterranea,
1188 3272 1251 3320 R.
1305 3269 1671 3327 mediterraneo,
1696 3272 1744 3319 d.
1797 3270 2085 3330 meridiana,
2107 3273 2243 3322 Pint.
2295 3272 2372 3322 At
2392 3289 2439 3323 ν.
2466 3273 2580 3325 Sal-

331 3357 458 3392 mas.
485 3357 649 3391 exerc.
672 3357 723 3405 p.
750 3347 868 3391 830.
888 3355 933 3387 a.
957 3340 1018 3389 F.
1056 3378 1120 3386 .-.
1154 3336 1328 3396 India,
1353 3340 1386 3386 d
1410 3333 1585 3399 (codd.
1613 3333 1817 3398 Gelen.)
1852 3337 2015 3398 Indae,
2038 3340 2104 3388 R.
2141 3349 2184 3388 et
2203 3340 2401 3400 Indiae,
2425 3343 2491 3392 K.
2514 3382 2579 3392 ...

333 3407 520 3469 deinde,
538 3409 646 3457 Rd.
684 3408 813 3466 dein,
830 3401 932 3470 βγ.
963 3446 1019 3454 -
1050 3403 1377 3468 naviyatione,
1402 3407 1449 3454 d.
1476 3445 1540 3453 ...
1569 3404 1777 3465 nomina,
1796 3405 1859 3453 R.
1896 3420 2080 3467 nomen,
2099 3409 2147 3455 d.
2184 3408 2346 3457 omnia
2370 3408 2579 3471 nomina,

333 3475 499 3526 Geier.
524 3476 713 3538 scriptt.
737 3475 892 3525 Alex.
917 3474 989 3522 M.
1013 3487 1062 3535 p.
1090 3478 1170 3522 81.
1201 3477 1313 3520 104.
1351 3512 1414 3520 -
1450 3470 1797 3534 Exilenepolis,
1822 3474 1883 3522 R.
1920 3470 2283 3538 Exylenopolis,
2310 3475 2357 3524 d.

400 3540 429 3602 ξ
456 3546 537 3592 97.
566 3540 853 3619 prodentur,
876 3540 985 3589 Rd.
1026 3538 1316 3604 produntur,
1339 3533 1440 3603 βγ.
1476 3577 1540 3585 -
1573 3537 1750 3600 Arbis,
1775 3539 1933 3589 Hard.
1979 3540 2057 3590 Ab
2081 3538 2179 3602 his,
2202 3542 2365 3591 RTd.
2411 3541 2579 3602 Abies,

337 3603 396 3657 θ.
441 3609 503 3657 ab
536 3624 619 3667 eis,
643 3603 687 3668 β
715 3610 780 3656 ad
805 3608 1063 3671 superiora
1093 3606 1329 3655 referens.
1368 3646 1432 3654 -
1469 3621 1542 3666 ea,
1568 3607 1618 3653 d.
1655 3614 1716 3666 et,
1741 3606 1805 3655 R.
1845 3647 1908 3655 -
1944 3605 2171 3665 Nabrim,
2194 3610 2300 3658 Rd.
2340 3650 2403 3658 .-
2441 3609 2578 3658 insu·

335 3672 449 3735 lam,
486 3676 534 3724 d.
589 3673 781 3734 insula,
813 3675 878 3723 R.
925 3714 988 3722 -
1041 3673 1236 3723 condita
1263 3714 1326 3722 -.
1354 3670 1644 3722 Alexandri
1677 3674 1841 3722 omitt.
1874 3675 1974 3723 13¹.
2019 3715 2082 3723 -
2136 3672 2391 3737 Leunato,
2425 3677 2474 3725 d.
2513 3716 2578 3725 -

327 3741 482 3807 qentis
505 3740 731 3791 Arianae
747 3759 816 3806 p.,
840 3741 1154 3791 Freinshem.
1188 3741 1252 3789 ad
1278 3740 1416 3790 Curt.
1442 3741 1537 3788 IX.
1567 3747 1645 3801 10,
1675 3744 1719 3789 7.
1758 3781 1821 3788 ..
1868 3739 2140 3806 Aryenuus,
2165 3744 2270 3791 Rd.
2308 3783 2372 3793 -.
2404 3753 2579 3807 portus

331 3807 566 3870 salubris,
593 3801 650 3856 θ.
688 3848 750 3857 .-
797 3805 1059 3867 Tonberon,
1082 3809 1154 3856 ita
1176 3821 1271 3856 nos
1294 3808 1585 3870 scripsimus
1609 3808 1725 3856 coll.
1752 3806 1781 3866 ἓ
1809 3813 1888 3857 93.
1944 3807 1994 3856 T
1985 3809 2221 3869 omberon,
2252 3801 2309 3859 θ.
2354 3809 2577 3861 Tombre-

332 3893 451 3938 rum,
476 3876 540 3925 Τ.
585 3874 904 3936 Tonbrerum,
930 3876 1036 3923 Rd.
1081 3874 1132 3923 T
1124 3873 1396 3934 ormerium‚
1422 3877 1569 3924 codd.
1594 3874 1809 3925 Salmas.
1836 3889 1998 3923 exerc.
2025 3890 2073 3937 p.
2101 3881 2215 3926 828.
2239 3878 2289 3926 b.
2315 3878 2376 3927 F.
2423 3877 2577 3927 Tube-

330 3959 455 4004 rum,
478 3937 522 4003 β
530 3954 579 4005 γ.
625 3940 888 4002 Tomerum‚
922 3939 1139 3991 Salmas.
1177 3982 1240 3991 .-
1277 3940 1411 3991 circa
1436 3941 1578 4003 quod,
1602 3942 1856 3991 RTKdr.
1904 3942 2034 4004 quod
2056 3941 2205 4004 circa,
2227 3938 2286 4004 β.
2323 3984 2386 3994 ..
2423 3943 2577 3994 Pasi-

333 4026 439 4071 rae,
464 4010 621 4059 Hard.
674 4007 914 4069 Parirae,
938 4003 1180 4068 R²Tdss.
1233 4007 1460 4067 Perirae,
1486 4010 1576 4057 Rl.
1615 4049 1677 4057 -
1714 4008 1909 4066 XXX,
1943 4001 2156 4059 ROTd.
2209 4010 2344 4070 XX,
2368 4005 2472 4076 βγ.
2510 4052 2575 4062 ..-

326 4078 760 4143 praenaviyarent‚
794 4076 902 4125 Td.
951 4116 1014 4124 -
1059 4075 1226 4136 insule,
1260 4076 1349 4123 R'.
1403 4076 1609 4137 insulae,
1644 4077 1692 4124 d.
1745 4074 1929 4136 insula,
1961 4077 2051 4126 R2.
2101 4117 2164 4125 -
2208 4077 2392 4139 eadem,
2426 4080 2573 4128 codd.

333 4144 552 4195 Salmas.
588 4159 750 4194 exerc.
784 4157 834 4205 p.
872 4149 986 4193 830.
1019 4144 1068 4192 b.
1100 4143 1168 4192 A.
1223 4143 1397 4203 eodem,
1422 4141 1586 4193 RTd.
1625 4183 1687 4193 -,
1725 4140 2062 4206 Nympharum
2083 4143 2258 4203 cubile,
2282 4146 2373 4195 Rd
2399 4142 2573 4207 (codd.

334 4208 578 4273 Salmas.)
640 4209 794 4261 cubile
827 4208 1177 4277 Nympharum,
1205 4204 1306 4273 βγ.
1367 4212 1473 4259 cub.
1506 4207 1766 4274 Nymphae
1800 4208 2038 4261 Nereidi-3
2071 4213 2154 4262 vel
2185 4212 2287 4265 cub.
2322 4210 2576 4275 Nereida,

334 4278 469 4328 Pint.
496 4279 560 4327 ad
582 4278 825 4329 Melsm.
854 4281 899 4340 7,
927 4284 974 4328 8.
1012 4318 1072 4327 -..
1111 4293 1220 4340 quo,
1244 4279 1292 4327 d.
1333 4319 1393 4327 ..-
1431 4278 1710 4339 assumitur,
1736 4279 1782 4327 d.
