2961 4861
429 335 623 381 XXXII
1363 333 1739 378 PRAEFATIO.

427 489 505 548 ad
560 486 659 563 12,
711 486 817 549 44.
870 482 1029 571 52.),
1069 489 1141 548 de
1184 506 1301 562 quo
1340 507 1474 548 cum
1513 507 1631 547 non
1674 489 1818 546 satis
1857 493 2102 561 constet,
2154 489 2334 549 Plinii
2370 509 2447 550 an
2490 492 2689 555 Solini

429 600 615 659 codex
664 599 738 658 sit
773 598 1221 675 intelligendus3
1270 604 1339 656 ut
1375 604 1573 655 tamen
1625 597 1697 656 de
1734 594 1934 656 Plinio
1983 597 2337 673 cogitemus,
2387 604 2687 678 posterior

424 710 592 769 locus
634 710 793 769 facit.
851 709 925 767 In
964 708 1305 766 universum
1348 725 1493 766 vero
1532 714 1671 765 sunt
1706 707 1962 765 notanda
2003 709 2149 767 haec
2178 707 2453 769 Salmasii
2479 730 2679 771 exerc.

422 839 483 896 p.
517 814 661 879 755.
691 821 905 877 verba:
938 836 1134 894 „quae
1163 817 1419 876 vidimus
1449 816 1812 892 exemplaria
1839 817 2231 892 posteriorum
2268 819 2448 879 Plinii
2488 821 2677 880 libro-

421 946 578 1000 rum,
606 928 933 986 recentiora
959 926 1182 984 fuere.”

507 1038 780 1096 Incertus
808 1039 1042 1109 haere0,
1073 1037 1215 1113 quid
1245 1037 1432 1096 dicam
1462 1037 1536 1094 de
1565 1054 1636 1093 eo
1666 1037 1865 1095 codice
1894 1036 2106 1109 Plinii,
2137 1055 2312 1112 quem
2339 1040 2613 1100 Bodaeus
2639 1063 2678 1100 a

423 1147 626 1223 Stapel
643 1146 705 1205 in
725 1147 975 1206 editione
997 1146 1392 1223 Theophrasti
1411 1146 1687 1204 historiae
1707 1148 2043 1221 plantarum
2065 1165 2218 1205 anno
2244 1143 2429 1206 1644.
2456 1152 2677 1210 emissa

423 1257 919 1315 commemoravit.
975 1254 1134 1315 Nam
1163 1275 1296 1317 cum
1327 1255 1639 1330 aliquoties
1668 1255 1974 1330 antiquum
2002 1255 2182 1314 Plinii
2212 1257 2470 1315 codicem
2501 1277 2669 1317 com-

421 1376 707 1426 memoret
733 1360 824 1445 (p.
858 1362 961 1426 23.
991 1367 1068 1424 ad
1095 1366 1254 1423 Plin.
1288 1361 1390 1437 16,
1424 1361 1590 1436 186.,
1621 1384 1681 1440 p.
1713 1360 1815 1424 98.
1849 1360 1949 1422 99.
1982 1365 2059 1422 ad
2085 1363 2242 1423 Plin.
2269 1362 2371 1438 13,
2396 1363 2500 1427 28.
2533 1363 2672 1449 29.)

421 1494 669 1552 eumque
689 1477 985 1535 Venetum
1005 1475 1160 1534 dicat
1180 1467 1270 1555 (p.
1302 1471 1406 1533 24.
1435 1474 1511 1532 ad
1538 1473 1698 1531 Plin.
1724 1469 1825 1546 22,
1861 1470 1983 1545 97„
2014 1493 2075 1550 p.
2101 1470 2244 1534 187.
2274 1476 2350 1532 ad
2377 1475 2537 1535 Plin.
2563 1472 2666 1551 15,

425 1579 626 1665 134.),
666 1586 805 1661 quin
858 1586 1005 1643 adeo
1054 1584 1523 1658 antiquissimum
1577 1582 1872 1642 Venetum
1925 1576 2015 1663 (p.
2064 1579 2205 1643 184.
2247 1584 2323 1641 ad
2360 1582 2522 1645 Plin.
2566 1583 2671 1659 16,

424 1688 581 1774 66.),
610 1714 819 1755 rursus
847 1714 908 1773 p.
940 1690 1085 1754 201.
1118 1695 1334 1754 diserte
1365 1695 1438 1752 de
1478 1693 1882 1768 antiquissima
1917 1692 2150 1751 Veneta
2186 1693 2436 1752 editione
2475 1696 2670 1770 loqui-

419 1813 538 1877 tur,
571 1812 639 1863 ut
664 1807 918 1863 nesciam
947 1824 1024 1862 an
1051 1803 1152 1862 ille
1191 1805 1378 1863 codex
1421 1802 1652 1880 saepius
1691 1802 1967 1862 laudatus
2005 1821 2124 1861 non
2165 1803 2241 1861 sit
2280 1802 2549 1864 diversus
2590 1808 2669 1864 ab

420 1914 668 1972 editione
694 1913 947 1971 Veneta.

504 2024 720 2081 Postea
759 2024 859 2099 qui
897 2029 1124 2099 partem
1167 2030 1323 2081 certe
1360 2023 1646 2081 naturalis
1684 2023 1961 2082 historiae
2006 2024 2065 2082 in
2103 2024 2349 2083 editione
2384 2023 2662 2084 Leidensi

419 2134 563 2191 anni
593 2128 779 2191 1669.
811 2132 1059 2206 egregiis
1087 2133 1364 2190 instruxit
1391 2130 1847 2204 commentariis,
1876 2122 2118 2192 Ioannes
2140 2135 2480 2193 Friderz’cus
2508 2134 2666 2192 Gro-

417 2246 637 2314 novius,
667 2241 776 2300 hos
807 2242 883 2299 ad
911 2242 1357 2299 conscribendos
1385 2248 1617 2317 praeter
1642 2242 2002 2300 Vossianum
2033 2239 2171 2318 (V),
2212 2245 2284 2301 de
2328 2261 2445 2317 quo
2484 2260 2667 2319 supra

418 2352 636 2411 dictum
667 2358 776 2423 est,
808 2359 1087 2427 quattuor
1115 2351 1365 2409 aliorum
1395 2351 1657 2409 codicum
1687 2351 1976 2426 excerptis
2007 2357 2098 2409 est
2124 2369 2289 2423 usne,
2319 2352 2665 2411 Academici

416 2457 539 2542 (δ),
569 2461 1021 2537 Andegavensis
1052 2455 1178 2541 (θ),
1212 2459 1471 2519 Gudiani
1502 2458 1613 2539 (ρ),
1642 2461 1979 2537 Menapiani
2002 2453 2132 2540 (φ).
2178 2461 2260 2519 Et
2279 2456 2663 2522 Academicus

413 2572 644 2647 quidem
667 2572 884 2629 Leidae
908 2579 1173 2629 servatus
1197 2589 1420 2641 omnes,
1441 2576 1512 2627 ut
1532 2570 1783 2642 videtur,
1806 2571 1989 2629 libros
2014 2571 2309 2643 continuit,
2341 2589 2477 2630 cum
2500 2570 2657 2630 Gro-

413 2680 620 2738 novius
650 2681 773 2737 eius
802 2680 1144 2737 auctoritate
1171 2688 1230 2736 et
1257 2680 1333 2737 ad
1357 2680 1573 2737 librum
1599 2677 1745 2736 VII.
1776 2684 1836 2735 et
1861 2679 1938 2736 ad
1967 2677 2274 2737 XXXVI.
2316 2687 2518 2738 utatur
2559 2679 2651 2760 (V.

413 2787 679 2848 Gronov.
710 2790 784 2846 ad
812 2787 1087 2845 XXXV.
1120 2782 1246 2866 8.);
1298 2787 1749 2863 Andeqavensz'S,
1785 2797 1990 2863 postea
2026 2788 2377 2862 Vossianu8‚
2419 2790 2535 2847 iam
2578 2791 2657 2848 ad

409 2898 624 2957 librum
664 2898 807 2969 XI.,
857 2917 895 2954 a
933 2895 1238 2955 Gronovio
1288 2896 1348 2962 in
1400 2894 1803 2967 „inserendis”
1856 2899 1930 2956 ad
1980 2897 2162 2955 XXI.
2217 2895 2317 2956 12.
2356 2898 2653 2957 laudatur.
2741 2883 2744 2888 ’

405 3008 641 3067 Desinit
666 3008 788 3066 fere
816 3027 949 3067 cum
976 3007 1092 3065 fine
1119 3006 1255 3064 libri
1280 3004 1593 3076 XXXH.;
1635 3027 1691 3064 v.
1725 3005 1990 3066 Gronov.
2022 3008 2097 3065 ad
2139 3008 2446 3068 XXVIII.
2479 3029 2529 3068 c.
2562 3006 2651 3080 5.,

406 3119 508 3192 qui
536 3136 783 3192 magnas
813 3118 1039 3193 aliquot
1065 3117 1125 3175 in
1154 3135 1224 3174 eo
1252 3117 1493 3174 lacunas
1533 3118 1780 3189 notavit,
1823 3134 2037 3191 easque
2074 3137 2110 3174 a
2152 3118 2267 3175 fine
2302 3119 2439 3177 libri
2465 3118 2651 3177 XXI.

406 3244 456 3284 c.
499 3222 597 3284 12.
643 3244 828 3302 usque
866 3228 941 3285 ad
981 3226 1113 3284 libri
1150 3225 1365 3283 XXII.
1406 3244 1459 3283 c.
1504 3222 1607 3284 22.
1621 3267 1641 3296 ,
1681 3225 1886 3283 deinde
1922 3226 1983 3284 in
2018 3226 2155 3284 libri
2195 3226 2438 3285 XXIII.
2494 3246 2544 3286 c.
2587 3225 2646 3286 1.

403 3327 659 3413 (reliqua
688 3338 748 3391 in
777 3353 1058 3393 commune
1087 3338 1347 3392 dicentur
1373 3352 1564 3408 usque
1592 3336 1668 3393 ad
1697 3338 1882 3393 verba
1907 3340 2084 3395 oeulis
2113 3356 2333 3412 quoque
2362 3340 2458 3396 illo
2485 3340 2650 3396 modo

403 3442 855 3512 saluberrimum,
884 3451 1017 3517 post
1046 3460 1196 3516 quae
1225 3422 1758 3517 quidem‘librarius
1797 3445 1987 3501 denuo
2032 3446 2281 3512 scribere
2317 3446 2601 3520 instituit)
2630 3467 2644 3516 ;

265 3593 279 3604 .
402 3560 530 3608 tum
572 3549 881 3607 XXVIII.
927 3568 977 3608 c.
1022 3549 1080 3610 7.
1121 3553 1273 3609 sistit
1314 3553 1452 3608 odor
1488 3555 1719 3626 qravz‘or
1762 3556 1838 3612 sit
1876 3564 1938 3611 ut
1969 3557 2068 3630 ple
2111 3573 2299 3630 usque
2337 3557 2413 3613 ad
2455 3574 2506 3613 c.
2541 3553 2643 3615 11.

401 3671 748 3720 contractum
787 3670 849 3717 ut
886 3662 1176 3736 confestim
1214 3661 1529 3719 collecentur
1569 3665 1698 3720 vino
1714 3685 1735 3729 ‚-
1791 3663 1875 3720 sic
1917 3664 2071 3721 enim
2111 3665 2417 3738 utrobique
2443 3664 2644 3723 habet.

401 3753 631 3828 Iterum
665 3770 861 3827 deficit
897 3768 1112 3826 XXX.
1155 3787 1205 3826 c.
1252 3764 1352 3827 12.
1391 3772 1587 3830 tubera
1625 3781 1677 3829 et
1717 3791 2081 3848 quaecunque
2136 3776 2348 3832 molliri
2387 3794 2530 3850 opus
2569 3779 2647 3834 sit

401 3881 638 3955 efficacis
665 3895 853 3952 usque
880 3878 954 3937 ad
986 3896 1037 3935 c.
1069 3873 1170 3936 13.
1200 3882 1382 3937 muris
1418 3898 1545 3938 cum
1587 3883 1743 3938 melle
1782 3890 1884 3939 aut
1923 3901 2053 3940 cum
2090 3885 2359 3941 vermium
2389 3892 2642 3943 terreno-

402 4008 532 4046 rum
562 3989 665 4064 qui
691 3998 744 4046 et
773 4006 904 4047 ossa
932 3989 1201 4047 extrahit.
1247 3987 1460 4046 Denuo
1489 3987 1701 4047 lacuna
1727 3988 1769 4047 l.
1817 3989 2063 4049 XXXI.
2104 3987 2164 4050 3.
2193 3995 2505 4069 fodiuntur
2541 4014 2643 4053 ae-

404 4098 628 4156 stuaria
659 4117 803 4172 quae
840 4117 948 4173 qra
984 4115 1174 4172 usque
1213 4097 1288 4154 ad
1319 4116 1369 4155 c.
1413 4093 1470 4156 6.
1500 4100 1711 4174 secisse
1733 4108 1867 4176 post
1894 4104 2243 4160 consulatum
2271 4107 2640 4161 meminimus.

401 4205 534 4267 Nisi
574 4205 771 4264 omnia
806 4206 1050 4279 fallunt,
1089 4209 1245 4265 idem
1282 4213 1373 4265 est
1414 4208 1620 4278 codex,
1651 4208 1750 4282 qui
1787 4210 2025 4268 nuncin
2056 4212 2325 4288 catalogo
2354 4214 2636 4272 librorum

980 4503 1023 4528 “x
