2961 4861
1216 353 1594 397 PRAEFATIO.
2348 355 2431 396 Lx
2437 356 2527 396 vn
2571 350 2576 355 “

286 507 449 566 mina
474 504 868 583 geographica
894 505 1175 566 librorum
1202 507 1359 568 tertii
1385 513 1445 565 et
1471 508 1650 566 trium
1677 505 2101 583 proximorum.
2154 507 2386 566 Horum
2415 527 2526 567 no-

283 618 507 675 minum
528 615 750 693 duplex
769 623 861 676 est
883 616 1067 687 ratio;
1091 616 1306 676 etenim
1328 633 1515 675 unum
1536 633 1742 674 eorum
1759 633 1947 692 genus
1967 615 2143 674 etiam
2163 615 2224 674 in
2244 616 2378 675 aliis
2397 615 2527 677 fon-

280 726 443 785 tibus
470 725 779 800 utriusque
806 724 1065 801 linguae,
1094 731 1164 783 ut
1188 724 1688 801 inscriptiom‘bus,
1723 724 1930 797 titulis,
1947 725 2178 799 'numis‚
2207 725 2525 799 invenitur,

281 852 536 910 quorum
564 852 675 910 ope
706 835 1075 909 corruptelae
1101 835 1164 892 in
1192 833 1262 893 iis
1294 835 1505 893 obviae
1532 833 1830 894 emendari
1865 841 2187 911 potuerunt
2227 844 2288 893 et
2311 852 2528 911 magna

279 961 359 1002 ex
386 949 558 1020 parte
584 943 703 1001 iam
723 943 798 1002 ab
818 943 950 1002 aliis
971 943 1114 1002 viris
1134 944 1323 1003 doctis
1343 944 1682 1002 emendatae
1705 949 1874 1013 sunt3
1904 943 2159 1002 alterum
2182 947 2277 1002 est
2297 960 2525 1015 eorum,

278 1071 537 1132 quorum
577 1062 816 1129 praeter
852 1051 1117 1111 Plinium
1155 1072 1326 1111 nemo
1365 1052 1524 1111 alius
1572 1052 1919 1129 scriptorum
1971 1052 2325 1111 mentionem
2347 1051 2524 1125 iacit,

279 1162 341 1220 id
369 1163 529 1237 quod
556 1162 812 1220 maxime
839 1161 901 1219 in
928 1162 1256 1221 nominibus
1284 1161 1552 1221 barbaris
1581 1179 1695 1220 usu
1724 1162 1904 1220 venit.
1950 1159 2115 1234 Quae
2139 1164 2244 1223 ubi
2269 1163 2332 1221 in
2362 1162 2525 1222 eodi-

278 1272 446 1330 cibus
474 1280 534 1330 et
560 1271 910 1330 editionibus
939 1270 1196 1348 vulgatis
1226 1270 1348 1330 sine
1374 1270 1643 1330 lectionis
1688 1271 1969 1329 varietate
2009 1270 2380 1348 legebantur,
2430 1272 2525 1331 in-

274 1389 439 1441 tacta
466 1380 795 1455 ea'reliqui,
826 1380 1095 1455 quamvis
1122 1381 1338 1439 miram
1365 1397 1511 1456 prae
1540 1366 1612 1439 se'
1630 1379 1880 1438 ferentia
1918 1381 2199 1458 speciem3
2237 1383 2341 1440 ubi
2382 1400 2526 1440 vero

273 1492 341 1549 in
382 1489 514 1548 aliis
548 1489 717 1548 libris
758 1490 877 1549 alia
912 1491 1242 1564 exstabant,
1283 1491 1634 1565 plerumque
1664 1489 2012 1566 scripturam
2041 1490 2351 1566 vulgatam
2381 1486 2444 1571 (β
2457 1485 2525 1571 γ)

274 1599 512 1672 retinui,
555 1599 806 1659 maxime
844 1601 898 1661 si
932 1618 1005 1658 ea
1043 1599 1328 1671 codicum,
1357 1597 1498 1658 licet
1525 1599 1899 1671 deteriorum,
1929 1600 2272 1658 auctoritate
2299 1598 2525 1658 niteba-

274 1717 398 1769 tur.
461 1707 892 1768 Mutationibus
939 1707 1312 1785 potissimum
1360 1714 1676 1784 propterea
1723 1705 2132 1765 abstinendum
2180 1709 2403 1782 putavi,
2451 1727 2528 1766 ne

274 1819 532 1877 lectores
560 1824 766 1877 vetera
793 1823 854 1875 et
880 1816 1124 1892 vulgata
1151 1816 1390 1875 nomina
1414 1814 1642 1873 frustra
1669 1815 1998 1888 quaerendo
2026 1815 2270 1873 nimium
2297 1823 2528 1891 pertur-

273 1930 588 1996 barentur3
620 1932 937 2002 praeterea
962 1943 1173 2001 parum
1198 1923 1423 1983 referre
1452 1923 1784 1996 videbatur,
1823 1922 1968 1983 haec
1994 1943 2072 1983 an
2097 1924 2205 1983 illa
2233 1925 2527 2001 scriptura

271 2037 340 2096 in
383 2035 563 2094 Plinii
600 2035 864 2092 oratione
900 2034 1211 2110 legeretur,
1250 2051 1506 2108 quarum
1545 2041 1754 2092 neutra
1780 2041 1939 2092 certo
1965 2034 2167 2110 aliquo
2194 2034 2525 2095 testimonio

276 2146 581 2223 gauderet.
627 2144 758 2202 Iam
789 2143 1024 2218 quidem
1052 2143 1290 2201 minime
1309 2144 1513 2202 dubito
1541 2143 1731 2202 multa
1750 2141 1963 2202 horum
2006 2144 2308 2203 nominum
2329 2164 2525 2204 emen-

274 2256 410 2315 dari
434 2274 472 2313 a
498 2273 592 2313 me
618 2253 906 2332 potuisse,
937 2269 1072 2312 eum
1096 2253 1157 2311 in
1184 2252 1276 2311 his
1303 2252 1479 2311 rebus
1509 2271 1665 2312 nunc
1691 2252 1951 2311 maxime
1980 2254 2104 2312 dies
2132 2255 2289 2312 diem
2318 2255 2526 2314 doceat

274 2374 339 2424 et
375 2382 604 2443 semper
643 2363 809 2422 numi
848 2364 946 2422 vel
983 2363 1140 2422 tituli
1174 2363 1543 2440 detegantur,
1573 2363 1730 2420 unde
1757 2362 1974 2422 talibus
2002 2364 2338 2423 nominibus
2366 2381 2524 2444 nova

275 2475 388 2533 lux
424 2475 667 2533 oriatur.
732 2472 852 2534 Sed
889 2474 1035 2534 haec
1077 2474 1277 2532 omnia
1314 2472 1802 2549 comprehendere
1838 2491 2036 2531 meum
2063 2492 2184 2530 non
2211 2479 2357 2544 erat,
2388 2492 2523 2532 cum

273 2583 574 2643 itineraria
609 2592 670 2642 et
709 2583 891 2641 diaria
929 2583 1107 2641 huius
1135 2582 1363 2657 generis
1391 2599 1583 2657 pauca
1608 2582 1783 2640 modo
1811 2581 1971 2639 adire
1999 2582 2203 2641 liceret
2241 2589 2302 2640 et
2338 2583 2522 2641 otium

274 2693 357 2752 ad
398 2693 548 2751 tales
587 2681 767 2751 libros
783 2734 802 2765 ‚
847 2692 896 2750 si
931 2692 1179 2764 adsunt,
1225 2689 1588 2750 evolvendos
1628 2695 1690 2749 et
1725 2709 1899 2767 saepe
1938 2692 2064 2750 sine
2090 2691 2288 2751 fructu
2314 2692 2519 2768 perlu-

274 2802 549 2860 strandos
577 2801 722 2860 mihi
748 2819 868 2859 non
896 2805 1255 2878 suppeteret.
1297 2800 1371 2857 In
1399 2799 1505 2857 tali
1525 2817 1720 2876 opere,
1750 2799 1942 2876 qualis
1963 2807 2056 2859 est
2074 2800 2252 2860 Plinii
2278 2808 2518 2861 natura-

270 2911 346 2969 lis
382 2912 651 2983 historia,
704 2908 911 2971 Gothii
955 2915 1331 2988 praeceptum
1381 2909 1873 2987 sapientissimum
1924 2910 1998 2967 de
2047 2910 2163 2968 fine
2198 2911 2518 2986 aliquando

272 3019 544 3079 faciendo
573 3029 664 3079 est
689 3020 1026 3082 tenendum.

358 3128 433 3187 In
472 3129 815 3190 coniecturis
852 3131 1032 3206 igitur
1072 3131 1170 3189 vel
1197 3129 1493 3189 veteribus
1522 3128 1824 3186 servandis
1854 3127 1951 3185 vel
1979 3127 2146 3185 novis
2173 3126 2517 3203 recipiendis

270 3240 552 3312 maxima,
591 3241 678 3299 uti
712 3259 824 3316 par
861 3240 994 3312 fuit,
1024 3239 1293 3298 cautione
1322 3237 1606 3293 utendum
1636 3253 1764 3294 esse
1801 3239 2102 3314 putabam,
2135 3254 2286 3308 cum,
2319 3237 2372 3295 si
2399 3254 2517 3311 quo

256 3360 556 3420 'umquam
595 3348 655 3406 in
683 3348 982 3424 scriptore,
1013 3354 1168 3405 certe
1193 3346 1256 3403 in
1281 3344 1474 3404 Plinio
1503 3344 1815 3404 discrimen
1842 3345 1996 3404 iuter
2022 3345 2382 3405 coniecturas
2409 3365 2516 3404 ne-

275 3456 568 3514 cessarias
599 3462 659 3512 et
684 3457 1023 3515 temerarias
1054 3456 1132 3514 sit
1157 3457 1344 3533 probe
1364 3443 1701 3513 tenendum.
1745 3453 2096 3514 Coniectura
2116 3455 2338 3513 scilicet
2356 3457 2518 3532 egeri

271 3583 395 3622 non
420 3564 633 3639 potuit,
661 3565 764 3623 ubi
789 3566 957 3624 locus
984 3565 1199 3640 aliquis
1223 3565 1284 3624 in
1313 3565 1584 3624 omnibus
1612 3565 1889 3624 subsidiis
1918 3565 2127 3624 criticis
2154 3564 2237 3623 ita
2264 3565 2515 3641 scriptus

271 3674 567 3745 exstabat,
598 3682 666 3731 ut
694 3681 800 3732 aut
825 3674 1055 3750 legibus
1084 3676 1368 3734 sermonis
1395 3672 1595 3734 Latini
1622 3682 1824 3751 aperte
1851 3676 2266 3733 adversaretur
2294 3683 2400 3732 aut
2426 3675 2514 3731 in-

270 3782 670 3860 terpolationis
707 3745 953 3859 vestigia
990 3791 1148 3843 certa
1183 3802 1324 3861 prae
1362 3802 1425 3842 se
1451 3783 1649 3843 ferret.
1705 3784 1796 3842 At
1820 3783 1918 3842 hic
1945 3802 2179 3859 quoque
2207 3783 2367 3841 ultra
2395 3783 2514 3841 sin-

271 3894 416 3967 gula
445 3894 628 3952 verba
654 3893 1087 3970 procedendum
1115 3913 1233 3952 non
1259 3893 1399 3967 fuit,
1431 3902 1491 3952 et
1517 3911 1667 3968 quas
1695 3893 1962 3951 nonnulli
1990 3894 2106 3953 viri
2132 3892 2288 3951 docti
2323 3893 2511 3970 speci-

272 4019 409 4061 osas
446 4004 702 4077 quidem,
748 4004 853 4062 sed
878 4003 1221 4063 audaciores
1248 4012 1308 4062 et
1332 4003 1507 4079 plura
1534 4002 1714 4061 verba
1740 4008 2117 4061 attrectantes
2146 4003 2512 4061 coniecturas

202 4137 211 4138 ff
270 4111 646 4189 protulerunt
693 4119 754 4170 et
799 4114 861 4172 in
899 4113 1090 4190 ipsam
1131 4110 1312 4170 Plinii
1352 4112 1675 4170 orationem
1702 4120 2063 4187 receperunt,
2094 4129 2192 4170 eas
2219 4112 2351 4171 loco
2381 4130 2512 4190 suo,

273 4239 451 4296 quem
478 4223 786 4298 hucusque
814 4231 1150 4295 tenuerunt,
1183 4221 1326 4281 eieci
1353 4227 1413 4281 et
1437 4221 1500 4281 in
1530 4221 2005 4281 commentarium
2034 4221 2321 4299 ablegavi,
2353 4231 2412 4280 et
2450 4222 2512 4278 in

2078 4340 2106 4370 ἡ
