2961 4861
416 333 536 395 176
1107 347 1512 394 Nummus
1558 345 1945 394 ms'roman

415 501 619 565 ditum
664 510 786 577 est,
828 497 951 562 hoc
991 497 1160 562 idem
1204 507 1351 561 ante
1395 495 1735 562 solstitium
1780 495 2207 584 quadragenis
2250 497 2464 580 quinis
2509 499 2644 566 die-

412 601 536 666 bus
582 599 972 683 totidemque
1015 608 1239 682 postea
1278 597 1417 661 fieri
1461 608 1528 661 et
1568 619 1686 682 per
1729 619 1839 663 eos
1883 614 1977 660 xo
2023 596 2162 662 dies
2203 597 2271 661 in
2312 599 2648 665 meridiem

414 703 673 767 umbras
715 701 858 765 iaci.
913 699 1161 763 Rursus
1204 698 1273 761 in
1315 696 1543 763 Meroe
1587 691 1828 784 (insula
1868 696 2028 762 haec
2070 708 2393 782 caputque
2435 701 2649 786 gentis
2679 718 2778 764 184

415 803 809 888 Aethiopum
854 799 1135 883 quinque
1178 797 1438 863 milibus
1483 798 1760 862 stadium
1803 819 1842 861 a
1887 793 2104 880 Syene
2162 796 2231 861 in
2254 819 2460 863 ⁴amne
2500 798 2649 866 Nilo

414 900 765 985 habitatur)
818 900 920 964 bis
975 919 1141 962 anno
1202 896 1454 982 apsumi
1517 896 1807 974 umbras,
1872 897 2007 962 sole
2070 896 2651 964 duodevicesimam

417 1004 581 1068 tauri
623 1012 872 1086 partem
917 1010 982 1063 et
1024 996 1627 1081 quartamdecimam
1671 996 1870 1062 leonis
1924 996 2273 1081 optinente.
2341 997 2420 1061 In
2460 997 2651 1064 India

416 1114 611 1193 gente
641 1100 915 1166 Oretum
959 1121 1142 1163 mons
1188 1107 1285 1163 est
1310 1096 1564 1164 Maleus
1607 1097 1882 1174 nomine,
1927 1097 2107 1161 iux-ta
2148 1119 2343 1182 quem
2382 1100 2650 1165 umbrae

416 1214 661 1270 aestate
704 1203 774 1265 in
814 1210 1118 1277 austrum,
1163 1198 1374 1263 hieme
1416 1197 1487 1262 in
1529 1197 2025 1283 septentrionem
2049 1198 2389 1265 iaciuntur.
2438 1197 2649 1280 Quin-

418 1307 627 1371 decim
691 1313 939 1366 tantum
1000 1299 1293 1364 noctibus
1355 1298 1445 1363 ibi
1510 1298 1778 1383 adparet
1840 1298 2209 1384 septentrio.
2282 1298 2362 1362 In
2427 1301 2651 1365 eadem

417 1407 604 1472 India
629 1402 873 1467 Patalis
921 1398 1333 1466 celeberrimo
1378 1408 1571 1481 portu
1616 1398 1709 1464 sol
1752 1397 1979 1462 dexter
2011 1399 2233 1476 oritur,
2276 1399 2541 1465 umbrae
2583 1399 2650 1462 in

418 1506 750 1572 meridiem
805 1501 1062 1566 cadunt.
1150 1495 1697 1582 Septentrionem,
1765 1497 1855 1562 ibi
1912 1497 2287 1563 Alexandro
2342 1510 2646 1578 morante,
2679 1519 2774 1565 185

419 1610 794 1674 adnotatum
849 1601 1056 1685 prima
1108 1607 1354 1662 tantum
1404 1607 1588 1681 parte
1645 1595 1854 1661 noctis
1906 1597 2171 1683 adspici.
2249 1596 2652 1664 Onesicritus

420 1711 553 1773 dux
614 1706 752 1770 eius
797 1700 1081 1785 scripsit,
1148 1699 1381 1782 quibus
1438 1698 1508 1761 in
1549 1697 1706 1762 locis
1759 1696 1983 1762 Indiae
2025 1700 2287 1765 umbrae
2329 1722 2459 1765 non
2500 1700 2649 1779 sint,

423 1806 921 1894 septentrionem
963 1823 1091 1865 non
1135 1799 1446 1884 conspici3
1507 1820 1584 1862 ea
1622 1798 1763 1864 loca
1805 1798 2113 1883 appellari
2156 1800 2330 1865 ascia
2371 1824 2492 1868 nec
2532 1801 2649 1867 ho-

418 1933 524 1974 ras
568 1902 957 1970 dinumerari
998 1900 1109 1965 ibi.

503 2003 833 2070 LXXIV.
892 2002 991 2064 76.
1037 2000 1129 2063 Et
1169 2009 1303 2063 tota
1332 1998 1768 2085 Trogodytice
1810 2000 2069 2065 umbras
2096 2001 2200 2066 bis
2229 2002 2653 2089 quadraginta

420 2108 702 2195 quinque
762 2101 987 2167 diebus
1043 2100 1111 2164 in
1165 2121 1332 2164 anno
1373 2098 1833 2166 Eratosthenes
1884 2100 1951 2165 in
1993 2102 2374 2166 contrarium
2418 2104 2649 2169 cadere

463 2206 721 2274 rodidit.

419 2235 463 2297 p
505 2304 800 2373 LXXV.
868 2302 969 2366 77.
1026 2298 1138 2366 Sic
1192 2300 1267 2364 fit
1320 2311 1393 2364 ut
1441 2301 1620 2365 vario
1671 2300 1832 2367 lucis
1884 2302 2273 2369 incremento
2315 2304 2382 2368 in
2423 2303 2649 2371 Meroe
2681 2322 2775 2367 186

419 2408 825 2500 longissimus
869 2404 1006 2471 dies
1050 2422 1156 2469 ΧΠ
1196 2401 1385 2468 horas
1429 2401 1911 2486 aequinoctialis
1956 2413 2023 2470 et
2059 2414 2202 2471 octo
2229 2404 2430 2491 partis
2458 2405 2649 2472 unius

492 2616 828 2683 ᾳααᾱνίρεπίε,
860 2627 910 2662 a.
950 2653 1011 2660 .-
1042 2620 1225 2677 postea,
1257 2612 1402 2662 Rad.
1449 2620 1575 2673 post,
1606 2626 1645 2659 r.
1685 2651 1745 2658 -
1777 2626 1887 2675 per,
1917 2613 2124 2662 Barbar.
2148 2613 2295 2663 Rad.
2339 2622 2460 2677 post,
2486 2614 2547 2663 Τ.
2588 2654 2649 2662 -

424 2686 493 2747 in,
517 2701 618 2734 om.
644 2685 707 2732 Τ.
735 2722 796 2729 -.
835 2679 951 2739 iaci,
977 2694 1076 2728 om.
1101 2677 1198 2729 R1.

493 2754 523 2814 ᾗ
551 2756 662 2800 184.
699 2746 894 2797 Rursus
920 2785 981 2793 -
1009 2743 1129 2794 haec
1169 2759 1268 2794 om.
1294 2742 1374 2793 d¹.
1413 2783 1474 2792 -
1522 2743 1679 2803 Mero,
1711 2744 1810 2794 R¹.
1847 2786 1911 2794 ...
1948 2743 2068 2795 haec
2097 2756 2349 2811 caputque,
2382 2746 2488 2797 Ta.
2531 2748 2650 2798 haec

425 2815 692 2882 cumdque,
715 2818 777 2865 R.
831 2811 951 2861 haec
973 2820 1043 2860 est
1063 2812 1239 2874 capud,
1264 2813 1339 2860 d2.
1395 2811 1640 2874 apudque,
1665 2811 1718 2859 d¹
1733 2848 1746 2860 .
1782 2813 1901 2862 haec
1925 2829 2052 2875 quae
2076 2822 2151 2863 est
2171 2824 2215 2863 et
2236 2824 2396 2878 caput,
2424 2808 2478 2863 Θ.
2527 2831 2651 2877 quae

426 2895 500 2935 est
521 2892 682 2947 caput,
705 2883 911 2932 Robert.
935 2874 993 2939 β.
1037 2878 1298 2929 Nonnulla
1327 2886 1491 2926 mutat
1523 2877 1736 2928 Salmas.
1769 2880 1803 2928 1.
1836 2880 1870 2927 1.
1895 2880 1945 2929 b.
1972 2879 2031 2930 C.
2069 2919 2133 2928 ...
2170 2882 2391 2944 quinque,
2417 2881 2656 2931 RTado’

425 2947 688 3016 (Robert.)
740 2956 788 2998 et
829 2947 1060 3011 quinque,
1098 2939 1157 3006 ,8.
1213 2985 1274 2993 .-
1327 2943 1556 3007 stadium,
1599 2940 1737 2995 Oad.
1789 2945 2071 3008 stadiorum,
2093 2948 2144 2998 R
2167 2944 2425 3008 (Robcrt.)
2446 2944 2544 3012 βγ.
2584 2986 2648 2996 -

426 3020 602 3080 asumi,
635 3017 730 3068 ΕΙ.
788 3056 841 3064 -
895 3021 1058 3079 parte,
1098 3014 1161 3064 R.
1218 3052 1279 3060 ...
1333 3012 1574 3072 obtinente,
1617 3014 1650 3061 d
1690 3010 1948 3074 (Robert.)
2001 3015 2124 3064 hunc
2148 3016 2403 3078 obtinente,
2442 3016 2547 3064 Ra.
2585 3054 2649 3063 ...

427 3087 601 3146 India,
625 3088 674 3136 R
697 3082 869 3147 (codd.
903 3077 1138 3142 Barbar.)
1174 3078 1368 3139 Indiae,
1388 3080 1461 3127 ad
1486 3075 1746 3142 (Robert.)
1768 3076 1869 3143 βγ.
1894 3081 2014 3130 Vid.
2039 3084 2102 3131 ad
2127 3087 2208 3140 32,
2236 3086 2314 3133 17.
2346 3120 2401 3131 ...
2436 3081 2649 3141 Oretum,

425 3157 555 3205 Rad
580 3152 829 3214 (Robertq
868 3151 1015 3200 codd.
1055 3144 1307 3209 Barbari.)
1366 3143 1551 3207 Oreum,
1592 3160 1639 3194 σ.
1696 3187 1757 3195 .-
1813 3162 1960 3207 mens,
2000 3151 2063 3199 R,
2101 3189 2164 3197 —
2202 3159 2436 3209 austrum,
2475 3150 2648 3198 wad.

426 3225 607 3279 orbum,
646 3218 745 3270 R¹.
800 3257 861 3265 .-
916 3216 1000 3276 ad,
1040 3229 1080 3263 σ
1115 3210 1373 3275 (Robert.)
1430 3253 1494 3262 -
1548 3213 1898 3277 septemtrione,
1939 3216 2003 3265 R.
2050 3256 2113 3264 .-
2150 3215 2418 3278 iaciantur‚
2460 3218 2547 3267 13¹.
2586 3254 2648 3265 .-

426 3294 706 3350 appareret,
728 3283 825 3333 11¹.
863 3323 924 3331 .-
960 3280 1176 3342 Patalis,
1200 3276 1499 3331 RTOado.
1535 3278 1760 3341 Fatales,
1782 3276 1840 3341 β.

495 3351 524 3411 ξ
554 3356 664 3401 185.
693 3357 841 3413 parte
865 3350 1025 3405 noctis,
1049 3348 1196 3397 Rad.
1231 3347 1378 3396 noctis
1398 3356 1557 3409 parte,
1590 3343 1690 3413 βγ.
1715 3348 1857 3397 Haec
1884 3349 2148 3411 exscripsit
2176 3350 2414 3399 Martian.
2448 3347 2574 3413 Cap.
2602 3355 2649 3410 6,

429 3425 541 3470 593.
555 3458 616 3465 .-
636 3414 826 3475 Indice,
850 3428 897 3462 σ.
919 3453 980 3461 .-.
999 3422 1118 3473 eunt,
1141 3415 1425 3462 Robert..-
1442 3415 1657 3477 conspici
1677 3430 1752 3474 ea,
1775 3415 1872 3464 R2.
1892 3416 2063 3479 eonspi
2081 3434 2130 3478 a,
2154 3416 2223 3466 R¹
2238 3452 2250 3465 .
2268 3416 2482 3481 conspici
2503 3425 2550 3466 et
2572 3432 2650 3476 ea,

424 3488 500 3536 ad
523 3480 780 3546 (Robert.)
802 3478 904 3544 βγ.
929 3520 990 3528 ..-
1025 3479 1147 3537 scia,
1171 3477 1251 3527 (1¹.
1277 3519 1340 3527 -.
1365 3481 1451 3540 Et,
1475 3479 1592 3529 Ta¹
1614 3483 1661 3530 d.
1695 3482 1796 3543 Ex,
1819 3484 1881 3532 R.
1916 3480 1984 3531 Ax
2007 3482 2076 3543 in,
2099 3486 2156 3532 αἳ
2179 3481 2437 3545 (Robert.)
2458 3477 2559 3548 βγ.
2586 3521 2648 3533 .-

435 3549 761 3616 Troqodytice‚
785 3549 928 3597 Bad.
965 3543 1206 3611 troqodite,
1231 3546 1439 3594 Robert.
1486 3544 1842 3612 Troqlodytice‚
1864 3545 1908 3610 β
1914 3563 1964 3613 γ.
2002 3590 2066 3598 ...
2103 3554 2314 3611 umbras,
2338 3553 2497 3600 R²ad
2520 3547 2573 3612 (s
2596 3551 2650 3599 in

424 3616 638 3680 rasura.)
691 3618 876 3674 umbra,
915 3612 985 3664 R¹
1001 3650 1013 3663 .
1063 3653 1126 3662 -
1180 3613 1402 3677 quinque,
1442 3614 1572 3663 Rad
1614 3612 1860 3677 (Robert.,
1902 3619 2045 3666 codd.
2084 3614 2338 3679 Barbari.)
2391 3617 2474 3679 II,
2497 3632 2546 3667 σ.
2586 3657 2649 3666 ,-

423 3685 790 3742 Eratosthene&
814 3698 863 3746 p.
891 3686 1004 3731 108.
1026 3680 1215 3731 Bernh.
1255 3718 1314 3728 ...
1348 3680 1529 3743 prodit,
1554 3683 1600 3730 d.

491 3752 521 3814 ξ
550 3759 660 3804 186.
697 3760 762 3812 ut,
788 3766 888 3800 om.
912 3747 1008 3799 1³¹.
1036 3788 1099 3797 -.
1137 3744 1323 3808 Meroe,
1346 3763 1391 3796 a.
1431 3745 1655 3808 Meroen,
1676 3750 1781 3799 Rd.
1817 3750 1936 3799 Vid.
1960 3751 2193 3800 Martian.
2219 3750 2343 3814 Cap.
2370 3757 2417 3813 6,
2445 3758 2557 3802 595.
2585 3792 2649 3801 -.

424 3819 588 3878 horas,
632 3821 765 3869 Rdss.
818 3818 994 3868 Omitt.
1030 3813 1206 3865 Tad¹.
1245 3856 1307 3863 -.
1343 3814 1522 3876 XIII,
1562 3817 1768 3865 Robert.
1823 3856 1885 3865 -.
1920 3817 2224 3877 Brittannia,
2248 3821 2311 3869 R.
2356 3857 2407 3866 -
2448 3817 2650 3880 XVII,

423 3890 514 3937 ad.
549 3887 680 3947 XV,
703 3900 751 3934 σ.
785 3885 1039 3948 Hispania
1068 3880 1393 3947 septendecim,
1426 3885 1492 3932 R.
1538 3921 1601 3931 -.
1647 3881 1733 3942 ibi,
1763 3882 1861 3932 13¹.
1899 3924 1964 3933 ..
1998 3893 2185 3946 noctes-,-
2205 3899 2343 3948 pone
2367 3885 2419 3934 h.
2442 3900 2488 3934 ν.
2512 3886 2647 3936 Pint-

421 3954 572 4003 verba
595 3971 661 4002 an
694 3962 796 4001 usto
818 3951 937 4002 lucis
963 3952 1134 4001 ambitu
1158 3948 1368 3999 subiecto
1412 3959 1578 3999 terrae
1618 3950 1854 3999 collocat.
1892 3991 1955 4000 -.
1993 3952 2111 4012 aud,
2136 3965 2183 4000 σ.
2223 3992 2285 4001 ..-
2323 3950 2482 4012 dubie,
2505 3955 2655 4002 ad²o

424 4017 655 4080 (Robert.
719 4013 912 4082 dubilse,
934 4020 998 4069 R.
1034 4017 1200 4078 dubia,
1224 4016 1411 4067 STffl.
1449 4057 1513 4065 -
1543 4016 1838 4081 promittunt,
1861 4019 1925 4067 R.
1952 4034 2006 4066 re
2026 4019 2315 4081 promittunt,
2338 4019 2446 4069 Td.
2480 4034 2648 4082 repro-

423 4085 623 4146 mitam,
664 4086 701 4137 S
741 4084 997 4147 (Robert.)
1018 4082 1120 4149 βγ.
1152 4094 1387 4148 promunt,
1420 4101 1465 4133 a.
1505 4094 1790 4147 repr-omum,
1812 4086 1953 4147 Lips.
1986 4087 2050 4134 ad
2075 4087 2239 4135 Tacit.
2263 4087 2437 4151 Agl-ie.
2466 4092 2544 4136 12.
2582 4126 2644 4136 -

422 4152 539 4214 eoyi,
562 4154 627 4202 R.
655 4193 717 4201 ...
753 4151 1110 4212 solstitialibus,
1142 4154 1349 4202 Robert.
1378 4188 1439 4199 -..
1476 4150 1843 4211 verticemundi,
1865 4154 1928 4201 R.
1957 4192 2019 4203 ..-
2042 4152 2262 4203 subiecta
2293 4163 2468 4214 terrae,
2499 4155 2646 4204 Rad.

421 4217 632 4268 subiecta
654 4227 807 4277 terra,
831 4221 976 4268 codd.
998 4220 1223 4279 Barbari,
1246 4234 1399 4279 quam
1431 4219 1729 4282 scripturam
1758 4220 2071 4270 retinendam
2100 4227 2191 4271 aut
2217 4220 2461 4271 subiectae
2485 4229 2649 4270 terrae
