2961 4861
677 336 816 381 Lm.
849 336 920 382 11.
978 335 1133 381 oAP.
1165 333 1740 380 Lxxx-Lxxxn.
1803 332 1997 381 sacr.
2028 334 2211 378 82-84.
2428 317 2546 381 181

316 487 496 553 circa
537 485 884 551 meridiem.
959 483 1162 550 Fiunt
1217 495 1282 550 et
1335 484 1484 549 solis
1535 485 1854 568 lunaeque
1898 483 2158 548 defectu
2174 532 2192 561 ,
2253 485 2551 567 quoniam

314 595 734 671 tempestates
792 595 942 650 tunc
1000 585 1334 670 sopiuntur
1350 632 1368 662 ,
1435 584 1782 670 praecipue
1841 607 1993 650 vero
2063 607 2213 649 cum
2266 587 2551 668 sequitur

310 686 591 752 imbrem
645 696 864 751 aestus
914 685 1234 750 imbresve
1283 694 1551 749 aestum.

403 785 742 851 LXXXI.
786 787 889 851 83.
931 785 1326 873 Navigantes
1369 807 1622 869 quoque
1661 785 1944 850 sentiunt
1984 807 2116 849 non
2158 785 2355 851 dubia
2398 807 2551 851 con·
2584 805 2677 849 196

309 888 590 965 iectura,
646 888 784 953 sine
833 886 992 952 flatu
1042 887 1507 951 intumescente
1557 885 1756 950 fluctu
1809 885 2023 951 subito
2065 896 2179 951 aut
2229 886 2553 970 quatiente

307 988 472 1053 ictu.
542 987 905 1053 Intremunt
959 1008 1113 1052 vero
1168 996 1234 1051 et
1285 987 1353 1051 in
1405 986 1675 1052 navibus
1731 987 1943 1071 posita
1996 1008 2201 1069 aeque
2252 1009 2445 1071 quam
2485 987 2554 1050 in

310 1088 646 1166 aedificiis,
693 1089 1068 1173 crepituque
1112 1088 1596 1173 praenuntiant3
1643 1087 1798 1171 quin
1842 1098 1906 1152 et
1947 1087 2237 1164 volucres
2278 1109 2409 1151 non
2450 1088 2551 1151 in-

308 1189 594 1274 pavidae
638 1188 882 1254 sedent.
955 1187 1080 1252 Est
1134 1198 1200 1252 et
1247 1188 1316 1253 in
1360 1189 1538 1254 caelo
1585 1188 1839 1275 signum
1879 1188 2334 1273 praeceditque
2376 1198 2556 1254 motu

312 1290 542 1354 futuro
594 1300 707 1354 aut
762 1288 1040 1353 interdiu
1092 1298 1205 1353 aut
1254 1290 1446 1375 paulo
1510 1299 1659 1373 post
1711 1311 2012 1355 occasum
2063 1308 2285 1354 sereno
2344 1289 2553 1355 tenuis

313 1412 445 1455 ceu
487 1389 673 1468 linia,
719 1389 890 1455 nube
932 1389 999 1454 in
1039 1391 1303 1478 longum
1343 1400 1640 1476 porrecta
1682 1391 1978 1475 spatium.
2050 1389 2174 1453 Est
2217 1399 2281 1454 et
2320 1389 2388 1453 in
2429 1411 2553 1474 pu-

315 1491 444 1555 teis
476 1490 788 1555 turbidior
815 1512 983 1574 aqua
1011 1513 1133 1555 nec
1163 1490 1300 1555 sine
1329 1490 1543 1556 odoris
1572 1491 1814 1566 taedi03
1851 1489 2225 1554 LXXXII.
2256 1491 2360 1554 84.
2390 1489 2556 1555 sicut
2585 1504 2678 1550 197

308 1591 387 1654 in
428 1590 659 1655 iisdem
702 1601 801 1656 est
854 1589 1242 1668 remedium,
1299 1590 1487 1672 quale
1540 1602 1605 1656 et
1661 1590 1868 1657 crebri
1923 1613 2155 1676 specus
2207 1590 2553 1674 praebent3

315 1702 701 1776 conceptum
759 1691 929 1757 enim
986 1690 1283 1776 spiritum
1342 1690 1676 1768 exhalant,
1738 1690 1911 1773 quod
1967 1692 2035 1754 in
2095 1690 2244 1755 totis
2300 1700 2558 1755 notatur

313 1791 574 1877 oppidis
587 1816 605 1869 3
660 1791 874 1855 minus
927 1791 1303 1875 quatiuntur
1356 1791 1595 1856 crebris
1639 1791 1723 1854 ad
1772 1790 2046 1855 eluviem
2090 1788 2401 1854 cuniculis
2447 1811 2555 1855 ca-

313 1902 490 1955 vata.
560 1889 903 1975 Multoque
959 1900 1109 1955 sunt
1166 1890 1399 1956 tutiora
1453 1892 1523 1956 in
1574 1889 1802 1955 iisdem
1852 1890 1979 1956 illis
2033 1912 2196 1974 quae
2248 1889 2554 1975 pendent,

314 1993 492 2057 sicut
539 1989 811 2075 Neapoli
868 1990 939 2055 in
986 1990 1176 2056 Italia
1228 1990 1652 2077 intellegitur,
1706 2000 1890 2075 parte
1943 1991 2078 2056 eius
2132 2011 2299 2073 quae
2355 1989 2557 2054 solida

314 2102 422 2159 est
461 2092 548 2157 ad
591 2092 734 2156 talis
779 2113 969 2156 casus
1011 2091 1303 2157 obnoxia.
1378 2091 1712 2156 Tutissimi
1755 2101 1905 2155 sunt
1946 2092 2378 2156 aedificiorum
2421 2090 2553 2155 for-

311 2192 527 2271 nices,
585 2191 808 2287 Qggli
860 2214 1115 2277 quoque
1164 2192 1484 2278 parietum
1536 2203 1884 2278 postesque
1933 2193 2176 2256 alterno
2217 2190 2408 2277 pulsu
2448 2213 2554 2255 re-

314 2294 601 2371 nitente3
662 2303 726 2358 et
777 2292 975 2357 latere
1030 2303 1281 2359 terreno
1335 2294 1492 2359 facti
1544 2294 1824 2379 parietes
1879 2293 2124 2358 minore
2173 2315 2345 2375 noga
2396 2314 2554 2376 qua-

316 2393 583 2459 tiuntur.
637 2390 884 2481 Magna
922 2394 1283 2461 differentia
1322 2404 1420 2460 est
1460 2404 1526 2460 et
1561 2394 1629 2459 in
1669 2395 1811 2480 ipso
1851 2391 2090 2481 genere
2131 2403 2364 2480 motus,
2408 2393 2554 2477 plu-
2587 2408 2679 2454 198

314 2493 499 2559 ribus
543 2494 858 2579 siquidem
910 2495 1117 2560 modis
1171 2496 1474 2579 quatitur.
1549 2493 1974 2560 Tutissimum
2016 2503 2117 2560 est
2159 2514 2306 2558 cum
2346 2490 2558 2559 vibrat

317 2595 639 2680 crispante
690 2595 1126 2661 aedificiorum
1179 2596 1430 2680 crepitu
1473 2605 1541 2661 et
1593 2616 1739 2661 cum
1788 2595 2155 2661 intumescit
2200 2594 2556 2683 adsurgens

317 2695 689 2782 alternoque
725 2706 905 2763 motu
939 2695 1185 2774 residit,
1227 2697 1558 2762 innoxium
1600 2708 1667 2763 et
1710 2719 1857 2764 cum
1900 2697 2343 2763 concurrentia
2387 2706 2557 2762 tecta

320 2797 639 2862 contrario
680 2796 815 2862 ictu
856 2795 1158 2876 arietant,
1219 2798 1517 2881 quoniam
1559 2797 1720 2865 alter
1759 2808 1971 2865 motus
2013 2798 2197 2864 alteri
2236 2797 2551 2864 renititur.

312 2943 502 3008 positae
526 2958 630 3005 que,
653 2944 719 2992 A.
755 2945 889 2993 Voci
921 2959 1070 3006 aeque
1101 2946 1495 3008 suprascriptum
1525 2953 1602 2995 est
1632 2954 1730 2994 tam
1761 2947 1814 2993 in
1847 2945 1912 2993 Β.
1949 2985 2013 2993 -
2045 2944 2412 3008 praenuntiant,
2448 2944 2554 2993 Aa.

312 3008 657 3075 pronuntiant,
681 3011 786 3060 Rd.
825 3051 888 3059 -
933 3011 1117 3071 sedent,
1141 3011 1317 3061 RAa²
1349 3009 1531 3073 (fuisse
1562 3012 1759 3060 videtur
1790 3008 2036 3071 sedentes)
2070 3012 2276 3058 Robert.
2321 3010 2556 3067 sedentes,

329 3069 534 3139 GTdr.
581 3116 644 3124 -.
687 3074 806 3138 Est,
837 3078 965 3126 ΒΑ.
1012 3074 1127 3138 Sed,
1172 3078 1325 3128 Sa2r.
1380 3079 1559 3128 Omitt.
1603 3069 1826 3125 OTa1d.
1863 3077 2006 3124 Haec
2037 3077 2295 3124 transtulit
2325 3076 2458 3123 Plin.
2494 3090 2559 3123 ex

320 3144 480 3193 Arist.
515 3145 727 3193 Meteor.
765 3151 812 3204 2,
838 3151 885 3195 8.
918 3160 969 3208 p.
1012 3144 1162 3204 3571»,
1201 3148 1245 3194 7.
1292 3184 1356 3192 -..
1393 3142 1765 3208 praeceditque,
1797 3141 2011 3190 RAad.
2064 3140 2335 3204 praecedit,
2371 3141 2456 3191 Sr.
2496 3181 2557 3189 -

323 3220 488 3270 motus,
514 3213 561 3260 d.
600 3251 662 3259 -
699 3227 963 3272 occassum,
996 3212 1064 3260 A.
1103 3251 1167 3259 ....
1203 3212 1356 3259 tenuis
1380 3224 1480 3270 ceu,
1514 3201 1888 3259 RATSOad.
1933 3224 2015 3257 ceu
2051 3208 2222 3268 tenuis,
2253 3203 2356 3272 βγ.
2395 3247 2457 3256 .-
2496 3207 2559 3255 li-

322 3292 432 3338 nea,
456 3278 645 3328 Sabell.
669 3277 777 3326 Ra.
825 3278 1004 3337 lineae,
1038 3271 1351 3326 ABSTdc.
1400 3274 1554 3324 lanea
1590 3277 1742 3324 nubes
1772 3315 1835 3323 -.
1859 3284 2105 3338 porrecta,
2140 3276 2276 3324 Pint.
2312 3290 2378 3324 ex
2401 3276 2557 3337 Verg.

323 3345 510 3405 Georg.
551 3350 595 3404 l,
629 3347 745 3393 397.
794 3384 859 3392 ....
904 3347 1045 3405 nube,
1078 3343 1189 3392 ΒΑ
1206 3335 1410 3394 OSTd.
1456 3341 1613 3402 nubis,
1647 3338 1789 3407 αβγ.
1837 3382 1901 3391 -.
1945 3350 2192 3406 porrecta,
2227 3338 2557 3394 RAOSTd.

315 3419 589 3474 porrectae,
615 3406 756 3473 αβγ.
794 3450 858 3458 -.
892 3411 1007 3472 Est,
1034 3411 1196 3460 omitt.
1223 3412 1326 3460 Td.
1365 3451 1429 3459 ....
1466 3409 1757 3459 turbidiores
1781 3425 1961 3472 aquae,
1985 3410 2084 3461 R2.

391 3474 422 3535 ἓ
450 3480 564 3525 197.
599 3477 734 3536 sicut,
759 3478 965 3528 RAad.
1002 3476 1095 3524 sed
1127 3485 1188 3538 et,
1223 3478 1321 3539 SK
1353 3474 1614 3540 (Robert.)
1648 3518 1711 3526 ....
1755 3484 1845 3538 est,
1878 3477 2077 3528 RSKa
2106 3473 2290 3537 (Βοὴ.)
2328 3484 2390 3535 et,
2414 3478 2481 3527 A.
2519 3486 2561 3526 et

324 3550 412 3604 est,
437 3544 543 3593 Td.
583 3582 646 3590 ...
685 3541 845 3605 quale,
877 3544 1072 3593 R²Ad.
1120 3560 1285 3607 quare,
1309 3561 1354 3594 a.
1404 3560 1548 3608 quam
1579 3560 1694 3606 rem,
1718 3544 1839 3595 R¹S
1875 3541 2131 3606 (Robert.)
2169 3542 2312 3608 quale
2343 3542 2560 3602 cloacae,

322 3612 388 3661 K.
426 3650 489 3658 ..
527 3618 823 3672 conceptum,
857 3605 1189 3660 R2TA8ad
1222 3608 1478 3674 (Robert.)
1516 3622 1801 3676 conpectum,
1825 3611 1924 3662 R¹.
1962 3618 2378 3676 praeconceptum,
2400 3606 2457 3671 β.
2498 3649 2560 3657 .-

329 3677 458 3738 totis,
491 3669 790 3726 ATOadr.
833 3679 960 3738 tutis,
995 3678 1047 3728 S.
1094 3678 1260 3739 certis,
1294 3675 1455 3742 Ββγ.
1496 3719 1559 3727 -.
1594 3680 1763 3740 minus,
1796 3679 1906 3728 ΒΑ
1919 3681 2006 3728 ad.
2042 3680 2200 3728 minus
2235 3678 2430 3740 quippe,
2470 3669 2561 3724 Or.

327 3759 450 3808 quae
474 3744 647 3803 minus,
670 3738 773 3807 βγ.
810 3785 873 3792 -
911 3745 984 3794 ad
1005 3745 1223 3806 eluviem,
1254 3746 1463 3797 RSTa.
1502 3746 1771 3807 adiluviem,
1794 3747 1861 3795 A.
1900 3745 1972 3794 ad
1994 3744 2224 3803 illuviem,
2249 3746 2296 3792 d.
2324 3783 2387 3791 -
2422 3740 2561 3791 Nea-

318 3811 442 3876 poli,
469 3827 515 3859 a.
554 3809 606 3858 in
633 3827 693 3859 ea
706 3808 829 3875 poli,
861 3811 930 3860 A.
978 3810 1326 3876 ineapolitane‚
1350 3815 1413 3862 Β.
1460 3812 1513 3861 in
1547 3812 1773 3877 Neapoli,
1798 3814 1902 3862 Td.
1940 3853 2002 3861 -
2040 3808 2356 3875 intelleqitur,
2389 3810 2457 3859 A.
2496 3849 2560 3857 ..-

327 3876 564 3939 solidata,
589 3876 693 3927 Td.
732 3918 796 3927 ...
831 3886 962 3940 sunt,
986 3880 1078 3928 Ra
1101 3876 1283 3942 (Βοὴ.)
1320 3881 1498 3930 Omitt.
1517 3881 1683 3930 ATd.
1723 3920 1786 3928 -.
1823 3894 1915 3927 non
1940 3894 2005 3927 an
2042 3875 2172 3927 ulosi
2195 3892 2375 3939 quoque
2392 3876 2561 3940 parie-

326 3955 412 4006 tes,
445 3945 511 3994 K.
557 3984 620 3993 -.
660 3944 846 4008 pulsui‚
878 3946 944 3995 K.
983 3985 1048 3994 .-
1096 3946 1338 4008 renitente,
1361 3948 1515 3997 Aac.
1552 3945 1805 4005 retinente,
1838 3945 1969 3994 R¹T
2042 3946 2089 3993 d.
2135 3951 2425 4005 retennente,
2459 3943 2563 3992 R2.

329 4011 607 4107 renitentes,
630 4011 841 4062 Robert.
863 4008 923 4073 β.
961 4052 1024 4061 .-..
1059 4011 1115 4061 E
1132 4013 1282 4064 latere
1305 4023 1517 4074 terrave,
1541 4014 1607 4062 K.
1646 4052 1708 4060 .-
1744 4013 1876 4072 sicut,
1900 4011 1997 4061 R'.
2039 4052 2100 4060 -
2136 4012 2339 4072 minora,
2361 4010 2458 4059 R1.
2500 4051 2560 4059 ..-

331 4077 496 4138 noxia,
520 4079 571 4127 R
604 4114 617 4127 .

396 4143 425 4204 ξ
454 4150 566 4195 198.
605 4144 793 4208 vibrat,
816 4148 866 4198 Β
889 4144 968 4209 (at
989 4148 1043 4197 in
1068 4143 1221 4208 corr.)
1249 4188 1312 4196 .-
1344 4155 1400 4207 et,
1426 4161 1526 4195 om.
1553 4146 1620 4196 A.
1647 4187 1707 4196 ..
1747 4147 2038 4208 intumescat,
2062 4148 2128 4197 A.
2168 4185 2231 4194 ..
2268 4144 2564 4207 adsumens,

329 4211 395 4261 A.
426 4252 488 4261 .-
524 4210 820 4277 alternoque,
844 4216 952 4264 Aa.
990 4212 1189 4276 alterno,
1223 4215 1355 4264 R2d.
1402 4212 1542 4275 alter,
1566 4213 1662 4265 3¹.
1704 4255 1765 4263 .-
1803 4222 1934 4276 moto,
1960 4212 2056 4264 R¹.
2088 4253 2149 4264 ..-
2184 4211 2375 4273 residit,
2399 4214 2561 4263 R'rd.

333 4276 529 4340 resedit,
551 4281 619 4330 A.
655 4279 855 4343 residet,
878 4278 1019 4346 assr.
1058 4323 1120 4333 ..
1159 4282 1389 4343 arietant,
1412 4282 1462 4332 Β
1487 4279 1645 4345 (etant
1675 4284 1729 4332 in
1753 4279 1905 4345 corr.)
1929 4281 2102 4334 Aa2d.
2148 4281 2366 4343 arietine,
2391 4296 2422 4330 a
2442 4282 2472 4328 ¹.
2501 4319 2563 4328 .-

334 4342 426 4408 alt,
449 4347 501 4397 Β
520 4348 552 4395 ¹.
581 4389 643 4397 .-
668 4347 910 4412 renititur,
934 4349 984 4399 Β
1007 4347 1113 4412 (tur
1137 4351 1190 4400 in
1212 4347 1365 4412 corr.)
