2961 4861
681 299 821 343 Lm.
855 300 926 344 11.
987 298 1140 344 CAP.
1174 299 1817 343 Lxxxn—Lxxxvl.
1876 298 2072 345 sssc'r.
2102 300 2281 342 84-88.
2468 283 2589 346 183

330 457 568 514 motus
597 447 816 513 Tiberi
848 446 1147 514 Caesaris
1174 447 1556 534 principatu,
1586 465 1694 511 XII
1722 448 1986 526 urbibus
2016 446 2216 512 Asiae
2245 471 2373 514 una
2398 461 2586 515 nocte

330 550 724 634 prostratis3
785 549 1205 615 creberrimus
1246 548 1496 614 Punico
1548 548 1716 614 bello
1731 597 1750 627 ,
1806 550 1974 614 intra
2029 549 2304 614 eundem
2354 573 2590 615 annum

332 651 640 734 septiens
670 672 746 715 ac
776 650 1245 736 quinquagiens
1274 650 1600 714 nuntiatus
1627 649 1899 715 Romam
1914 698 1932 728 ,
1981 673 2107 734 quo
2138 650 2399 733 quidem
2426 673 2590 715 anno

328 750 431 813 ad
480 749 926 815 Trasimenum
974 750 1186 815 lacum
1239 750 1612 816 dimicantes
1665 772 2032 816 maxumum
2086 760 2329 815 motum
2380 772 2592 834 neque

328 850 556 916 Poeni
601 872 858 917 sensere
899 873 1019 916 nec
1047 851 1338 916 Romani.
1397 850 1536 917 Nec
1579 874 1730 930 vero
1776 852 2047 938 simplex
2087 852 2326 916 malum
2370 862 2483 916 aut
2523 853 2592 917 in

325 951 495 1034 ipso
541 962 792 1017 tantum
834 963 1015 1017 motu
1050 952 1408 1037 periculum
1437 961 1554 1029 est,
1603 953 1717 1018 sed
1758 975 1875 1038 par
1917 962 2028 1018 aut
2068 953 2274 1018 maius
2317 963 2586 1018 ostent0.

325 1050 716 1136 Numquam
743 1054 900 1118 urbs
928 1053 1135 1118 Roma
1165 1053 1441 1129 tremuit,
1487 1063 1560 1117 ut
1600 1074 1729 1116 non
1773 1051 1972 1116 futuri
2012 1062 2278 1119 eventus
2318 1053 2588 1119 alicuius

325 1151 410 1215 id
461 1154 911 1236 praenuntium
955 1163 1142 1218 esset.
1764 1151 1773 1162 “

425 1249 801 1318 LXXXV.
862 1253 964 1316 87.
1008 1252 1258 1317 Eadem
1286 1253 1682 1317 nascentium
1713 1275 1908 1317 causa
1937 1263 2247 1318 terrarum
2278 1265 2396 1333 est,
2439 1277 2586 1320 cum
2613 1275 2705 1319 201

325 1352 522 1416 idem
564 1351 671 1418 ille
716 1352 975 1437 spiritus
1017 1353 1359 1418 attollendo
1401 1363 1628 1438 potens
1672 1353 1805 1418 solo
1842 1374 1970 1417 non
2000 1352 2202 1420 valuit
2231 1377 2583 1439 erumpere.

323 1451 712 1517 Nascuntur
755 1454 951 1531 enim,
997 1476 1119 1518 nec
1160 1453 1495 1532 fluminum
1537 1463 1784 1518 tantum
1827 1455 2116 1532 invectu,
2176 1455 2341 1522 sicut
2381 1455 2581 1521 Echi-

323 1553 543 1618 nades
607 1554 852 1620 insulae
905 1554 987 1619 ab
1041 1553 1333 1621 Acheloo
1395 1577 1579 1619 amne
1646 1564 1987 1642 congestae
2050 1555 2376 1640 maiorque
2432 1579 2583 1640 pars

326 1652 635 1741 Aegypti
678 1678 716 1719 a
756 1653 925 1733 Nilo,
970 1655 1039 1719 in
1082 1677 1278 1738 quam
1320 1677 1359 1718 a
1398 1654 1611 1719 Pharo
1652 1656 1863 1720 insula
1903 1655 2111 1719 noctis
2156 1665 2221 1719 et
2264 1657 2390 1721 diei
2434 1678 2580 1721 cur-

328 1775 488 1817 sum
531 1755 732 1821 fuisse
760 1753 1050 1821 Homero
1092 1756 1431 1833 credimus,
1477 1777 1600 1821 nec
1640 1777 1903 1821 recessu
1944 1755 2160 1833 maris,
2207 1756 2373 1821 sicut
2412 1757 2584 1821 idem

332 1851 654 1933 Circeiis,
710 1856 884 1939 quod
934 1856 1246 1922 accidisse
1293 1866 1359 1921 et
1409 1857 1477 1920 in
1526 1845 1918 1921 Ambraciae
1961 1863 2151 1940 portu
2194 1855 2418 1921 decem
2458 1856 2582 1921 mi-

324 1956 499 2020 lium
568 1977 874 2041 passuum
929 1957 1261 2023 intervallo
1321 1966 1386 2021 et
1440 1956 1931 2025 Atheniensium
2000 1956 2282 2039 quinque
2337 1957 2582 2022 milium

327 2078 649 2141 passuum
700 2057 786 2120 ad
833 2056 1171 2123 Piraeeum
1221 2068 1609 2124 memoratur
1661 2069 1726 2123 et
1766 2057 2040 2145 Ephesi,
2101 2057 2216 2123 ubi
2258 2058 2581 2142 quondam

250 2159 254 2164 ’
329 2158 566 2248 aedem
593 2157 845 2222 Dianae
875 2158 1193 2224 adluebat.
1240 2157 1571 2226 Herodoto
1616 2159 1875 2243 quidem
1920 2159 1975 2224 si
2019 2158 2359 2238 credimus,
2404 2180 2579 2223 mare

330 2259 465 2323 fuit
518 2279 713 2344 supra
763 2256 1123 2343 Memphim
1175 2281 1382 2343 usque
1436 2261 1522 2324 ad
1563 2255 1958 2347 Aethiopum
2013 2260 2247 2325 montis
2298 2260 2580 2343 itemque

332 2382 375 2423 a
420 2360 630 2446 planis
670 2358 951 2424 Arabiae
970 2407 989 2438 ,
1034 2360 1209 2426 mare
1256 2361 1424 2424 circa
1464 2359 1655 2425 Ilium
1699 2371 1764 2426 et
1810 2370 1942 2427 tota
1982 2359 2374 2425 Teuthranie
2418 2380 2576 2442 qua-

330 2482 462 2544 que
508 2482 766 2546 campos
810 2461 1098 2527 intulerit
1138 2460 1511 2525 Maeander.

419 2559 825 2625 LXXXVI.
871 2561 972 2624 88.
1017 2559 1385 2626 Nascuntur
1432 2570 1498 2625 et
1539 2559 1663 2624 alio
1706 2559 1901 2624 modo
1946 2568 2151 2626 terrae
2195 2582 2272 2626 ac
2313 2570 2577 2646 repente
2604 2581 2701 2626 202

329 2664 404 2727 in
447 2661 658 2746 aliquo
699 2661 862 2726 mari
906 2671 1245 2749 emergunt
1286 2661 1461 2728 velut
1513 2661 1694 2746 paria
1747 2682 1965 2728 secum
2018 2661 2292 2727 faciente
2344 2671 2577 2727 natura

329 2783 629 2846 quaeque
670 2762 955 2829 hauserit
993 2764 1204 2828 hiatus
1246 2762 1369 2828 alio
1412 2763 1554 2852 loco
1595 2763 1925 2829 reddente.

330 2916 381 2951 σ.
418 2942 483 2951 -
518 2899 639 2962 Nio,
662 2904 761 2953 R¹.
799 2942 864 2951 -
897 2905 949 2953 in
975 2919 1121 2966 quam
1153 2919 1189 2951 a
1216 2901 1400 2965 Pharo,
1432 2905 1523 2953 ad.
1569 2901 1622 2950 in
1647 2918 1791 2967 quam
1816 2918 1850 2951 a
1857 2902 1998 2964 foro,
2021 2903 2070 2951 Β
2088 2904 2118 2950 ¹.
2166 2901 2219 2951 in
2242 2918 2421 2966 aquam
2429 2904 2574 2965 saro,

329 2971 435 3018 R2.
481 2968 645 3031 inquit
673 2970 932 3033 mapharo,
961 2971 1031 3020 A.
1069 3011 1133 3020 -.
1164 2968 1365 3033 fuisse,
1400 2986 1500 3019 om.
1536 2971 1617 3019 d¹.
1660 2984 1830 3018 cursus
1847 2967 1964 3028 fuit
1995 2967 2059 3027 si,
2090 2969 2224 3017 Pint.
2263 3009 2326 3018 -
2362 2966 2573 3019 Homero

332 3036 517 3097 Odyss.
542 3028 598 3096 Δ,
635 3041 750 3085 354.
789 3076 852 3085 ...
889 3051 990 3097 nec,
1015 3038 1326 3088 RATado.
1376 3038 1467 3086 sed
1489 3045 1548 3096 et,
1578 3031 1681 3097 βγ.
1718 3033 2024 3084 Referuntur
2046 3034 2174 3083 haec
2206 3036 2359 3084 verba
2392 3038 2456 3084 ad
2479 3036 2573 3083 ini-

330 3103 462 3152 tium
486 3100 514 3161 ξ
540 3109 654 3151 202.
699 3105 895 3154 Plinius
928 3105 1049 3154 dicit
1071 3120 1176 3153 non
1198 3105 1279 3152 his
1303 3109 1507 3151 tantum
1531 3103 1728 3150 duobus
1752 3101 1917 3149 modis
1950 3100 2091 3149 nasci
2125 3107 2299 3160 terrae,
2333 3115 2463 3162 quos
2488 3103 2572 3151 de-

331 3169 504 3219 scribit
527 3170 629 3219 hoc
651 3171 783 3231 loce,
816 3173 904 3222 sed
927 3173 1080 3221 etiam
1103 3171 1205 3219 alia
1224 3169 1438 3227 ratione,
1463 3182 1618 3230 quam
1640 3166 1773 3216 infra
1796 3165 1955 3215 affert.
1995 3205 2058 3213 .-
2094 3164 2235 3226 idem,
2260 3168 2309 3216 Β
2325 3167 2408 3217 ²A
2422 3169 2571 3217 Τᾱσ.

331 3234 507 3296 eodem,
540 3238 678 3287 R1a.
724 3237 892 3299 eidem,
924 3238 1131 3287 Barbar.
1164 3232 1274 3297 βγ.
1313 3274 1376 3282 -
1416 3231 1643 3295 Circeiis,
1678 3235 1818 3283 R2a.
1868 3228 2086 3294 Circcus,
2118 3248 2166 3283 o·.
2219 3231 2445 3296 Cerceiis‚
2469 3237 2519 3285 Β
2540 3238 2570 3285 ¹.

336 3300 549 3362 Cerceis,
575 3305 680 3352 Td.
726 3304 785 3354 de
812 3301 1043 3362 Circeiis,
1065 3303 1271 3352 Barbar.
1292 3296 1397 3364 βγ.
1443 3301 1845 3364 Interpolatione
1875 3301 2087 3350 Barbari
2117 3301 2270 3352 facile
2299 3317 2571 3366 possumus

330 3383 524 3429 carere3
548 3371 745 3418 Plinius
768 3370 891 3418 dicit
914 3371 1126 3418 eundem
1149 3370 1433 3418 Homerum
1457 3364 1580 3428 (Od.
1607 3360 1673 3429 K,
1702 3374 1814 3418 194.
1840 3369 1957 3417 coll.
1982 3369 2114 3418 Plin.
2140 3375 2188 3432 3,
2216 3367 2324 3432 57.)
2369 3385 2570 3420 narrare

330 3435 553 3486 Circeios
584 3449 679 3484 suo
712 3441 940 3499 tempore
962 3437 1181 3485 insulam
1203 3435 1377 3497 fuisse,
1409 3437 1547 3485 unde
1581 3437 1738 3500 sequi,
1763 3437 2026 3499 planitiem
2046 3452 2184 3488 nunc
2208 3437 2430 3489 Circeios
2462 3439 2567 3487 cin-

329 3509 535 3565 gentem
561 3508 724 3550 ortam
750 3517 859 3552 esse
883 3504 1037 3553 maris
1062 3518 1287 3554 recessu:
1312 3504 1513 3563 „sicut
1539 3502 1694 3553 idem
1719 3502 1835 3553 dicit
1851 3503 2341 3568 Circeiisfuisse.’'
2364 3543 2416 3553 ...
2454 3503 2567 3553 Um·-

331 3569 549 3628 taraciae,
575 3569 621 3618 T
639 3563 741 3620 od.
766 3609 830 3619 ...
856 3568 1254 3630 Atheniensium,
1280 3573 1314 3620 d
1337 3567 1490 3632 (sium
1512 3572 1566 3620 in
1588 3569 1804 3634 rasura.)
1827 3612 1891 3621 .-
1925 3571 2138 3635 quinque
2174 3571 2372 3633 milium,
2396 3572 2507 3621 ΒΑ
2519 3587 2565 3620 a.

331 3636 509 3687 Omitt.
536 3636 639 3685 Td.
663 3672 727 3685 ..-
746 3652 1001 3700 passuum,
1025 3639 1087 3687 Β.
1110 3638 1287 3689 Omitt.
1310 3633 1618 3701 ATadssr.
1639 3679 1703 3687 ..-
1729 3637 1923 3703 Ephesi
1942 3639 2040 3699 ubi,
2066 3640 2146 3687 a2.
2182 3636 2435 3701 Ephesius
2467 3637 2568 3698 ubi,

329 3704 395 3752 Β.
419 3700 665 3764 Ephesios
688 3704 783 3764 ubi,
802 3703 868 3752 A.
893 3702 1148 3767 Ephesius,
1173 3721 1205 3754 a
1223 3707 1254 3753 ¹.
1289 3702 1557 3768 Ephesios,
1583 3707 1673 3756 Td.
1696 3702 1903 3768 (quibus
1926 3707 1981 3754 in
2004 3704 2149 3754 codd.
2174 3704 2262 3754 ubi
2281 3705 2395 3752 voci
2420 3719 2567 3765 quon-

330 3767 447 3819 dam
469 3767 771 3831 subiicitur.)
808 3770 1044 3820 Ceterum
1076 3774 1312 3822 existimo
1345 3773 1615 3834 legendum
1643 3788 1752 3823 esse
1782 3771 1837 3821 E
1865 3771 2010 3822 hesiis
2035 3770 2134 3829 ubi,
2169 3771 2256 3832 qui
2281 3770 2478 3818 dativus
2503 3771 2566 3818 ab

330 3836 578 3886 accidisse
607 3840 810 3901 pendet.
857 3878 920 3886 -
958 3835 1203 3901 adluebat,
1226 3840 1467 3890 R²Aa2.
1515 3839 1763 3902 abluebat,
1849 3875 1860 3887 .
1907 3838 2143 3898 abluerat,
2169 3837 2351 3887 Ta1d.
2398 3834 2568 3885 ablue·

329 3918 382 3952 re
405 3920 454 3964 u,
478 3905 577 3953 R¹.
612 3944 677 3953 .-
710 3905 962 3955 Herodoto
986 3912 1032 3966 2,
1062 3913 1139 3956 lo.
1174 3948 1237 3955 ....
1273 3921 1460 3968 usque,
1486 3908 1731 3956 R2Aad.
1771 3921 1890 3967 que,
1916 3906 2014 3954 R1.
2054 3942 2117 3952 ....
2154 3901 2206 3952 in
2221 3902 2407 3968 planis,
2430 3904 2566 3953 Pint.

329 3985 395 4019 ex
416 3971 603 4020 Herod.
629 3978 677 4032 2,
705 3978 783 4022 H.
822 4012 886 4021 .-
932 3989 1081 4033 mare,
1106 3974 1449 4024 RATa¹do.
1487 3989 1623 4022 mare
1648 3981 1705 4032 et,
1740 3967 1915 4035 a²ssr.
1953 4011 2015 4019 -
2052 3971 2198 4031 circa,
2222 3970 2565 4021 RffATado.

329 4046 460 4098 ante,
483 4039 583 4087 R2.
621 4078 685 4087 -
731 4037 1044 4101 Teuthranie,
1078 4041 1184 4090 Τσ.
1240 4038 1526 4097 Teutranie',
1558 4040 1608 4088 R
1630 4040 1660 4087 ¹.
1717 4036 2035 4099 Teuthrante,
2070 4038 2169 4088 R2.
2215 4035 2564 4099 Teuthraniae,

328 4105 437 4154 Ad.
482 4105 779 4168 Teutrania‚
802 4108 1010 4158 Barbar.
1037 4123 1081 4158 a.
1126 4105 1454 4167 Teuthrania,
1476 4103 1578 4169 βγ.
1618 4145 1681 4155 ..
1717 4120 1922 4170 campos,
1945 4106 2095 4156 Rad.
2132 4121 2348 4170 campus,
2371 4106 2496 4156 AT.

395 4170 425 4231 ἓ
452 4178 566 4223 202.
604 4171 790 4237 aliquo,
812 4175 1007 4225 RAad
1030 4173 1287 4237 (Robert.)
1336 4171 1452 4234 alio,
1486 4174 1599 4225 SK.
1646 4173 1757 4235 alto,
1783 4189 1821 4221 r.
1864 4213 1917 4222 ..
1960 4187 2096 4224 mare
2130 4180 2364 4236 meryunt,
2396 4174 2462 4224 A.
2502 4212 2562 4222 -.

331 4254 472 4300 quae,
498 4255 542 4290 a.
583 4281 642 4289 ..
681 4239 942 4303 recedente,
966 4243 1028 4292 Β.
2400 4270 2425 4291 ··
