2961 4861
401 313 522 376 170
710 318 712 322 ’
1091 330 1495 376 NA'rURALls
1540 329 1928 384 ms'romAE

398 477 650 550 Galliae
694 480 1058 564 proconsuli
1102 479 1298 545 Indos
1341 504 1380 550 a
1421 502 1579 567 rege
1623 476 1980 552 Suevorum
2023 478 2189 543 dono
2233 480 2449 564 datos,
2511 482 2623 566 qui

397 603 478 645 ex
519 579 705 652 India
750 580 1064 650 conmerci
1108 600 1302 646 eausa
1344 580 1720 667 navigantes
1766 579 2255 663 tempestatibus
2300 592 2515 650 essent
2556 582 2623 646 in

397 677 808 750 Germaniam
864 679 1132 763 abrepti.
1208 676 1317 744 Sic
1361 679 1564 745 maria
1607 679 1992 746 circumfusa
2035 680 2318 762 undique
2360 680 2622 754 dividuo

393 779 584 866 globo
627 790 876 864 partem
930 780 1101 845 orbis
1144 780 1446 848 auferunt
1487 780 1700 857 nobis,
1755 802 1875 844 nec
1926 780 2075 846 inde
2128 780 2255 844 huc
2306 802 2426 848 nec
2475 780 2622 854 hinc

299 945 302 948 ,
395 880 501 944 illo
543 879 765 963 pervio
804 889 1030 944 tractu.
1095 878 1282 960 Quae
1325 880 1772 963 contemplatio
1815 890 1966 963 apta
2008 879 2406 966 detegendae
2449 902 2620 954 mor,-

396 979 617 1043 talium
671 980 936 1048 vanitati
987 1002 1251 1064 poscere
1303 980 1559 1050 videtur
1610 989 1681 1044 ut
1736 988 1941 1052 totum
1982 979 2102 1046 hoc
2144 979 2458 1062 quidquid
2501 992 2619 1058 est,

395 1080 461 1144 in
505 1102 632 1162 quo
677 1079 945 1165 singulis
987 1079 1145 1146 nihil
1185 1080 1341 1148 satis
1380 1090 1497 1157 est,
1546 1101 1664 1150 ceu
1696 1079 2054 1148 subiectum
2081 1080 2284 1148 oculis
2313 1092 2620 1161 quantum

363 1181 479 1243 rsit
520 1180 874 1249 ostendam.

479 1279 804 1352 LXVIII.
879 1280 978 1345 68.
1039 1279 1179 1348 Iam
1221 1279 1500 1363 primum
1542 1280 1612 1346 in
1663 1280 1925 1356 dimidio
1969 1282 2320 1364 conputari·
2344 1282 2616 1360 videtur,
2654 1299 2739 1345 171

395 1391 722 1462 tamquam
773 1381 949 1445 nulla
1004 1380 1210 1463 portio
1263 1380 1389 1464 ipsi
1441 1379 1775 1454 decidatur
1830 1403 2104 1458 oceano,
2164 1382 2275 1464 qui
2321 1392 2452 1448 toto
2496 1381 2619 1448 cir-

396 1479 731 1543 cumdatus
772 1479 981 1546 medio
1027 1493 1092 1542 et
1132 1479 1336 1543 omnis
1370 1490 1614 1550 ceteras
1642 1480 1920 1556 fundens
1949 1480 2392 1565 recipiensque
2422 1504 2620 1565 aquas

397 1590 465 1644 et
505 1578 820 1662 quidquid
864 1579 997 1643 exit
1038 1579 1104 1641 in
1147 1579 1364 1658 nubis,
1410 1602 1489 1650 ac
1533 1580 1743 1654 sidera
1782 1581 1928 1664 ipsa
1970 1592 2064 1654 tot
2104 1604 2181 1654 ac
2224 1592 2440 1654 tantae
2482 1606 2618 1650 ma-

393 1679 750 1765 gnitudinis
791 1701 1092 1763 pascens,
1145 1701 1274 1762 quo
1314 1680 1575 1755 tandem
1605 1679 2040 1765 amplitudinis
2079 1680 2284 1765 spat-io
2323 1682 2618 1752 credetur

394 1779 720 1855 habitare?
793 1778 1073 1863 Inproba
1124 1790 1188 1844 et
1238 1778 1486 1849 infinita
1539 1779 1733 1854 debet
1786 1802 1928 1844 esse
1983 1791 2110 1848 tam
2165 1791 2384 1850 vastae
2438 1782 2620 1850 molis

396 1879 733 1961 possessio.
798 1877 991 1942 Adde
1037 1879 1209 1960 quod
1252 1901 1334 1944 ex
1377 1879 1596 1948 relicto
1640 1880 1787 1964 plus
1830 1880 2095 1950 abstulit
2135 1882 2417 1959 caelum3
2473 1904 2620 1954 nam
2652 1900 2745 1947 172

396 1999 543 2050 cum
588 1978 716 2046 sint
759 1977 896 2066 eius
940 1978 1221 2060 quinque
1263 1990 1477 2063 partes
1521 2001 1682 2061 quas
1726 1990 1956 2049 vocant
2000 2002 2216 2058 zonas,
2262 1981 2497 2054 infesto
2532 1984 2620 2056 ri·-

394 2097 553 2161 gore
584 2087 647 2144 et
690 2086 948 2148 aeterno
991 2077 1143 2162 gelu
1185 2079 1496 2161 premitur
1537 2101 1723 2146 omne
1767 2078 2079 2162 quidquid
2124 2093 2222 2148 est
2264 2081 2616 2148 subiectum

395 2174 646 2248 duabus
690 2176 988 2240 extremis
1038 2176 1354 2264 utrimque
1408 2179 1577 2246 circa
1613 2179 1886 2252 vertices
1900 2226 1918 2256 ,
1973 2178 2144 2244 hunc
2185 2181 2297 2264 qui
2340 2182 2616 2254 trionum

397 2285 642 2359 septem
672 2285 935 2342 vocatur
964 2297 1236 2358 eumque
1266 2278 1378 2360 qui
1406 2278 1712 2348 adversus
1752 2279 1845 2343 illi
1887 2280 2210 2356 austrinus
2240 2282 2615 2367 appellatur.

395 2372 720 2461 Perpetua
767 2376 977 2473 caligo
1029 2376 1366 2462 utrobique
1411 2388 1475 2447 et
1525 2378 1729 2445 alieno
1780 2380 2138 2455 mollior-um
2182 2381 2463 2453 siderum
2505 2382 2618 2449 ad-

398 2488 627 2560 spectu
666 2477 949 2564 maligna
989 2499 1065 2549 ac
1117 2479 1347 2561 pruina
1390 2489 1637 2545 tantum
1680 2479 1960 2551 albicans
2004 2483 2136 2557 lux.
2203 2480 2433 2553 Media⁴
2468 2504 2621 2549 vero

399 2586 742 2655 terrarum,
801 2599 927 2657 qua
983 2575 1135 2645 solis
1185 2577 1395 2649 orbita
1449 2589 1578 2657 est,
1638 2591 1866 2655 exusta
1914 2580 2186 2653 flammis
2232 2593 2298 2651 et
2346 2592 2625 2657 cremata

397 2676 733 2745 conminus
776 2696 1009 2756 vapore
1050 2685 1388 2749 torrentur,
1446 2676 1637 2751 Circa
1663 2681 1829 2753 duae
1860 2691 2105 2755 tantum
2141 2683 2306 2749 inter
2336 2693 2624 2761 exustam

465 2841 582 2917 leffe,
607 2842 704 2902 ΒΚ
745 2894 823 2924 -.
843 2841 1120 2914 Suebofflm,
1154 2847 1217 2905 R.
1264 2844 1545 2922 Raetorum,
1579 2852 1729 2906 Voss.
1766 2855 1830 2906 ad
1852 2858 2044 2907 Melam
2076 2858 2112 2905 l.
2147 2859 2182 2905 1.
2233 2897 2295 2905 -.
2337 2853 2624 2915 Germania,

397 2921 446 2968 d.
496 2957 558 2967 .-
602 2921 940 2982 circumstuta,
974 2912 1062 2987 Βί
1103 2954 1163 2970 ⁵-
1210 2918 1350 2984 crtt‘s,
1383 2920 1471 2972 R¹.
1520 2964 1582 2972 -.
1630 2939 1780 2986 neque
1814 2923 1948 2984 inde,
1982 2927 2030 2973 d.
2079 2963 2142 2972 -.
2187 2922 2289 2983 hoc,
2322 2925 2385 2972 Β.
2434 2961 2495 2970 ..-.
2540 2936 2626 2970 nec

396 2980 526 3048 hinc,
551 2983 613 3037 R.
651 2996 802 3051 neque
826 2975 947 3050 hinc,
972 2983 1085 3039 a2d.
1124 3003 1293 3052 neque,
1326 2991 1379 3039 αἱ
1407 2987 1665 3053 (Robert.)
1700 3030 1763 3038 -
1801 2988 1898 3050 ille,
1922 2993 1984 3041 Β.
2022 3030 2086 3038 -.
2120 2987 2321 3053 pervia,
2345 2991 2409 3040 R.
2430 2986 2625 3053 pai-vio,

397 3057 445 3105 ir.
486 3097 547 3104 -
583 3055 764 3118 tracto,
789 3057 877 3106 3¹.
918 3097 974 3105 -
1016 3065 1142 3119 apte,
1175 3057 1264 3106 R2.
1303 3097 1365 3105 .-
1402 3054 1654 3122 deteyente,
1677 3058 1783 3107 Βσ.
1823 3096 1877 3104 .-
1923 3057 2161 3117 vanitate,
2184 3057 2246 3107 Β.
2290 3095 2345 3104 ..
2384 3064 2453 3116 ut,
2477 3056 2625 3105 Rad.

399 3123 466 3183 in,
491 3125 694 3174 Robert.
733 3164 795 3172 -
833 3123 1079 3187 quicquid,
1101 3125 1164 3174 Β.
1203 3161 1266 3172 -.
1303 3139 1405 3184 ceu,
1430 3125 1601 3174 R2ad.
1637 3123 1806 3184 caelis,
1828 3125 1925 3181 R'.

467 3188 496 3247 ξ
526 3194 636 3238 171.
673 3192 724 3240 in
749 3189 949 3241 dimidio
972 3191 1251 3255 computari,
1283 3192 1453 3245 Rad¹.
1511 3188 1629 3239 inde
1661 3188 1778 3241 mihi
1799 3189 2058 3254 disputari,
2095 3190 2216 3239 Sd2.
2254 3189 2366 3238 inde
2390 3189 2506 3239 mihi
2526 3185 2628 3236 dis-

396 3255 679 3318 putandum,
721 3272 759 3304 r.
804 3294 857 3303 -
898 3267 1129 3319 tanquam
1169 3257 1303 3307 nulla
1339 3258 1516 3321 portio,
1555 3259 1706 3309 Rad.
1759 3273 1866 3306 cum
1903 3256 2037 3307 nulla
2057 3256 2231 3319 portio,
2257 3256 2343 3306 Sr.
2386 3269 2629 3316 quaenam

400 3321 531 3370 illius
550 3321 728 3382 portio,
751 3322 885 3370 Pint.
923 3362 986 3370 .-
1022 3322 1290 3384 decidatur,
1313 3327 1376 3374 Β.
1401 3324 1618 3383 decidat,
1643 3323 1775 3372 Tad
1799 3319 2060 3384 (Robert.)
2100 3319 2314 3382 decedat,
2337 3323 2472 3373 Pint,
2497 3338 2537 3370 r.
2566 3360 2627 3368 .-

401 3393 515 3445 toto,
552 3387 626 3435 uti
655 3387 885 3449 Propert.
919 3388 1015 3437 111.
1056 3395 1133 3444 11,
1171 3393 1250 3441 57.
1297 3429 1345 3436 -
1391 3390 1743 3450 circumdatur,
1778 3391 1839 3438 Β.
1880 3430 1941 3437 -
1979 3387 2147 3449 omnis,
2181 3391 2242 3439 Β.
2282 3428 2343 3441 ..-
2380 3397 2440 3447 et,
2466 3388 2628 3437 omitt.

401 3453 471 3502 R¹
499 3449 757 3513 (Robert.)
797 3490 854 3498 -
895 3453 1143 3515 quicquid,
1167 3456 1229 3504 Β.
1268 3493 1329 3501 .-
1369 3453 1476 3516 hae,
1500 3458 1562 3505 Β.
1598 3463 1704 3514 aut,
1730 3453 2129 3517 ad6(Robert.)
2168 3494 2230 3504 .-
2268 3462 2339 3504 tot
2361 3471 2421 3505 ac
2443 3462 2628 3512 tantae,

403 3536 447 3567 a.
485 3526 582 3567 tota
605 3527 783 3577 tantae,
806 3520 840 3566 d
863 3516 1119 3579 (Robert.)
1156 3527 1262 3571 tota
1284 3522 1457 3582 drame,
1480 3523 1543 3573 Β.
1579 3529 1648 3569 tot
1672 3531 1717 3569 et
1739 3531 1913 3582 tantae,
1937 3518 2039 3585 βγ.
2090 3561 2152 3570 ..-
2194 3536 2400 3585 pascens
2432 3560 2493 3569 ...
2530 3536 2630 3570 am-

397 3582 681 3650 plitudinis,
701 3587 764 3635 d..
780 3585 956 3639 Omitt:
979 3587 1068 3636 Ra
1091 3582 1351 3647 (Robert.)
1389 3626 1451 3637 ,.-
1489 3587 1782 3648 crederetur,
1805 3590 1870 3637 R.
1911 3628 1972 3636 ...
2010 3597 2068 3648 et,
2091 3604 2190 3636 om.
2214 3590 2276 3637 Β.

465 3650 502 3724 fi
532 3655 644 3709 1¹12.
680 3650 839 3712 Adde,
872 3652 931 3700 a²
962 3650 1219 3714 (Robert.)
1262 3650 1383 3715 Agla,
1415 3654 1653 3704 RTa'aei.
1705 3694 1766 3702 .-
1813 3653 1982 3704 relicto
2016 3655 2188 3718 spatio,
2212 3655 2416 3707 Robert.
2456 3692 2519 3711 ..‚
2556 3652 2632 3701 iu-

388 3721 548 3783 secto,
573 3721 661 3771 R¹.
706 3758 756 3768 ..-
800 3727 1010 3779 aeterne,
1035 3720 1202 3773 Bw.
1242 3758 1304 3767 ....
1334 3720 1569 3784 premitur
1598 3718 1724 3783 yelu,
1757 3737 1804 3769 a.
1855 3761 1916 3768 -.
1960 3722 2292 3785 superiectum,
2322 3723 2386 3775 Β.
2426 3758 2489 3768 ....
2525 3735 2631 3769 ver-

405 3786 558 3845 ticem,
599 3788 686 3838 Βῐ.
727 3826 788 3835 ...
826 3783 964 3845 hunc,
1007 3800 1106 3834 om.
1148 3785 1209 3833 T.
1249 3825 1310 3834 -.
1347 3787 1552 3837 trionum
1593 3795 1784 3849 septem,
1826 3787 2034 3838 RTdo.
2078 3787 2366 3851 septemtrio,
2389 3781 2531 3848 αβγ.
2570 3825 2630 3835 ..-

405 3862 555 3916 atque
581 3854 740 3905 utrobi
773 3870 842 3912 ue,
867 3855 954 3904 ΒΞ.
988 3891 1039 3901 ..
1082 3849 1371 3915 adspectum
1395 3853 1584 3915 aliqua,
1608 3846 1670 3901 Β.
1699 3893 1760 3901 ..
1798 3852 1914 3902 Lux
1940 3853 2102 3903 media
2124 3869 2251 3913 vero,
2274 3856 2344 3901 αἳ.
2382 3851 2497 3903 Lux
2522 3868 2634 3901 vero

408 3918 584 3981 media,
607 3921 711 3969 ΒΤ
775 3921 897 3968 a'd.
937 3959 998 3967 .-
1038 3934 1155 3981 qua,
1179 3918 1267 3967 R2.
1306 3934 1411 3982 que,
1435 3921 1665 3969 R¹Tdm
1705 3934 1849 3980 quae,
1886 3936 1930 3968 a.
1971 3961 2033 3968 .-
2079 3928 2247 3979 exuta,
2270 3918 2367 3970 R'.
2407 3959 2467 3967 -
2512 3935 2633 3967 com-

407 3986 583 4046 minus,
608 3989 697 4035 ad.
737 4026 798 4033 -
833 3995 1093 4046 torrentur,
1117 3987 1179 4036 Β.
1207 3992 1433 4046 torretur,
1457 3981 1641 4050 αᾶβγ.
1682 4025 1742 4034 .,
1788 3985 1936 4036 Circa
1960 4002 2118 4050 qnam,
2143 3986 2350 4035 Robert.
2391 4024 2452 4035 ....
2490 3985 2633 4044 duae,

409 4065 510 4099 om.
534 4055 608 4101 (Ρ.
645 4053 756 4110 duo,
780 4052 984 4107 Robora
1024 4092 1083 4101 ..
1122 4060 1334 4111 exutam,
1358 4053 1447 4101 R'.
1477 4093 1538 4101 ..-
1569 4053 1845 4116 plagaeque
1867 4062 2205 4116 temperantur,
2230 4053 2322 4103 ΒΞ.
2352 4091 2414 4101 -..
2437 4050 2635 4110 sideris,

408 4116 505 4165 11².
542 4116 773 4177 siderum,
797 4120 845 4171 Β
864 4114 1214 4181 ’Τθῆάτσὶα
1253 4158 1314 4167 ....
1352 4128 1513 4168 terrae
1535 4128 1650 4180 tres,
1676 4136 1720 4168 a.
1758 4125 1923 4169 terrae
1945 4127 2084 4179 stres,
2110 4120 2173 4168 Β.
2212 4127 2513 4177 trernestres,
2538 4120 2584 4167 d.

477 4182 506 4242 ξ
537 4188 645 4232 173.
700 4194 796 4243 aut,
838 4186 899 4234 R.
939 4224 999 4232 ...
1036 4185 1252 4245 dicimus,
1294 4187 1381 4235 R2.
1418 4186 1640 4245 diximus,
1682 4202 1706 4233 r
1748 4183 1999 4246 (Robert.)
2056 4226 2118 4234 ...
2172 4187 2319 4247 sinos,
2360 4187 2447 4235 R'.
2489 4224 2548 4232 ....
2588 4193 2641 4232 ut

408 4258 615 4310 centum,
658 4251 831 4299 mad.
869 4250 1091 4311 vaenum,
1114 4252 1202 4302 13¹.
1240 4290 1302 4300 .-..
1333 4267 1577 4314 passuum
1619 4260 1801 4304 tantum
1837 4250 2100 4315 Arabicus,
2131 4252 2196 4303 K.
2237 4292 2300 4302 .-
2337 4249 2421 4312 ad,
2446 4251 2534 4301 ΒΗ.
2576 4290 2636 4299 ..-
