2961 4861
280 364 288 373 ·
384 372 549 412 xxv1
1290 340 1681 411 'rums-Ano.

1425 439 1437 467 l

466 521 713 580 Minoris
740 537 851 594 ego
877 520 1049 595 pretii
1074 520 1262 578 habeo
1290 521 1551 578 codicem
1573 508 2090 591 Salmaticehsem‚
2121 521 2226 594 qui
2249 518 2378 578 XV
2405 520 2639 597 priores

381 633 564 713 libros
592 608 892 690 continens
918 649 956 687 a
982 629 1255 687 Pintiano
1267 672 1286 701 ‚
1330 631 1432 704 qui
1467 630 1529 688 in
1568 629 2073 687 observationibus
2102 628 2223 686 suis
2249 647 2405 687 anno
2438 624 2635 688 1544.

382 741 552 799 editis
578 742 781 816 plures
811 760 887 799 ex
911 758 981 797 eo
1007 738 1170 797 locos
1200 739 1517 814 excerpsit,
1549 738 1860 797 semivetus
1887 738 2242 814 appellatur.
2288 736 2464 796 Certe
2490 756 2638 796 cum

381 850 691 921 ToletanO,
722 849 887 907 cuius
908 848 1222 923 scripturas
1242 844 1552 904 Pintianus
1578 847 1926 923 plerumque
1949 847 2126 906 simul
2145 848 2442 924 apposuit,
2471 865 2637 905 oom-

379 959 576 1037 parari
603 959 822 1032 nequit.

463 1065 760 1125 Pauciora
790 1067 966 1123 etiam
995 1066 1072 1123 de
1097 1066 1171 1124 iis
1202 1066 1495 1125 codicibus
1517 1066 1741 1123 narrari
1758 1071 2027 1141 possunt,
2059 1065 2274 1139 quibus
2295 1066 2638 1124 Massariue

378 1178 440 1234 in
470 1176 897 1234 commentario·
908 1174 1042 1234 libri
1066 1174 1184 1233 IX.
1212 1175 1501 1233 naturalis
1528 1174 1803 1233 historiae
1828 1172 2099 1233 Basileae
2130 1169 2313 1234 1537.
2343 1181 2436 1230 est
2460 1190 2635 1231 usus.

380 1286 587 1345 Unum
614 1303 817 1342 eorum
843 1285 919 1342 ad
948 1302 998 1342 c.
1029 1280 1091 1343 8.
1123 1288 1153 1353 5
1182 1280 1284 1342 21.
1312 1283 1439 1359 ipse
1467 1283 1605 1341 dicit
1641 1283 2141 1354 vetustissimum,
2185 1292 2246 1341 et
2286 1283 2349 1339 in
2385 1282 2633 1340 univer-

381 1412 510 1452 sum
540 1412 676 1452 cum
701 1394 1045 1452 melioribus
1071 1393 1239 1451 libris
1265 1392 1510 1451 faciunt..

465 1503 699 1561 Horum
726 1503 987 1560 omnium
1017 1503 1282 1559 virorum
1310 1502 1617 1559 doctorum
1638 1518 1819 1576 opera
1839 1501 1942 1575 qu‘i
1957 1500 2022 1558 in
2041 1499 2294 1558 editione
2320 1517 2430 1557 sua
2455 1499 2632 1567 ador-

382 1612 577 1671 nanda
607 1612 773 1685 quasi
799 1610 1154 1670 hereditario
1180 1609 1308 1668 iure
1339 1628 1483 1668 usus
1512 1615 1602 1667 est
1628 1611 1865 1669 Iacobus
1893 1610 2328 1685 Dalecampius,
2366 1605 2633 1665 medicus

378 1722 464 1779 rei
490 1722 814 1792 herbariae,
835 1730 905 1779 ut
925 1718 1317 1780 Schneiderus
1337 1719 1719 1778 ad*Nicandri
1738 1719 2065 1794 fragmenta
2084 1736 2146 1794 p.
2170 1711 2317 1788 295,
2341 1711 2443 1775 31.
2465 1715 2631 1774 iudi-

380 1838 492 1904 cat,
526 1831 788 1907 apprime
819 1830 1039 1905 peritus
1068 1849 1257 1906 neque
1281 1831 1347 1888 in
1375 1829 1514 1888 crisi
1531 1827 1850 1888 factitando.
1869 1830 2025 1887 bono
2050 1826 2264 1886 iudicio
2292 1825 2630 1898 destitutus,

379 1941 526 1999 adeo
553 1946 623 1997 ut
648 1940 700 1997 1.
730 1939 783 1996 I.
815 1937 1077 2015 Scaliger
1100 1939 1161 1997 in
1192 1937 1583 2015 Scaligeranis
1610 1958 1670 2014 p.
1704 1934 1848 1997 317.
1876 1937 2179 1996 meliorem
2205 1935 2387 1994 Plinii
2421 1936 2631 1994 editio·

378 2068 515 2108 nem
542 2048 646 2106 vix
671 2046 799 2113 dari
832 2064 1008 2123 posse
1033 2046 1337 2120 iudicaret,
1375 2048 1554 2120 longe
1579 2047 1928 2121 iniquiorem
1966 2048 2041 2105 de
2070 2064 2140 2104 eo
2171 2045 2518 2104 sententiam
2542 2043 2630 2102 fe-

379 2155 921 2218 rente.Casaubono
949 2157 1026 2217 ad
1055 2155 1355 2232 Theophr.
1390 2154 1665 2214 Charact.
1692 2176 1752 2233 p.
1787 2152 1891 2215 14.
1919 2157 2013 2214 ed.
2040 2154 2264 2227 Fisch.,
2305 2154 2627 2213 Daleeam-

379 2268 514 2346 pius
542 2268 724 2342 igitur
750 2265 1050 2340 margines
1091 2265 1360 2324 editionis
1389 2282 1534 2324 suae
1561 2283 1717 2324 anno
1749 2259 1936 2325 1587.
1963 2265 2025 2324 in
2050 2265 2356 2340 publicum
2384 2263 2629 2325 emissae

377 2377 605 2454 ingenti
619 2376 994 2436 multitudine
1006 2376 1304 2435 variarum
1315 2375 1635 2436 lectionum
1650 2375 1930 2454 opplevit,
1948 2392 2098 2450 quae
2110 2392 2243 2434 cum
2258 2374 2627 2433 coniecturae

379 2494 519 2546 sunt
538 2488 798 2547 virorum
818 2488 1122 2546 doctorum
1145 2492 1206 2544 et
1224 2486 1507 2544 lectiones
1529 2487 1728 2546 variae
1749 2485 2014 2544 codicum
2035 2493 2170 2543 ante
2180 2484 2624 2561 Dalecampium

380 2616 420 2656 a
447 2597 589 2656 viris
611 2597 816 2669 doctis,
844 2598 932 2655 uti
949 2596 1238 2668 Barbam,
1260 2593 1559 2669 Pintiano,
1583 2595 1855 2667 Gelenio,
1882 2601 2311 2671 excerptorum,
2333 2581 2460 2653 tum
2478 2612 2624 2670 pro-

380 2708 536 2765 latae
566 2726 599 2765 e
620 2707 915 2764 codicibus
935 2708 1011 2765 ab
1033 2707 1165 2781 ipso
1183 2704 1568 2782 Dalecampio
1588 2706 1844 2782 primum
1865 2705 2115 2763 collatis.
2140 2703 2226 2762 Et
2242 2703 2345 2763 ille
2365 2704 2625 2778 quidem,

381 2816 469 2875 uti
496 2815 558 2873 in
583 2813 942 2890 praefatione
970 2814 1240 2872 editionis
1268 2832 1411 2872 suae
1436 2823 1668 2886 narrat,
1711 2832 1819 2873 sex
1853 2814 2080 2872 codices
2118 2831 2310 2890 penna
2350 2819 2625 2871 exaratos

379 2926 457 2984 ad
496 2941 734 2982 manum
775 2923 999 2995 habuit,
1037 2941 1288 2998 quorum
1333 2925 1744 2998 Chiffletianum
1779 2933 1839 2982 et
1879 2925 2107 2983 Ouiacii
2140 2924 2359 2982 librum
2394 2922 2459 2980 in
2493 2923 2625 2998 ipsa

381 3034 741 3112 praefatione
798 3033 1123 3092 nominavit
1136 3074 1155 3104 ,
1214 3032 1470 3108 reliquos
1522 3039 1802 3108 quattuor
1849 3033 2067 3109 passim
2116 3051 2223 3109 per
2270 3033 2449 3110 ipsius
2498 3032 2624 3090 edi-

382 3146 558 3204 tionis
598 3146 931 3216 decursum,
972 3143 1061 3202 uti
1098 3145 1188 3202 M.
1219 3144 1555 3202 Parisiense
1583 3143 1661 3201 ad
1689 3141 1871 3200 XVI.
1905 3139 2011 3201 42.
2045 3147 2075 3212 5
2106 3138 2251 3201 223.
2279 3138 2384 3199 44.
2416 3145 2448 3210 5
2475 3136 2622 3200 240.

382 3254 658 3313 XXXV.
700 3250 801 3313 10.
842 3257 873 3323 5
905 3249 1007 3312 92.
1047 3252 1356 3310 XXXVI.
1392 3248 1494 3311 14.
1526 3247 1682 3321 594.
1712 3247 1816 3310 22.
1847 3256 1877 3330 5
1903 3246 2048 3312 158.
2080 3247 2225 3311 166.
2266 3246 2370 3311 25.
2415 3255 2446 3321 5
2479 3246 2624 3311 184.

385 3358 530 3424 185·.
574 3358 717 3422 189.
771 3356 874 3420 26.
932 3364 962 3430 5
1004 3357 1148 3419 199.
1184 3359 1526 3420 XXXVH.
1567 3357 1628 3419 2.
1683 3365 1714 3431 5
1754 3357 1855 3420 14.
1898 3357 2001 3421 15.
2046 3358 2146 3421 10.
2199 3366 2230 3432 5
2270 3355 2445 3433 157„
2502 3362 2626 3421 Vct.

381 3473 808 3531 Modiolamme
846 3470 923 3527 ad
962 3467 1244 3527 XXXII.
1290 3465 1390 3528 10.
1433 3473 1464 3539 5
1498 3466 1663 3543 141.,
1701 3472 2031 3531 Basileense
2060 3472 2138 3529 ad
2166 3470 2281 3529 IV.
2323 3467 2424 3554 12.
2458 3474 2489 3540 5
2518 3465 2623 3534 81.

381 3574 467 3641 V.
510 3575 613 3638 24.
660 3582 690 3648 5
729 3572 832 3638 85.
875 3573 978 3636 29.
1021 3581 1051 3647 5
1094 3573 1237 3635 111.
1279 3573 1423 3636 112.
1467 3574 1572 3638 30.
1610 3584 1641 3650 5
1685 3575 1826 3640 125.
1869 3576 1971 3640 31.
2024 3585 2055 3651 5
2096 3575 2239 3640 135.
2288 3574 2622 3639 137.-138.

387 3686 528 3749 140.
582 3684 688 3749 32.
741 3692 771 3758 5
814 3683 958 3746 147.
1013 3686 1125 3746 VI.
1174 3682 1231 3745 1.
1279 3690 1310 3755 5
1362 3684 1421 3745 1.
1466 3683 1527 3748 5.
1568 3693 1599 3759 5
1653 3686 1753 3748 17.
1807 3686 1866 3750 8.
1907 3694 1938 3759 5
1975 3686 2078 3749 23.
2133 3686 2236 3749 10.
2286 3693 2317 3760 5
2359 3685 2464 3749 29.
2520 3683 2621 3748 13.

382 3794 546 3871 535.
592 3794 686 3858 16.
739 3802 769 3868 5
797 3793 903 3858 48.
943 3790 1047 3856 25.
1088 3800 1119 3866 5
1151 3791 1296 3854 111.
1336 3792 1438 3856 27.
1470 3802 1502 3868 5
1534 3793 1676 3857 130.
1709 3794 1812 3859 28.
1856 3803 1887 3869 5
1920 3795 2064 3859 146.
2098 3795 2242 3860 154.
2274 3793 2418 3860 155.
2452 3792 2619 3870 158.,

381 3910 651 3968 Mense
687 3902 782 3987 (r)
836 3908 914 3966 ad
951 3906 1190 3965 ultimos
1226 3907 1596 3983 potissimum
1622 3908 1807 3968 Plinii
1831 3909 2035 3983 libros,
2076 3910 2336 3970 fortasse
2372 3909 2622 3969 eundem

383 4037 516 4078 cum
544 4019 824 4078 Foxiensi
848 4036 886 4074 a
915 4014 1219 4077 Gronovio
1247 4019 1404 4077 obss.
1437 4015 1498 4090 1,
1528 4014 1590 4077 4.
1631 4020 1709 4078 ad
1736 4014 1797 4077 2.
1829 4024 1859 4089 5
1892 4014 2035 4080 175.
2081 4003 2535 4079 commemorato
2564 4027 2626 4077 et

380 4128 543 4189 haud
570 4128 751 4186 dubie
780 4126 1039 4185 Tolosae
1066 4134 1390 4199 asservatO,
1421 4145 1540 4202 qua
1563 4129 1623 4188 in
1649 4129 1797 4187 urbe
1825 4129 2234 4189 bibliothecam
2272 4130 2620 4189 Foxiensem

381 4237 564 4298 fuisse
591 4236 744 4298 idem
774 4237 866 4298 vir
893 4254 1155 4298 summus
1181 4237 1242 4296 in
1272 4236 1499 4315 sylloge
1533 4237 1973 4300 Burmanniana
2007 4235 2070 4300 3.
2110 4259 2171 4318 p.
2211 4235 2312 4301 96.
2351 4247 2619 4300 testatur.
