2961 4861
1016 362 1157 408 mn.
1188 364 1289 409 111.
1351 363 1507 409 cAP.
1541 366 1606 410 v,
1673 366 1866 413 sEcT.
1898 369 1935 410 ο.
2474 355 2595 419 225

357 518 587 592 tusque
652 532 730 576 ac
784 510 958 575 viros
1012 522 1079 576 et
1142 513 1365 600 lingua
1426 536 1746 600 manuque
1806 530 2140 602 superatas
2198 542 2597 592 conmemoro

356 608 592 695 gentis.
661 608 800 695 Ipsi
854 610 937 676 de
991 632 1069 677 ea
1121 611 1490 678 iudicavere
1536 611 1751 693 Graii,
1811 640 2019 703 genus
2071 620 2138 684 in
2187 623 2456 710 gloriam
2500 624 2609 690 sui.

358 708 813 775 effusissimum
829 759 847 788 ,
913 722 1174 794 quotam
1226 724 1478 798 partem
1539 737 1620 779 ex
1677 738 1755 780 eo
1813 719 2198 803 appellando
2255 719 2600 789 Graeciam

352 809 682 897 magnam!
760 810 1080 876 Nimirum
1120 811 1190 876 id
1234 814 1407 897 quod
1456 814 1524 878 in
1569 816 1729 882 caeli
1779 818 2100 886 mentione
2152 822 2422 889 fecimus
2478 825 2601 890 hac

271 901 296 910 ‘
355 930 613 993 quoque
655 909 723 974 in
764 920 949 996 parte
994 911 1364 978 faciendum
1408 925 1540 993 est,
1586 926 1661 980 ut
1703 920 2013 1003 quasdam
2056 934 2241 988 notas
2287 936 2351 990 et
2393 949 2602 1012 pauca

341 1008 567 1074 ,sidera
593 1012 1008 1097 attingamus.
1052 1011 1383 1099 Legentes
1428 1026 1697 1097 tantum,
1745 1041 2004 1103 quaeso,
2044 1021 2471 1106 meminerint,
2516 1028 2602 1092 ad

360 1110 614 1197 singula
658 1120 794 1175 toto
837 1112 993 1177 orbe
1038 1113 1478 1179 edissertanda
1522 1116 1833 1184 festinari.
1899 1120 2023 1186 Est
2066 1147 2219 1211 ergo
2263 1128 2416 1194 folio
2459 1152 2598 1193 ma·
2628 1150 2692 1193 43

350 1233 546 1276 xume
605 1234 851 1296 querno
909 1213 1289 1283 adsimulata
1303 1264 1321 1293 ,
1383 1219 1586 1283 multo
1643 1222 2027 1305 proceritate
2083 1228 2353 1312 amplior
2407 1252 2600 1314 quam

347 1311 709 1392 latitudine,
754 1314 822 1378 in
849 1314 1032 1380 laevo
1062 1337 1131 1380 se
1162 1315 1426 1381 flectens
1464 1321 1793 1386 cacumine
1825 1333 1889 1388 et
1917 1323 2351 1395 Amazonicae
2393 1330 2603 1418 figura

360 1412 663 1479 desinens
712 1437 1007 1501 parmae,
1061 1416 1173 1481 ubi
1227 1439 1267 1480 a
1316 1419 1530 1483 medio
1585 1442 1864 1487 excursu
1911 1423 2259 1494 Cocinthos
2311 1443 2598 1509 vocatur,

350 1536 469 1599 per
514 1515 691 1579 sinus
733 1517 987 1582 lunatos
1032 1517 1162 1581 duo
1204 1539 1443 1583 cornua
1474 1522 1796 1603 emittens,
1840 1524 2318 1626 Leucopetram
2349 1534 2597 1611 dextra,

349 1611 697 1679 Lacinium
726 1615 1002 1681 sinistra.
1067 1615 1262 1681 Patet
1301 1618 1703 1706 longitudine
1746 1625 1828 1690 ab
1873 1625 2116 1712 Alpino
2157 1631 2285 1697 fine
2329 1633 2600 1700 Praeto-

353 1713 485 1779 riae
528 1715 903 1802 Augustae,
957 1738 1077 1801 per
1119 1716 1345 1782 urbem
1390 1716 1810 1806 Capuamque
1856 1748 2051 1792 cursu
2091 1742 2379 1810 meante,
2423 1733 2601 1799 Rhe-

355 1814 537 1902 gium
589 1816 899 1902 oppidum
953 1817 1021 1880 in
1078 1839 1298 1883 umero
1357 1819 1494 1883 eius
1554 1821 1746 1887 situm
1798 1848 1837 1889 a
1891 1849 2020 1912 quo
2075 1831 2275 1896 veluti
2334 1836 2604 1900 cervicis

353 1915 581 2001 incipit
623 1915 852 1995 flexus,
873 1999 878 2004 ρ
899 1916 1158 1982 deciens
1204 1927 1468 1983 centena
1505 1931 1570 1984 et
1597 1922 1827 2011 viginti
1856 1928 2030 1994 milia
2057 1953 2387 2014 passuum,
2433 1938 2601 2001 mul-

354 2025 549 2101 toque
593 2017 863 2104 amplior
904 2039 1202 2083 mensura
1243 2018 1426 2084 fieret
1465 2019 1807 2090 Lacinium
1851 2050 2088 2113 usque,
2134 2033 2200 2097 ni
2247 2035 2390 2101 talis
2435 2037 2599 2102 obli-⁴

351 2116 562 2202 quitas
618 2118 687 2181 in
740 2118 911 2183 latus
966 2118 1220 2205 digredi
1274 2118 1622 2187 videretur.
1688 2123 1999 2193 Latitudo
2057 2132 2196 2198 eius
2239 2137 2418 2202 varia
2463 2149 2596 2204 est:
2626 2157 2693 2201 44

350 2238 557 2281 ccccx
600 2217 849 2284 milium
893 2218 1060 2282 inter
1102 2218 1231 2288 duo
1273 2220 1474 2285 maria
1515 2222 1794 2290 inferum
1826 2238 1893 2292 et
1929 2253 2234 2317 superum
2263 2239 2598 2331 amnisque

350 2317 601 2384 Varum
645 2329 838 2403 atque
880 2318 1177 2398 Arsiam,
1222 2321 1434 2386 media
1475 2334 1692 2389 autem
1733 2326 1936 2395 ferme
1982 2333 2153 2399 circa
2193 2337 2421 2402 urbem
2462 2339 2596 2404 Ro·
2664 2335 2677 2344 ’

353 2441 521 2483 mam
578 2418 658 2484 ab
712 2419 877 2485 ostio
917 2418 1150 2485 Aterni
1201 2422 1405 2492 amnis
1447 2421 1517 2487 in
1557 2422 2010 2494 Hadriaticum
2052 2456 2229 2500 mare
2272 2437 2605 2506 influentis<

355 2520 439 2584 ad
495 2518 797 2584 Tiberina
849 2520 1013 2585 ostia
1062 2541 1338 2599 cxxxw,
1410 2531 1476 2586 et
1531 2524 1724 2608 paulo
1776 2528 1986 2595 minus
2041 2555 2080 2596 a
2136 2532 2365 2604 Castro
2429 2562 2598 2607 novo

348 2617 707 2684 Hadriatici
762 2619 957 2684 maris
1006 2619 1264 2685 Alsium
1318 2621 1404 2685 ad
1455 2621 1742 2691 Tuscum
1800 2651 2038 2715 aequor
2054 2682 2072 2713 ,
2127 2635 2305 2702 haud
2347 2641 2476 2707 ullo
2528 2642 2598 2706 in

348 2721 503 2786 loco
535 2741 609 2785 oc
663 2719 1065 2786 latitudinem
1120 2723 1459 2789 excedens,
1535 2724 1899 2796 Universae
1956 2746 2172 2802 autem
2223 2741 2504 2808 ambitus
2557 2768 2598 2809 a

349 2820 528 2887 Varo
572 2819 657 2884 ad
699 2819 963 2885 Arsiam
994 2827 1135 2880 ffi
1175 2841 1278 2880 mx
1320 2846 1634 2909 passuum
1687 2829 1900 2897 efficit.
1974 2835 2188 2902 Abest
2233 2862 2272 2903 a
2319 2842 2591 2908 circum·
2619 2863 2684 2907 45

347 2957 536 3018 stellas,
559 2960 625 3008 K.
666 2999 727 3008 -..
766 2975 861 3021 quo
890 2978 956 3020 se,
989 2962 1094 3010 Rd.
1135 3001 1198 3009 .-
1236 2959 1600 3026 edissertanda,
1633 2966 1700 3016 A.
1749 2967 2059 3031 edissertata,
2090 2976 2140 3022 R
2165 2971 2324 3038 (qnod
2350 2979 2508 3028 Solin.
2544 2987 2592 3042 2,

349 3030 430 3076 23.
455 3027 729 3088 usurpavit,
761 3027 882 3076 licet
911 3028 1012 3076 alio
1046 3027 1305 3090 relatum.)
1351 3028 1583 3092 disserta,
1608 3034 1641 3081 d
1660 3035 1691 3081 ¹.
1737 3032 2052 3099 disserenda,
2079 3040 2168 3088 Td
2184 3042 2219 3089 ².
2257 3040 2590 3108 edisserenda,

345 3088 447 3157 βγ.
495 3093 613 3143 vid.
641 3093 869 3144 Oudend.
894 3097 959 3144 ad
981 3094 1175 3159 Appnl.
1199 3097 1323 3145 Met.
1347 3112 1397 3159 p.
1423 3104 1539 3147 451.

414 3162 550 3223 §4:3.
595 3158 905 3221 adsimulata,
938 3164 1000 3212 R.
1047 3159 1347 3222 assimilata,
1380 3160 1584 3229 Adssr.
1633 3166 1750 3215 Vid.
1785 3167 1947 3217 Solin.
1985 3175 2031 3231 2,
2057 3177 2137 3222 20.
2175 3212 2232 3221 ..
2276 3175 2409 3226 laevo
2431 3196 2482 3228 se
2489 3179 2590 3244 fle-

346 3235 489 3287 ctens,
513 3228 668 3277 B2K.
709 3226 876 3276 laevas
884 3227 1107 3292 flectens,
1131 3230 1181 3278 R
1201 3231 1230 3277 ¹.
1269 3228 1376 3277 leva
1398 3232 1454 3277 s?
1468 3230 1693 3293 flectens,
1717 3234 1784 3283 A.
1824 3232 1967 3285 laeva
1988 3254 2039 3285 se
2054 3240 2280 3304 flectens,
2300 3239 2402 3309 βγ.
2450 3245 2590 3297 laeva

344 3292 610 3355 γρβεειρηε,
635 3295 741 3345 Td.
771 3333 833 3342 -
858 3310 1028 3358 parve,
1049 3295 1140 3342 R1.
1177 3295 1292 3344 vid.
1317 3298 1555 3346 Martian.
1591 3304 1636 3359 6,
1665 3305 1778 3349 639.
1807 3342 1869 3350 -,
1891 3318 2089 3368 exon-su,
2113 3310 2202 3358 R1.
2231 3351 2293 3360 ...
2323 3309 2588 3378 Cocinthos,

345 3359 531 3409 Sabell.
565 3370 616 3409 et
645 3361 853 3410 Barbar.
904 3358 1189 3424 Cocynthos,
1220 3362 1289 3411 A.
1340 3359 1564 3428 Cynthos,
1595 3366 1802 3419 RTdo.
1849 3411 1912 3419 -
1957 3388 2120 3436 cornu,
2152 3378 2202 3426 R
2218 3379 2248 3426 ¹.
2287 3421 2350 3429 -
2398 3381 2588 3443 dextra,

342 3426 509 3476 RAd.
554 3426 767 3485 dextera,
790 3422 890 3490 βγ.
929 3467 993 3476 .....
1031 3429 1110 3488 ab,
1132 3429 1255 3479 ΒΑ.
1302 3431 1383 3490 ad,
1414 3433 1518 3482 Td.
1574 3433 1701 3484 Om.¹
1721 3450 1767 3485 σ,
1806 3478 1870 3486 -.
1910 3436 2105 3504 Alpino,
2128 3443 2191 3492 R.
2243 3444 2487 3512 Inalpirw,
2519 3451 2587 3501 A.

343 3489 684 3556 Alpinos,Td.
707 3533 770 3541 -.
796 3486 1110 3561 Capussaque‚
1129 3497 1176 3544 d.
1201 3513 1356 3560 aeque
1390 3500 1599 3550 Barbar.
1615 3543 1678 3550 .-
1697 3501 1919 3568 Remum,
1937 3508 2063 3557 ΒΑ.
2089 3550 2152 3559 -.
2174 3516 2443 3576 numero‚A
2460 3519 2506 3565 d.
2522 3557 2587 3566 -.

343 3573 450 3618 aco,
473 3559 574 3607 3¹.
611 3600 673 3607 -
724 3559 982 3625 etviqinti,
1016 3577 1117 3610 om.
1145 3562 1331 3614 Dieufl.
1355 3535 1398 3616 i.
1433 3573 1480 3630 3,
1513 3574 1554 3617 1.
1606 3571 1748 3619 Idem
1772 3587 1892 3622 vero
1918 3575 2072 3626 habet
2093 3579 2134 3627 1.
2162 3585 2209 3640 3,
2237 3586 2283 3629 3.
2323 3621 2385 3629 .-
2431 3584 2586 3645 multo,

342 3626 530 3675 Dicuil.
552 3627 593 3675 I.
631 3633 678 3687 3,
703 3632 751 3675 3.
790 3667 854 3675 -
890 3625 1107 3693 deqredi,
1132 3630 1197 3679 A.

410 3690 439 3752 ξ
475 3699 556 3743 44.
612 3689 854 3754 CCCCX,
889 3695 1046 3745 RAd
1080 3693 1290 3757 (Dicuil.
1323 3702 1365 3750 1.
1402 3708 1450 3761 3,
1476 3710 1524 3754 3.
1561 3705 1722 3755 Solin.
1758 3713 1804 3768 2,
1831 3704 1938 3769 23.)
1979 3707 2279 3774 CGCGXR
2306 3715 2494 3766 Dicuil.
2536 3717 2581 3768 I.

342 3766 392 3819 3,
415 3766 458 3809 1.
498 3756 697 3820 CCXC,
715 3761 780 3810 K.
816 3763 1054 3826 Ineptum
1070 3779 1336 3816 numerum
1353 3771 1573 3831 primum
1597 3773 1718 3824 dicit
1738 3776 1872 3825 Pint.
1928 3785 2098 3841 ropter
2114 3783 2389 3842 sequentia.
2411 3820 2475 3832 -.
2493 3802 2587 3834 me-

343 3825 449 3888 dia,
474 3826 569 3877 So.
607 3827 782 3889 media,
806 3829 913 3878 Rd.
949 3831 1168 3893 mediam,
1193 3835 1302 3883 AT
1319 3827 1374 3884 Θ,
1421 3839 1618 3901 mediae,
1642 3842 1851 3891 Barbar.
1926 3856 1976 3907 γ.
2016 3885 2079 3893 -
2117 3855 2287 3907 autem,
2312 3849 2362 3898 R
2379 3851 2459 3899 2Α
2478 3844 2584 3902 OS.

342 3901 508 3957 atque,
531 3891 765 3959 R¹dssr.
804 3912 878 3946 „⁷
912 3894 1134 3957 Alter-ni,
1163 3902 1267 3950 Rd.
1306 3942 1369 3950 .-
1412 3901 1620 3966 Alsium,
1643 3910 1852 3958 Barbar.
1876 3911 1944 3958 A.
1999 3908 2217 3974 Alpium,
2240 3916 2348 3965 Ro.
2400 3916 2587 3982 Alpini,

341 3962 375 4009 d
399 3958 480 4023 (ni
499 3962 553 4010 in
577 3959 732 4023 corr.)
768 3958 840 4011 .-.“
870 3972 955 4013 aut
976 3963 1074 4025 illo,
1098 3967 1161 4015 R.
1201 4007 1262 4015 .-
1298 3967 1363 4030 in,
1384 3970 1509 4020 Ad·-
1543 3971 1669 4035 inde,
1694 3975 1851 4025 Hard.
1877 3978 1927 4026 R
1950 3974 2027 4040 (ἲ)
2052 3991 2102 4042 r.
2142 3979 2255 4030 Om.
2285 3977 2345 4043 β.
2386 4022 2444 4032 .-
2490 3982 2585 4048 GC,

340 4028 473 4078 Pint.
498 4029 715 4097 RAdh.
766 4026 904 4092 CCC,
938 4048 978 4091 r,
1014 4036 1153 4095 quod
1176 4049 1242 4083 ex
1264 4036 1414 4084 Mart.
1441 4043 1487 4098 6,
1515 4044 1628 4088 639.
1663 4043 1880 4105 probant
1901 4046 2076 4095 Dalec.
2103 4054 2153 4096 et
2175 4048 2332 4099 Hard.
2371 4092 2434 4100 .-
2473 4051 2585 4103 lati-

340 4093 565 4157 tudinem,
589 4096 700 4146 Ad.
738 4095 789 4146 in
815 4095 1136 4161 latitudinem,
1161 4097 1317 4166 Rssr.
1355 4142 1418 4152 -..
1452 4103 1669 4165 Arsiam,
1695 4110 1728 4157 d
1744 4111 1777 4158 ².
1822 4109 2041 4173 Arsiam,
2065 4115 2191 4165 R2d
2211 4118 2243 4166 ¹.
2287 4114 2457 4169 Arium
2481 4122 2531 4171 R
2553 4124 2585 4170 '.

354 4159 561 4224 Vrsium,
585 4164 653 4213 A.
675 4203 739 4213 -..
762 4163 959 4216 XXX.
982 4164 1140 4230 LIX,
1157 4170 1219 4219 R.
1245 4168 1414 4219 XXI.
1440 4169 1550 4221 XL
1562 4174 1686 4224 VII.
1700 4194 1769 4241 p.,
1787 4178 1855 4227 A.
1880 4178 2236 4245 XXXVIII,
2256 4186 2363 4236 Td.
2387 4186 2583 4238 XXX.

332 4243 480 4292 pass.
513 4226 737 4292 LVIII,
768 4228 826 4293 β.
880 4232 1030 4284 vicies
1063 4245 1265 4286 centena
1295 4235 1513 4300 XLIX,
1547 4240 1706 4292 Solin.
1741 4251 1788 4306 2,
1821 4252 1902 4297 23.
1948 4249 2186 4301 Martian.
2214 4257 2260 4315 6,
2287 4259 2400 4305 640.
2447 4256 2582 4304 Pint.

338 4310 378 4342 r.
406 4296 716 4412 ᾗῐεεζέἳσίτ,
739 4300 803 4349 R.
2094 4330 2171 4445 *15

1827 4503 1858 4520 S
