2961 4861
423 316 504 379 10
1112 330 1521 379 NATURALIS
1565 328 1954 377 HlsromAE

380 482 501 569 ,ad
547 492 608 548 te
653 480 1006 548 scribimus,
1095 480 1280 547 Haec
1331 480 1568 545 fiducia
1620 481 1853 566 operis,
1909 479 2094 545 haec'
2120 464 2221 544 est
2271 479 2646 545 indicatura.

414 590 631 658 Multa
672 591 859 657 valde
901 590 1181 676 pretiosa
1220 590 1369 655 ideo
1411 589 1730 667 videntur,
1769 588 1927 672 'quia
1955 598 2105 654 sunt
2135 589 2388 674 templis
2417 589 2648 656 dicata.

413 700 548 766 Nos
603 700 864 784 quidem
917 699 1121 763 omnis
1135 746 1152 776 ,
1208 698 1456 783 patrem
1469 746 1488 776 ,
1558 708 1621 763 te
1676 698 2066 781 fratremque
2121 697 2400 764 diximus
2455 721 2650 784 opere

411 811 606 889 iusto,
654 820 1013 894 temporum
1032 818 1417 872 nostrorum
1448 807 1777 872 historiam
1806 807 1935 870 orsi
1964 830 2003 870 a
2029 806 2158 872 fine
2185 807 2410 873 Aufidi
2438 806 2649 873 Bassi.

414 917 551 984 Ubi
594 918 679 981 sit
721 940 798 982 ea
840 918 1151 1002 quaeres?
1193 918 1320 981 iam
1358 916 1609 1001 pridem
1636 925 1899 1001 peracta
1927 917 2228 1014 sancitur,
2276 926 2343 981 et
2370 898 2651 1000 alioquin
2678 934 2754 977 20

416 1036 725 1092 statutum
770 1036 907 1091 erat
945 1025 1167 1092 heredi
1209 1025 1533 1103 mandare,
1578 1047 1660 1090 ne
1691 1024 1848 1108 quid
1876 1024 2205 1090 ambitioni
2235 1025 2490 1091 dedisse
2519 1027 2656 1091 vita

413 1136 824 1201 iudicaretur.
897 1134 1181 1200 Proinde
1223 1133 1686 1220 occupantibus
1727 1135 1942 1199 locum
1985 1133 2193 1212 faveo,
2241 1156 2364 1222 ego
2392 1157 2546 1202 vero
2587 1147 2655 1201 et

414 1245 714 1331 posteris,
761 1266 922 1329 quos
967 1245 1100 1310 scio
1142 1244 1479 1309 nobiscum
1523 1243 1983 1320 decertaturos,
2027 1243 2197 1309 sicut
2223 1244 2348 1330 ipsi
2377 1244 2652 1311 fecimus

416 1377 564 1420 cum
617 1353 957 1440 prioribus.
1044 1353 1522 1441 Argumentum
1573 1352 1763 1417 huius
1818 1351 2144 1445 stomachi-
2175 1354 2302 1418 mei
2360 1353 2649 1431 habebis,
2682 1380 2744 1423 21

416 1464 592 1547 quod
642 1464 712 1529 in
761 1463 862 1528 his
915 1461 1343 1528 voluminibus
1397 1471 1734 1526 auctorum
1790 1443 2047 1526 nomina
2087 1463 2442 1547 praetexui.
2528 1462 2654 1531 Est

417 1574 587 1639 enim
628 1572 980 1672 begis-gnum
1023 1572 1129 1657 (ut
1170 1568 1492 1665 arbitror)
1521 1581 1586 1635 et
1627 1571 1890 1655 plenum
1931 1570 2198 1657 ingenui
2239 1572 2505 1656 pudoris
2549 1572 2650 1637 fa-

417 1682 537 1747 teri
579 1705 696 1768 per
739 1662 899 1767 qubs
942 1680 1313 1767 profeceris,
1368 1701 1499 1743 non
1550 1689 1625 1744 ut
1674 1679 1980 1765 plerique
2001 1686 2093 1744 'ex
2132 1680 2213 1745 iis
2259 1703 2420 1764 quos
2463 1682 2648 1769 attigi

414 1792 725 1859 fecerunt.
826 1788 1007 1856 Scito
1063 1791 1232 1856 enim
1286 1788 1722 1854 conferentem
1785 1798 2078 1854 auctores
2130 1812 2233 1854 me
2288 1790 2648 1875 deprehen-
2680 1817 2750 1859 22

414 1900 587 1965 disse
630 1923 669 1963 a
709 1899 1112 1964 iuratissimis
1156 1876 1222 1963 et
1262 1897 1595 1984 proxumis
1626 1908 1879 1963 veteres
1911 1898 2360 1984 transscriptos
2391 1900 2474 1965 ad
2495 1880 2647 1966 Ver·
2698 1927 2702 1930 ’
2792 1958 2807 1971 .

413 2010 569 2074 bum
620 1994 841 2091 neque
880 2007 1256 2085 nominatos,
1311 2028 1440 2070 non
1492 2007 1602 2073 illa
1642 2006 2016 2095 Vergiliana
2067 2009 2325 2087 virtute,
2381 2019 2456 2075 ut
2510 2032 2649 2080 cer-

481 2189 638 2250 Haec‚
680 2189 793 2238 hK.
830 2186 1034 2251 (Ambr.
1076 2188 1120 2238 1.
1162 2188 1309 2237 codd.
1349 2185 1605 2250 Barbari.)
1658 2188 1758 2250 hoc,
1790 2190 1850 2239 P.
1898 2187 2021 2250 Nec,
2060 2184 2187 2238 bdA
2222 2187 2504 2253 (Mul-bac.)
2545 2188 2650 2255 βγ.

420 2294 481 2306 ....
514 2258 635 2308 haec
666 2264 748 2317 est,
778 2255 960 2306 Ambr.
992 2256 1035 2306 Ι.
1070 2256 1217 2304 codd.
1248 2255 1477 2305 Barbari.
1514 2263 1584 2305 est
1612 2256 1743 2316 haec,
1776 2257 1890 2305 hK.
1934 2257 2053 2307 haec
2084 2266 2154 2307 est
2181 2258 2282 2319 sed,
2322 2254 2449 2308 bdA
2485 2257 2651 2321 (Mur-

415 2321 552 2387 bae.)
582 2320 684 2388 βγ.
730 2325 913 2388 Inepta
951 2323 1196 2387 proponit
1229 2322 1437 2375 Grusius
1477 2324 1689 2387 probab.
1726 2324 1833 2372 crit.
1870 2329 1916 2373 6.
1967 2363 2020 2371 ...
2070 2324 2301 2385 indicata,
2337 2327 2396 2376 P.
2433 2365 2494 2374 ..
2540 2336 2651 2376 tem-

412 2392 508 2459 plis
531 2392 768 2455 dicatum,
790 2392 859 2443 K.
884 2430 943 2440 ....
971 2389 1092 2453 Nos,
1114 2385 1253 2442 bPA
1280 2387 1483 2454 (omnes
1515 2391 1662 2440 codd.
1696 2405 1778 2455 ap.
1807 2387 2055 2453 Rczzon.)
2094 2391 2205 2454 Vos,
2232 2393 2338 2443 Td.
2372 2433 2426 2442 ..
2464 2402 2653 2459 patrem

415 2470 461 2511 et
482 2462 713 2525 fratrem,
752 2462 816 2511 Τ.
861 2499 922 2508 -
966 2461 1111 2525 operi,
1144 2461 1204 2510 P.
1240 2498 1302 2508 .-.
1344 2458 1544 2521 Aufidii,
1585 2459 1764 2508 Ambr.
1796 2460 1840 2510 1.
1873 2461 1943 2510 11.
1984 2461 2159 2509 Escor.
2200 2462 2244 2511 1.
2286 2463 2356 2512 11.
2398 2463 2651 2512 Pertusat.

415 2528 669 2577 Vaticani.
695 2527 909 2590 autfida
930 2522 1016 2577 ΒΔ
1043 2524 1296 2590 (Murbac.
1321 2532 1373 2575 et
1393 2527 1522 2576 liber
1544 2524 1811 2589 Tumebi.)
1838 2535 1923 2576 aut
1926 2527 2071 2589 fidei,
2097 2529 2144 2577 d.
2171 2529 2428 2579 Omittunt
2451 2530 2495 2579 P
2520 2527 2650 2590 (duo

414 2596 531 2645 libri
554 2592 821 2654 Tui-nebi.)
851 2633 905 2642 .-
933 2594 1107 2656 Bassi,
1129 2594 1308 2643 Ambr.
1332 2594 1375 2643 1.
1399 2594 1469 2643 Π.
1503 2595 1681 2642 Escor.
1715 2594 1758 2643 1.
1793 2595 1863 2644 II.
1898 2595 2149 2644 Pertusat.
2193 2596 2449 2646 Vaticani.
2486 2596 2651 2648 Omit-

417 2670 534 2711 tunt
564 2657 743 2710 deA
781 2659 1034 2721 (Murbac.
1072 2669 1122 2710 et
1155 2669 1255 2709 tres
1286 2661 1402 2709 libri
1435 2658 1703 2722 Turnebi),
1737 2669 1788 2710 et
1821 2662 1970 2710 multi
2003 2663 2097 2712 viri
2120 2664 2258 2712 docti
2281 2665 2386 2713 hoc
2406 2678 2598 2714 nomen
2620 2679 2653 2714 e

416 2728 573 2779 Plinii
596 2729 743 2792 epist.
766 2729 863 2777 111.
891 2733 936 2787 5,
962 2733 1008 2777 6.
1034 2728 1137 2776 hoc
1158 2728 1279 2776 loco
1302 2728 1664 2789 interpolatum
1688 2743 1798 2777 esse
1821 2728 2149 2792 arbitrantur3
2174 2732 2263 2780 sed
2285 2745 2432 2793 egere
2455 2746 2518 2781 eo
2541 2747 2654 2782 non

415 2809 709 2858 possumus,
724 2795 844 2856 quia
865 2795 1126 2857 inscriptio
1152 2795 1317 2856 operis
1340 2811 1373 2844 a
1392 2795 1563 2844 Plinio
1589 2796 1896 2857 nominatur,
1917 2799 2056 2858 quod
2077 2798 2151 2847 ita
2171 2798 2469 2862 inscriptum
2491 2798 2653 2849 fuisse

420 2877 488 2912 ex
509 2863 663 2913 Plinii
686 2862 897 2912 minoris
919 2862 1038 2910 loco
1063 2862 1154 2910 illo
1180 2862 1382 2911 scimus.
1953 2905 1956 2908 ,

484 2927 514 2989 5
540 2936 621 2979 20.
666 2929 778 2990 Ubi,
810 2923 936 2979 bdA
974 2926 1099 2991 (tres
1132 2929 1247 2978 libri
1282 2926 1548 2991 Tumebi.)
1583 2928 1714 2990 Nisi,
1747 2931 1808 2980 P.
1839 2971 1893 2979 ..
1926 2949 2142 2995 quaeres,
2175 2929 2302 2983 bdA
2340 2931 2496 2996 (liber
2518 2935 2648 2985 Tur-

414 2993 576 3058 nebi.)
601 3015 679 3048 res
702 3015 840 3061 quae,
864 2999 908 3047 P
933 2994 1061 3060 (duo
1085 2997 1200 3047 libri
1222 2993 1489 3058 Turnebi.)
1523 3037 1574 3045 ..
1599 3007 1817 3062 peracta,
1835 2999 2065 3050 bd²TP.
2079 3009 2245 3064 pacta,
2262 2996 2381 3051 ΔΚ.
2403 3010 2649 3066 peractas,

415 3067 491 3114 ἀι.
521 3104 579 3113 -
606 3067 834 3127 sancimr,
867 3060 1019 3115 bd²A
1030 3065 1091 3114 P.
1127 3073 1349 3126 sectatur,
1384 3065 1516 3114 Td1.
1553 3066 1690 3115 sarc‘
1735 3083 1776 3125 r,
1811 3066 2103 3116 Harduinus
2128 3076 2178 3117 et
2202 3067 2411 3119 Crusius
2433 3070 2646 3132 probab.

415 3133 526 3182 crit.
553 3139 599 3183 6.
624 3134 850 3194 sarritur,
874 3132 1099 3182 Clericus
1121 3140 1216 3183 art.
1241 3133 1349 3183 crit.
1376 3138 1425 3193 2,
1451 3138 1534 3181 32.
1569 3134 1689 3184 Dua
1723 3148 1782 3182 us
1817 3135 1879 3182 de
1912 3134 2076 3184 causis
2108 3136 2306 3185 Plinius
2342 3151 2473 3200 opus
2496 3151 2644 3186 suum

416 3199 715 3249 historicum
747 3202 938 3250 dudum
971 3208 1232 3263 peractum
1263 3202 1495 3250 nondum
1527 3217 1560 3250 a
1592 3215 1646 3250 se
1680 3201 1872 3250 editum
1905 3215 2014 3251 esse
2048 3203 2195 3263 dicit,
2231 3211 2282 3252 et
2314 3218 2379 3253 ne
2411 3217 2473 3252 eo
2509 3204 2649 3253 edito

416 3267 724 3316 adulationis
746 3268 800 3316 in
823 3266 1066 3317 Caesares
1087 3269 1478 3328 insimularetur,
1504 3275 1554 3317 et
1576 3275 1635 3317 ut
1655 3268 1903 3318 maiorem
1925 3270 2318 3321 sanctimoniam
2351 3279 2402 3320 et
2425 3271 2647 3320 auctori—

418 3340 575 3381 tatem
607 3335 654 3382 ei
686 3336 853 3395 daret3
886 3348 1008 3382 nam
1040 3348 1170 3396 quae
1204 3335 1400 3397 pridem
1433 3344 1640 3397 peracta
1672 3344 1956 3396 servantur,
2003 3339 2304 3398 conduntur,
2352 3339 2515 3388 oculis
2547 3339 2647 3388 ho-

416 3400 613 3448 minum
636 3401 997 3461 subducuntur,
1020 3415 1082 3449 eo
1107 3401 1221 3465 ipso
1254 3402 1503 3451 maiorem
1536 3404 1614 3451 sui
1647 3404 1797 3466 pretii
1820 3404 2116 3467 opinionem
2138 3405 2359 3455 fundunt
2381 3406 2647 3468 magisque

418 3466 671 3526 coluntur,
694 3469 829 3516 unde
851 3467 954 3516 iam
977 3475 1116 3530 patet
1136 3468 1267 3517 haec
1286 3469 1440 3518 verba
1462 3483 1581 3517 cum
1601 3471 1720 3519 ficta
1742 3471 1915 3532 aliqua
1936 3478 1986 3520 et
2011 3473 2155 3534 quasi
2178 3473 2372 3523 ironica
2392 3474 2651 3523 modestia

418 3533 643 3583 Plinium
667 3535 730 3582 de
754 3548 905 3596 opere
928 3549 1022 3583 suo
1047 3534 1226 3584 dicere.
1253 3574 1314 3583 ..
1340 3543 1527 3596 statim»,
1549 3536 1641 3585 bd.
1657 3577 1716 3585 ..
1743 3538 1977 3588 mandare
1999 3540 2177 3601 heredi,
2211 3542 2316 3591 Td.
2345 3580 2404 3589 .-
2430 3558 2489 3591 ne
2513 3541 2647 3605 quid,

417 3596 520 3650 bd.
564 3618 723 3665 neque,
766 3602 799 3649 d
839 3598 1118 3663 (Murbac.)
1160 3619 1232 3662 ne,
1273 3603 1334 3652 P.
1369 3619 1427 3651 ne
1459 3620 1580 3663 eam,
1615 3605 1910 3656 Rhenanus.
1951 3647 2007 3654 .-
2048 3609 2209 3668 vitam,
2243 3609 2303 3658 P.
2332 3647 2391 3656 ..
2417 3608 2649 3668 Proinde,

418 3664 598 3719 deA
625 3667 876 3732 (Murbac.
902 3676 954 3719 et
977 3671 1123 3718 codd.
1148 3667 1400 3732 Barbari.)
1422 3670 1635 3722 Perinde
1658 3690 1785 3733 vero,
1809 3681 1953 3724 vetus
1977 3674 2236 3726 Chalderii
2270 3691 2352 3739 ap.
2377 3677 2646 3727 Dalecam-

419 3736 561 3798 pium
586 3745 637 3787 et
658 3739 914 3787 Perottus.
951 3774 1000 3783 -
1030 3738 1422 3801 occupationibus,
1445 3739 1507 3788 P.

488 3800 518 3862 5
544 3808 626 3852 21.
661 3804 782 3864 huic,
793 3805 843 3853 b.
864 3843 914 3851 ..
932 3803 1163 3854 stomachi
1192 3805 1225 3854 i.
1252 3819 1295 3854 e.
1321 3807 1613 3867 sententiae,
1640 3807 1911 3870 opinionis,
1947 3811 2301 3873 propensionis
2321 3811 2492 3861 animi.
2528 3812 2646 3861 vid.

420 3869 527 3921 Cic.
547 3871 690 3919 Fam.
715 3872 836 3921 VH.
866 3878 909 3931 l,
938 3876 983 3920 5.
1008 3871 1143 3921 Plin.
1169 3887 1282 3937 epp.
1307 3874 1350 3924 Ι.
1377 3879 1458 3934 24,
1485 3880 1533 3924 3.
1564 3913 1620 3923 .-
1649 3876 1845 3938 habetis,
1869 3878 1929 3927 P.
1961 3917 2018 3926 .-
2045 3878 2139 3928 Est
2162 3880 2339 3940 etenim,
2362 3879 2423 3929 P.
2453 3917 2511 3926 -
2533 3896 2649 3943 pro·

414 3938 606 3998 feceris,
630 3933 732 3987 bd.
754 3939 1022 4002 profecerit,
1045 3940 1149 3990 Td.
1159 3941 1360 4004 seceris,
1386 3942 1445 3992 P.
1474 3982 1532 3991 ..
1558 3942 1844 4008 pleramque,
1868 3947 1928 3995 P.
1958 3986 2008 3994 .,
2044 3946 2133 4006 his,
2156 3947 2249 3995 bd.
2265 3987 2321 3995 ..
2340 3947 2491 4012 σαίςί,
2522 3948 2650 3997 Bar·

420 4005 571 4135 Pastis
595 4007 643 4055 d.
670 4006 823 4122 agile}
839 4001 953 4056 ΔΡ.
990 4007 1141 4069 ethici,
1163 4009 1213 4059 b.
1250 4010 1438 4076 antiqui
1467 4027 1583 4073 quos
1617 4016 1997 4072 commemoravi,
2031 4015 2288 4064 Perottus.
2329 4052 2388 4062 ....
2410 4016 2651 4079 fecer-nme,

488 4136 518 4198 5
545 4145 625 4188 22.
662 4141 796 4201 αιίηι,
823 4143 1012 4192 omittit
1034 4142 1289 4194 vallicell.
1319 4184 1375 4193 ...
1406 4145 1727 4209 conferentem,
1750 4144 1852 4197 bd.
1879 4149 2155 4213 conserente,
2180 4151 2266 4199 dP
2291 4146 2573 4211 (Murbac.)
2593 4188 2647 4197 ..

420 4222 492 4258 me
524 4215 754 4269 auderes,
778 4209 836 4258 P.
880 4249 930 4257 ..
974 4228 1009 4261 a
1044 4211 1372 4274 iuratissimis,
1418 4209 1544 4263 bdA
1558 4215 1602 4264 P
1637 4211 1921 4277 (Mur-bac.)
1967 4216 2359 4279 adiuratissimis,
2393 4218 2651 4268 vallicell.

682 4405 809 4494 Ἦ
