2961 4861
358 289 484 354 440
1063 305 1470 351 NA‘runAus
1515 302 1905 351 ms'ronmn

355 454 574 533 maris,
619 476 661 519 a
702 452 914 541 Copto
958 474 1167 521 chvn
1193 477 1244 520 u
1283 476 1349 540 p.
1394 450 1531 519 Sed
1573 454 1725 538 quia
1757 453 1961 519 maior
1986 476 2139 541 pars
2165 453 2418 520 itineris
2447 477 2621 522 con-

354 554 430 619 fit
480 556 778 622 noctibus
830 566 1097 642 propter
1137 567 1355 622 aestus
1400 566 1466 619 et
1510 554 1761 620 stativis
1804 554 1944 620 dies
1987 567 2444 641 apsumuntur,
2503 568 2616 622 to-

357 665 496 722 tum
539 679 579 721 a
625 655 837 743 Copto
879 656 1261 721 Berenicen'
1278 656 1402 720 iter
1422 693 1425 698 -
1445 655 1826 721 duodecimo
1864 656 1971 720 die
1999 657 2354 743 peragitur.
2396 656 2616 722 Navi-
2647 675 2753 719 104

355 779 516 845 gare
556 758 874 843 incipiunt
916 767 1159 822 aestate
1200 756 1412 821 media
1454 766 1605 820 ante
1651 756 1829 821 canis
1872 765 2084 822 ortum
2122 769 2237 820 aut
2263 758 2345 822 ab
2377 768 2617 823 exortu

355 857 651 944 protinus
707 858 1100 939 veniuntque
1158 855 1414 921 circiter
1465 878 1621 919 ΧΠ.
1679 855 1782 919 die
1841 853 2096 920 Ocelim
2149 854 2438 922 Arabiae
2494 868 2614 923 aut

360 956 585 1023 Canen
641 957 944 1021 turiferae
987 955 1293 1043 regionis.
1356 955 1484 1019 Est
1527 966 1594 1020 et
1635 956 1864 1020 tertius
1907 968 2133 1041 portus
2176 958 2290 1041 qui
2332 969 2609 1024 vocatur

355 1056 577 1133 Muza,
624 1078 815 1139 quem
855 1055 1083 1121 Indica
1123 1056 1448 1142 navigatio
1491 1078 1623 1120 non
1664 1056 1849 1140 petit,
1900 1080 2022 1121 nec
2062 1057 2194 1121 nisi
2238 1058 2400 1123 turis
2442 1060 2605 1124 odo·

354 1179 624 1240 rumque
667 1156 1095 1222 Arabicorum
1137 1165 1544 1221 mercatores.
1610 1155 1799 1221 Intus
1842 1157 2183 1243 oppidum,
2239 1158 2424 1246 regia
2465 1160 2605 1225 eius

356 1258 718 1343 appellatur
763 1255 1082 1342 Sapphar,
1128 1256 1430 1339 aliudque
1477 1254 1669 1321 Save.
1735 1255 1934 1321 Indos
1978 1268 2195 1322 autem
2235 1259 2607 1343 petentibus

356 1359 772 1423 utilissimum
815 1368 916 1422 est
956 1357 1038 1422 ab
1084 1354 1269 1422 Oceli
1312 1354 1554 1443 egredi.
1599 1355 1764 1421 Inde
1791 1367 1984 1421 vento
2011 1358 2270 1443 hippalo
2298 1359 2608 1447 navigant

358 1459 588 1525 diebus
630 1482 712 1522 Χῖ.
756 1458 840 1523 ad
883 1458 1163 1545 primum
1205 1455 1561 1541 emporium
1601 1456 1827 1521 Indiae
1870 1456 2184 1522 Muzirim
2224 1482 2355 1524 non
2405 1482 2606 1545 expe-

359 1561 626 1625 tendum
666 1569 931 1645 propter
986 1558 1233 1623 vicinos
1275 1558 1519 1642 piratas
1577 1557 1689 1642 qui
1742 1558 2034 1642 optinent
2087 1559 2301 1624 locum
2353 1563 2607 1627 nomine

355 1659 636 1738 Nitrias,
689 1682 902 1743 neque
958 1669 1059 1724 est
1119 1658 1454 1722 abundans
1507 1657 1848 1724 mercibus.
1914 1658 2264 1725 Praeterea
2318 1662 2510 1749 longe
2566 1684 2610 1726 a
2634 1680 2743 1724 105

359 1772 532 1828 terra
582 1761 766 1827 abest
820 1760 1081 1825 navium
1127 1759 1316 1824 statio
1369 1758 1799 1842 lintribusque
1859 1760 2239 1826 adferuntur
2292 1784 2485 1826 onera
2539 1773 2608 1828 et

366 1871 737 1949 egeruntur.
782 1859 1125 1948 Regnabat
1163 1859 1276 1937 ibi,
1325 1881 1468 1923 cum
1510 1858 1851 1946 proderem
1891 1859 2072 1938 haec,
2123 1858 2603 1927 Caelobothras.

359 1963 552 2028 Alius
608 1961 821 2027 utilior
877 1969 1103 2046 portus
1146 1959 1360 2045 gentis
1401 1958 1824 2043 Neacyndon,
1871 1960 1984 2042 qui
2025 1972 2294 2026 vocatur
2333 1961 2603 2029 Barace.

358 2061 464 2128 Ibi
523 2062 836 2148 regnabat
897 2058 1223 2137 Pandion,
1294 2061 1486 2146 longe
1544 2060 1625 2124 ab
1679 2059 1963 2145 emporio
2016 2060 2086 2125 in
2137 2060 2608 2129 mediterraneo

362 2160 641 2227 distante
685 2160 925 2246 oppido
968 2160 1144 2244 quod
1185 2169 1455 2225 vocatur
1497 2157 1797 2224 Modura.
1839 2159 2050 2247 Regio
2094 2172 2311 2225 autem
2355 2185 2437 2227 ex
2479 2185 2610 2248 qua

360 2262 549 2351 piper
588 2260 946 2344 monoxylis
987 2259 1287 2325 lintribus
1329 2259 1622 2325 Baracen
1664 2260 2028 2325 convehunt
2070 2273 2338 2328 vocatur
2382 2261 2609 2330 Cotto-

360 2387 539 2444 nara,
589 2386 755 2450 quae
796 2361 1008 2427 omnia
1050 2361 1343 2448 gentium
1381 2371 1767 2446 portuumve
1797 2372 1911 2425 aut
1937 2362 2322 2448 oppidorum
2350 2365 2610 2430 nomina

362 2466 539 2553 apud
580 2465 902 2532 neminem
942 2464 1230 2548 priorum
1270 2463 1709 2547 reperiuntur,
1756 2484 1883 2546 quo
1926 2464 2197 2548 adparet
2239 2467 2473 2530 mutari
2508 2467 2606 2532 lo-

367 2587 590 2634 corum
662 2575 889 2631 status.
959 2561 1067 2626 Ex
1107 2560 1296 2625 India
1349 2561 1731 2646 renavigant
1780 2583 2003 2628 mense
2054 2563 2390 2651 Aegyptio
2433 2565 2607 2651 Tybi
2642 2586 2741 2629 loe

434 2703 567 2754 C'GL
580 2701 713 2764 VII,
745 2695 965 2752 ROTd.
1015 2696 1296 2758 CCLIIII,
1337 2706 1438 2747 tres
1480 2700 1627 2748 codd.
1660 2699 2002 2750 bibliothecae
2046 2703 2279 2751 coenobii
2324 2705 2471 2754 aulae
2511 2705 2611 2755 Dei

364 2788 445 2837 ap.
471 2772 624 2824 Surit.
659 2771 722 2821 ad
757 2770 918 2820 itiner.
943 2782 994 2829 p.
1023 2770 1135 2816 172.
1179 2764 1308 2814 CCL
1322 2763 1480 2827 VIII,
1506 2761 1609 2829 βγ.
1634 2806 1699 2815 -
1732 2768 1893 2831 confit,
1917 2763 2035 2817 ΒΘ.
2069 2768 2339 2832 conficitur,
2363 2773 2394 2820 d
2404 2767 2452 2831 β
2459 2784 2510 2835 γ.
2545 2811 2611 2822 .-

365 2839 553 2898 εετίυἰε,
577 2838 667 2887 R2.
704 2835 887 2896 stativi,
911 2835 1014 2885 Td.
1060 2831 1288 2894 nmquis,
1320 2834 1412 2882 13¹.
1449 2869 1514 2881 -.
1551 2843 1883 2896 assumuntur,
1907 2838 1955 2885 d.
1992 2875 2056 2885 ...
2093 2834 2173 2887 die
2197 2838 2478 2902 per-apicum
2501 2840 2610 2890 Rd.

373 2906 630 2969 conficitur
653 2903 745 2965 die,
767 2905 912 2967 Krr.

433 2973 462 3035 ἓ
492 2980 603 3024 104.
645 2969 823 3033 Canen,
845 2961 1059 3021 ROTd.
1110 2967 1302 3030 Canan,
1324 2964 1382 3030 β.
1422 3008 1485 3017 .-.
1521 2966 1693 3029 Muza,
1717 2968 1782 3018 R.
1838 2966 2015 3030 Maza,
2043 2962 2200 3020 &Td.
2235 3010 2298 3020 .-
2349 2970 2471 3021 turis
2494 2972 2610 3022 odo-

364 3057 584 3104 rumque,
608 3042 658 3093 Β.
682 3034 850 3103 (codd.
875 3035 1126 3100 Barbari.)
1165 3036 1268 3087 turi
1283 3033 1613 3099 fidorumque,
1638 3038 1686 3085 d.
1724 3074 1789 3084 ...
1823 3035 2067 3100 oppidum,
2092 3037 2244 3102 reqia,
2267 3038 2373 3088 ΒΤ
2385 3040 2431 3087 d.
2477 3038 2611 3103 oppi-

367 3109 479 3160 dum
505 3109 660 3172 reyni,
683 3123 723 3156 r.
761 3103 943 3170 oppida
967 3106 1121 3171 reyia,
1145 3106 1210 3154 K.
1247 3103 1456 3168 oppida3
1482 3103 1625 3166 reqio,
1647 3098 1707 3164 β.
1744 3142 1809 3151 .-.
1846 3104 1951 3153 eius
1974 3119 2133 3165 unum,
2157 3106 2223 3154 K.
2255 3144 2320 3153 ...
2356 3104 2612 3169 Sapphar,

364 3179 471 3226 Rd.
509 3174 723 3240 Saphar,
746 3169 847 3235 βγ.
887 3212 950 3227 ....
987 3171 1136 3234 Save,
1168 3171 1259 3220 Rd
1293 3169 1465 3233 (codd.
1494 3171 1707 3220 Salmas.
1742 3185 1906 3219 exerc.
1940 3186 1990 3235 p.
2017 3178 2133 3222 348.
2157 3173 2206 3221 b.
2229 3169 2327 3233 D.)
2381 3170 2527 3233 Sabe,
2548 3168 2610 3232 β.

364 3245 484 3293 Vid.
517 3243 764 3292 Bochart.
801 3255 973 3302 geogr.
999 3254 1126 3290 sacr.
1149 3255 1199 3303 p.
1228 3245 1340 3288 144.
1379 3277 1442 3287 ...
1479 3235 1698 3302 hippalo,
1720 3238 1785 3287 R.
1823 3234 1854 3284 h
1884 3236 2046 3301 ppolo,
2073 3241 2122 3288 d.
2173 3236 2437 3303 hypapalo,
2459 3235 2518 3301 β.
2543 3279 2610 3289 -

367 3308 634 3368 Mum-mn,
658 3310 758 3356 Kr.
795 3347 859 3356 -
897 3304 1115 3369 Nitrias,
1146 3307 1310 3357 RTd.
1363 3303 1591 3367 Marias,
1632 3296 1690 3353 Θ.
1741 3303 1828 3368 Hy
1866 3305 1990 3367 rias,
2016 3307 2163 3356 codd.
2187 3306 2406 3357 Salmas.
2445 3321 2609 3357 exerc.

365 3393 416 3442 p.
445 3382 560 3426 834.
585 3376 634 3424 b.
660 3373 728 3422 D.
769 3372 996 3437 Hydrae,
1019 3369 1077 3434 β.

433 3445 463 3506 ξ
492 3447 604 3492 105.
641 3441 942 3504 afferuntur,
965 3432 1178 3490 ROTd.
1215 3441 1505 3506 efferuntur,
1528 3435 1586 3499 β.
1623 3479 1686 3488 .-
1723 3448 1771 3488 et
1793 3448 2063 3505 eqeruntur,
2085 3433 2199 3489 RB.
2236 3449 2612 3505 metanturque,

367 3512 428 3562 Τ.
483 3520 530 3560 et
559 3517 864 3573 reyeruntur,
888 3510 978 3571 dr.
1034 3521 1163 3569 quae
1203 3516 1463 3570 yet-untur,
1487 3502 1545 3568 β.
1583 3546 1648 3555 -
1675 3505 1932 3573 proderet,
1958 3508 2022 3556 R.
2059 3548 2122 3556 ...
2164 3505 2525 3569 Caelobothras,
2548 3508 2611 3557 R.

373 3575 674 3637 Celobotras,
706 3577 810 3625 Td.
872 3571 1196 3635 &lobothraffi
1228 3570 1271 3635 β
1279 3586 1328 3637 γ.
1390 3573 1683 3638 Cepobotras
1714 3574 1797 3624 vel
1828 3574 2164 3638 &probeo-as,
2202 3575 2424 3625 Salmas.
2448 3589 2612 3626 exerc.

368 3661 419 3709 p.
455 3651 569 3696 835.
603 3659 648 3693 a.
683 3642 742 3694 C.
781 3683 844 3691 -.
880 3638 1206 3706 Neacyndon,
1232 3641 1397 3691 RTd.
1449 3640 1801 3704 Neachyndon,
1833 3635 1876 3688 θ
1908 3640 2080 3704 (codd.
2105 3640 2349 3703 Salmas.)
2401 3641 2614 3694 Neacrt‘-

370 3712 480 3775 don,
507 3711 544 3762 S
563 3708 675 3772 (alii
699 3712 842 3760 codd.
868 3705 1112 3769 Salmas.)
1147 3706 1452 3769 Necanidon,
1475 3703 1576 3772 βγ.
1614 3705 1919 3773 Nelcyndon,
1939 3709 2098 3759 Hard.
2124 3749 2187 3757 -
2214 3707 2433 3770 Raram,
2455 3711 2613 3760 Hard-

370 3780 583 3838 Becare,
608 3774 765 3839 Rdss.
800 3775 1033 3837 Bececre,
1056 3777 1117 3825 T.
1154 3816 1218 3824 ...
1258 3776 1511 3837 νερηαόατ,
1535 3776 1643 3825 Td.
1694 3785 1885 3842 reynat,
1909 3771 2067 3839 Rssr.
2108 3816 2166 3825 ...
2209 3776 2423 3841 imperio,
2446 3778 2511 3826 R.
2549 3816 2614 3826 -.

370 3847 436 3908 in,
459 3847 577 3896 ΒΤ.
616 3845 792 3896 Omitt.
819 3839 960 3907 ᾶβγ.
990 3883 1051 3893 ...
1085 3841 1325 3902 Modura,
1351 3843 1565 3894 Salmas.
1591 3857 1754 3892 exerc.
1777 3859 1827 3907 p.
1855 3849 1969 3893 835.
1993 3845 2041 3893 b.
2069 3843 2128 3893 O.
2165 3843 2485 3893 Confirmant
2505 3845 2613 3893 Rd.

376 3912 589 3973 coclara,
616 3914 761 3962 codd.
786 3913 1001 3962 Salmas.
1036 3909 1275 3971 Modusa,
1299 3905 1399 3974 βγ.
1438 3951 1502 3959 -
1537 3908 1791 3972 Baracen,
1816 3911 1974 3960 Hard.
2009 3909 2255 3972 Becaren,
2277 3906 2440 3971 Rdss.
2475 3910 2615 3960 Ben-

372 3980 804 4096 zzzt-xaffffsbffi
847 3975 1146 4106 {taem
1165 3971 1853 4108 RTssss..ss⁰‚5535⁰ssz‘T{·
1894 3975 2212 4095 2-5322'22-25522
2226 3981 2373 4105 ΞΜ
2398 3978 2613 4029 ......

805 4082 817 4095 .
1067 4082 1079 4105 ‚
1147 4081 1160 4094 .
1196 4085 1259 4094 ...
1607 4082 1622 4106 ,
1844 4080 1857 4093 .
2212 4082 2225 4105 ‚
2294 4081 2307 4095 .

447 4110 476 4170 ἓ
506 4118 617 4163 106.
646 4083 909 4178 ’Aegyptia
934 4128 1035 4162 om.
1061 4115 1135 4163 d¹.
1174 4152 1237 4162 ..-
1275 4110 1539 4171 Mechiris,
1571 4115 1605 4162 d
1630 4110 1802 4175 (codd.
1829 4109 2033 4174 Gelan.)
2085 4111 2347 4177 Mechym‘s,
2369 4112 2434 4161 R.
2490 4108 2613 4161 Ma·

377 4178 544 4236 chiris,
567 4175 624 4237 β.
663 4218 726 4228 ...
764 4182 854 4240 ita,
878 4182 926 4229 d.
963 4180 1030 4239 id,
1052 4180 1102 4228 R
1126 4177 1217 4240 (ex
1240 4178 1396 4242 corr.)
1434 4219 1498 4229 -.
1533 4180 1844 4240 intraverint,
1868 4181 1974 4230 Td.
2014 4219 2077 4229 ....
2114 4187 2435 4241 revertamur,
2461 4180 2523 4229 Τ.

442 4243 611 4306 ξ107.
657 4244 990 4315 Carmaniam,
1022 4247 1127 4295 Rd.
1166 4284 1229 4295 .-.
1273 4257 1489 4308 centena,
1525 4246 1685 4299 omitt.
1718 4241 1893 4296 ROT.
1931 4287 1994 4297 -.
2040 4243 2314 4307 Nearchus,
2354 4261 2402 4296 v.
2446 4245 2612 4298 Geier.

978 4528 1051 4565 κη
