2961 4861
970 358 1113 404 Lm.
1144 358 1219 404 11.
1278 356 1434 402 cAP.
1466 356 1590 402 vn.
1653 356 1848 404 siser.
1880 360 1916 401 5.
2436 342 2557 406 107

265 508 577 573 caelesti
631 530 828 593 passu
881 530 1027 573 cum
1083 507 1302 572 liberis
1362 508 1494 573 suis
1549 509 1728 572 vadit
1779 531 2119 580 maxumus
2171 509 2375 573 omnis
2419 508 2560 573 aevi

261 620 528 674 rector
570 609 1011 694 Vespasianus
1056 608 1400 695 Augustus
1455 610 1646 674 fessis
1703 609 1899 674 rebus
1954 609 2359 675 subveniens.
2430 609 2562 674 Hic

265 719 394 773 est
446 710 931 775 vetustissimus
975 709 1297 775 referendi
1340 709 1508 774 bene
1551 709 1943 775 merentibus
1977 711 2249 798 gratiam
2278 732 2443 788 mos,
2488 721 2564 775 ut

267 811 452 874 talis
501 811 871 876 numinibus
915 809 1298 875 adscribant.
1374 808 1637 897 Quippe
1682 822 1758 876 et
1787 812 2058 882 aliorum
2099 812 2359 876 nomina
2405 811 2561 875 deo·
2591 830 2652 873 19

263 934 447 976 rum
516 922 581 976 et
638 933 802 995 quae
861 934 1058 998 supra
1114 912 1304 976 retuli
1361 912 1640 977 siderum
1696 936 1777 978 ex
1830 913 2156 978 hominum
2208 923 2360 976 nata
2412 923 2563 988 sunt

262 1012 576 1077 meritis.
644 1011 864 1077 Iovem
904 1012 1166 1096 quidem
1203 1023 1315 1077 aut
1342 1012 1741 1084 Mercurium
1785 1015 2047 1079 aliterve
2091 1012 2249 1078 alios
2291 1013 2460 1077 inter
2488 1035 2559 1078 se

265 1114 531 1179 vocari
574 1124 642 1178 et
684 1135 826 1179 esse
871 1114 1214 1179 caelestem
1256 1116 1833 1192 nomenclaturam,
1887 1115 2029 1197 quis
2070 1136 2199 1179 non
2239 1115 2557 1199 interpre-

267 1214 553 1279 tatione
609 1225 877 1279 naturae
931 1215 1210 1279 fateatur
1260 1215 1713 1281 inridendum?
1795 1215 2019 1303 Agere
2074 1237 2291 1280 curam
2342 1237 2558 1280 rerum

264 1316 733 1380 humanarum
774 1316 931 1382 illud
976 1315 1293 1399 quidquid
1337 1326 1436 1381 est
1479 1338 1819 1395 summum,
1866 1340 2030 1381 anne
2076 1327 2206 1381 tam
2249 1316 2413 1379 tristi
2455 1326 2555 1379 at-

268 1438 427 1500 que
480 1416 819 1502 multiplici
860 1416 1211 1483 ministerio
1264 1440 1392 1482 non
1435 1418 1637 1502 pollui
1682 1418 2017 1494 credamus
2062 1417 2510 1483 dubitemusne
2524 1418 2556 1480 ἲ

265 1516 434 1583 Vix
484 1539 685 1603 prope
730 1529 830 1582 est
869 1518 1155 1583 iudicare
1179 1565 1197 1595 ‚
1256 1528 1476 1583 utrum
1532 1520 1739 1607 magis
1794 1510 2118 1598 conducat⁸
2164 1519 2389 1607 generi
2430 1518 2552 1583 hu·
2582 1537 2648 1581 20

270 1639 497 1682 mano
520 1667 540 1697 ,
604 1619 858 1701 quando
901 1620 1041 1685 aliis
1084 1620 1298 1684 nullus
1343 1629 1446 1684 est
1488 1619 1757 1684 deorum
1798 1631 2130 1705 respectus
2154 1667 2172 1696 ,
2233 1619 2374 1685 aliis
2426 1641 2550 1704 pu-

272 1719 580 1785 dendus.
656 1718 966 1786 Externis
1012 1720 1402 1785 famulantur
1446 1719 1648 1785 sacris
1688 1743 1765 1785 ac
1808 1719 2032 1807 digitis
2076 1719 2231 1783 deos
2273 1729 2552 1806 gestant,

272 1831 593 1885 monstra
636 1841 894 1904 quoque
938 1822 1177 1899 colunt,
1225 1820 1532 1884 damnant
1560 1831 1626 1885 et
1655 1822 2027 1909 excogitant
2056 1818 2263 1897 cibos,
2308 1819 2555 1904 inperia

273 1922 447 1986 dira
490 1922 560 1984 in
601 1921 777 2006 ipsos
822 1944 903 1986 ne
948 1943 1170 1986 somno
1214 1922 1473 2004 quidem
1518 1922 1735 2005 quieto
1779 1922 2093 2007 inrogant.
2153 1918 2299 1985 Non
2328 1920 2549 1984 matri-
2580 1940 2639 1984 21

278 2164 584 2238 Gabgssr.
632 2170 982 2229 dubitamusve,
1013 2171 1073 2220 P.
1118 2170 1306 2235 Scripsi
1337 2172 1527 2233 locum,
1565 2172 1727 2234 qualis
1760 2172 1812 2220 in
1847 2173 1992 2221 codd.
2018 2179 2200 2229 exstat,
2241 2186 2550 2234 quamquam

278 2237 583 2301 particulae
605 2252 732 2288 anne
757 2245 807 2287 et
829 2252 888 2287 ne
910 2238 990 2286 vel
1003 2236 1168 2301 (quod
1190 2253 1396 2301 prorsus
1416 2240 1595 2303 nequit
1617 2236 1847 2299 tolerari)
1866 2254 1922 2289 ve
1939 2240 1993 2288 in
2016 2240 2229 2303 apodosi
2247 2239 2550 2288 coniunctae

278 2321 413 2355 eum
461 2313 755 2367 corruptum
795 2320 904 2355 esse
943 2307 1205 2369 perspicue
1245 2308 1443 2356 docent.
1496 2308 1802 2358 Dubitantes
1841 2322 1961 2356 vero
2005 2307 2199 2369 opponi
2234 2307 2550 2355 credentibus

277 2373 472 2436 palam
495 2374 555 2421 fit
578 2387 645 2421 ex
666 2374 828 2422 verbis
853 2375 1189 2437 sequentibuS,
1209 2374 1328 2423 aliis
1360 2374 1522 2424 nullus
1549 2415 1611 2423 -
1638 2372 1760 2423 aliis
1797 2371 2072 2439 pudendus;
2111 2374 2199 2422 ubi
2224 2374 2415 2436 priores
2457 2371 2551 2421 alii

281 2441 592 2503 significant
624 2439 913 2503 dubitante&
948 2443 1257 2509 posteriores
1285 2444 1515 2492 indicant
1554 2427 1819 2492 credentes.
1872 2444 1941 2491 Et
1981 2442 2208 2492 Plinium
2251 2441 2456 2503 quidem
2483 2441 2548 2489 ad

280 2509 673 2558 dubitationem
711 2510 874 2572 magis
917 2524 1134 2572 pronum
1176 2524 1285 2559 esse
1325 2517 1536 2573 apparet
1560 2525 1626 2558 ex
1660 2509 1921 2559 simillimo
1962 2510 2081 2557 loco
2107 2507 2136 2568 δ
2163 2514 2263 2569 26.,
2288 2510 2422 2557 unde
2446 2508 2549 2556 iam

282 2577 594 2634 certissime,
643 2577 741 2625 nisi
781 2576 950 2637 fallor,
991 2577 1157 2625 elucet
1196 2579 1404 2626 verbum
1450 2577 1776 2627 dubitemusne
1813 2577 2170 2627 collocandum
2207 2591 2315 2624 esse
2340 2590 2475 2638 pone
2498 2590 2546 2624 v.

281 2658 534 2693 summum
558 2651 608 2692 et
631 2643 863 2692 homines
885 2644 939 2692 in
963 2646 1088 2694 duas
1114 2645 1324 2693 omnino
1352 2645 1539 2694 classes
1564 2645 1793 2709 discerni,
1828 2645 2038 2694 alteram
2063 2659 2255 2703 eorum,
2281 2645 2367 2706 qui
2401 2643 2545 2692 dnbi-

281 2717 404 2760 tant
441 2726 700 2760 summum
730 2724 920 2760 numen
955 2727 1126 2760 curam
1159 2727 1326 2762 rerum
1359 2713 1700 2762 humanarum
1730 2727 1880 2775 agere
1914 2720 1965 2761 et
1994 2712 2197 2761 nullum
2230 2713 2442 2760 deorum
2465 2726 2545 2759 re-

283 2786 530 2840 spectum
554 2778 758 2841 habent,
783 2780 993 2828 alteram
1016 2795 1207 2839 eorum,
1233 2781 1320 2844 qui
1345 2783 1556 2830 credunt
1579 2781 1782 2844 quidem
1805 2795 1969 2844 agere,
1994 2784 2083 2830 sed
2105 2781 2275 2842 inepte
2310 2781 2545 2838 credunt,

283 2846 416 2907 quia
465 2845 528 2895 iis
547 2881 560 2905 ‚
625 2846 666 2894 si
713 2849 923 2896 credunt
940 2883 952 2906 ,
1001 2848 1153 2897 simul
1200 2849 1354 2897 etiam
1400 2850 1704 2898 credendum
1752 2857 1827 2898 est
1873 2864 2129 2898 summum
2198 2861 2387 2895 numen
2455 2859 2547 2908 per

281 2913 440 2962 illam
473 2928 649 2961 curam
681 2929 787 2963 non
820 2915 984 2976 pollui
1015 2922 1119 2964 tam
1152 2916 1282 2964 tristi
1317 2924 1469 2979 atque
1502 2917 1772 2979 multiplici
1803 2917 2083 2964 ministerio
2118 2912 2176 2976 (i.
2216 2929 2257 2962 e.
2305 2913 2545 2962 ministris

286 2980 415 3028 coll.
480 2982 548 3029 ad
603 2986 684 3041 35,
752 2977 906 3042 176.),
967 2997 1275 3045 quamquam
1316 2984 1407 3043 illo
1450 2999 1539 3033 eos
1575 2984 1740 3047 pollui
1781 2997 1932 3032 nemo
1974 2983 2195 3043 negabit.
2246 2981 2381 3029 Mira
2424 2994 2544 3027 vero

283 3047 528 3096 micetio
559 3048 698 3097 vocis
722 3046 1049 3099 dubitemusne
1072 3051 1195 3099 hinc
1217 3051 1461 3112 explicari
1493 3052 1691 3100 videtur
1722 3065 1898 3112 posse,
1933 3046 2073 3111 quod
2095 3048 2329 3096 librarius
2355 3047 2545 3095 codicis

283 3115 561 3177 archetypi
579 3124 785 3179 propter
801 3117 1255 3166 homoeoteleuton
1271 3118 1412 3166 vocis
1431 3119 1685 3180 sequentis
1705 3131 1834 3164 anne
1856 3119 1921 3164 ad
1943 3117 2079 3164 hanc
2101 3127 2377 3177 properans
2401 3113 2545 3161 illam

287 3182 469 3231 omisit
502 3190 552 3231 et
575 3191 755 3246 postea
777 3185 993 3247 margini
1017 3185 1296 3247 adscripsit,
1321 3185 1456 3232 unde
1494 3198 1583 3246 per
1615 3182 1878 3233 librarium
1911 3180 2198 3244 apographi
2232 3180 2373 3229 illinc
2404 3188 2543 3228 tran·

284 3250 470 3312 scripti
494 3258 581 3299 aut
604 3266 695 3313 per
726 3267 899 3301 casum
933 3259 1022 3300 aut
1054 3265 1145 3314 per
1179 3251 1510 3300 subtilitatem
1544 3253 1797 3314 quandam
1829 3249 2017 3311 ingenii
2048 3248 2164 3297 voci
2188 3244 2444 3297 credamus
2467 3255 2544 3296 est

284 3317 537 3378 subiecta,
561 3326 741 3380 utpote
766 3320 846 3367 cui
870 3319 1094 3367 maxime
1133 3319 1386 3368 videretur
1427 3332 1667 3380 congrua.
1734 3316 1910 3367 Verum
1950 3331 2097 3383 ayere
2130 3332 2300 3365 curam
2326 3356 2388 3374 .,,-.
2413 3332 2541 3364 sum-

286 3400 421 3431 mum
446 3398 534 3445 nec
559 3392 658 3433 tam
681 3385 814 3435 tristi
837 3426 899 3434 -
925 3386 1100 3436 minist.
1122 3383 1283 3449 pollui
1302 3385 1616 3435 credamusne
1641 3401 1707 3435 an
1741 3384 2046 3444 dubitemusf,
2080 3384 2369 3434 Heumann.
2404 3384 2540 3446 apud

288 3449 506 3500 Gesner.
541 3452 665 3500 Alia
685 3454 796 3502 vult
818 3454 926 3502 Ian.
952 3455 1006 3501 in
1030 3454 1192 3502 diurn.
1218 3454 1374 3515 antiq.
1405 3458 1551 3503 1849.
1577 3469 1651 3503 nr.
1680 3459 1758 3503 58.
1784 3468 1833 3517 p.
1859 3458 1975 3502 461.

361 3515 394 3576 ξ
423 3523 503 3566 20.
541 3517 657 3580 Vix,
680 3520 894 3583 Pabdg
903 3537 953 3585 p.
990 3517 1072 3570 Ne
1098 3520 1202 3582 vix,
1230 3514 1287 3583 Θ,
1314 3536 1443 3584 quae
1466 3523 1727 3585 scriptura,
1762 3520 2034 3570 nisi·errori
2059 3520 2291 3580 solemni,
2316 3519 2537 3582 syllabas

288 3586 500 3634 easdem
522 3587 696 3649 repeti,
721 3587 944 3649 debetur,
962 3588 1175 3638 fortasse
1199 3589 1270 3638 ita
1292 3596 1370 3640 est
1390 3589 1778 3652 interpretanda,
1804 3597 1861 3638 ut
1870 3590 2004 3638 Plin.
2030 3588 2285 3651 scripsisse
2309 3587 2536 3636 dicamus

287 3648 444 3701 Nunc
461 3660 630 3703 ortum
649 3669 715 3703 ex
732 3650 828 3716 Nc,
848 3670 977 3718 quae
1000 3656 1262 3719 particula,
1287 3657 1329 3706 si
1353 3672 1413 3706 eo
1439 3657 1723 3719 significatu
1742 3671 1891 3719 saepe
1916 3657 2064 3705 obvio
2091 3656 2319 3714 sumitur,
2346 3655 2407 3702 de
2431 3668 2534 3715 quo

290 3721 398 3783 egit
428 3721 597 3770 Hand.
618 3721 841 3772 -Turseu,
878 3729 927 3775 4.
962 3739 1011 3786 p.
1047 3730 1163 3774 340.
1190 3732 1240 3774 et
1265 3724 1504 3788 Wagner.
1537 3727 1603 3774 ad
1625 3726 1780 3787 Verg.
1812 3725 1922 3775 Ecl.
1962 3730 2041 3784 10,
2078 3728 2178 3783 44.,
2204 3722 2396 3784 optime
2431 3721 2535 3771 huc

290 3791 522 3850 quadrat.
568 3829 620 3836 ..
665 3799 736 3839 est
756 3806 849 3854 pro
875 3790 984 3841 licet
1007 3806 1123 3840 cum
1145 3793 1390 3842 infinitivo
1415 3793 1622 3855 iungere
1645 3794 1817 3842 Plinio
1850 3791 2259 3851 usitatissimum3
2282 3789 2383 3838 vid.
2413 3791 2458 3850 7,
2488 3795 2532 3838 1.

291 3861 339 3915 8,
376 3860 457 3906 87.
496 3862 608 3906 135.
644 3862 691 3918 9,
721 3864 764 3907 5.
793 3864 871 3908 93.
907 3862 988 3908 97.
1025 3864 1103 3908 99.
1142 3865 1219 3920 11,
1247 3864 1327 3911 87.
1366 3867 1478 3911 151.
1518 3867 1597 3921 14,
1634 3866 1713 3910 68.
1755 3865 1831 3920 16,
1859 3866 1938 3909 84.
1969 3862 2047 3918 17,
2078 3864 2156 3907 16.
2194 3861 2271 3905 51.
2302 3861 2380 3917 19,
2419 3859 2531 3906 171.

292 3928 374 3982 20,
401 3929 482 3973 95.
509 3931 635 3976 203..
652 3931 732 3986 22,
763 3931 838 3976 16.
865 3933 946 3977 30.
967 3933 1048 3987 23,
1077 3931 1156 3978 72.
1186 3934 1297 3978 112.
1324 3933 1404 3989 29,
1434 3931 1513 3978 72.
1540 3934 1622 3988 30,
1651 3930 1762 3977 137.
1789 3932 1871 3987 34,
1901 3931 2011 3975 132.
2065 3924 2420 3974 Dubitemusve
2446 3925 2532 3973 vix

287 3992 523 4053 propensi
549 3989 788 4054 iudicare,
821 3994 931 4044 Ian.
957 3995 1011 4044 in
1043 3995 1203 4043 diurn.
1230 3996 1385 4058 antiq.
1416 4001 1563 4044 1834.
1586 4008 1637 4056 p.
1667 4000 1781 4044 420.
1813 4034 1856 4041 ..
1891 3990 2149 4057 pudendis,
2174 4007 2221 4040 σ.
2253 4031 2305 4038 ..
2338 4000 2383 4038 et
2404 4008 2529 4040 mon-

292 4066 414 4119 stra,
439 4055 536 4121 ρβ.
573 4101 619 4108 ..
667 4077 862 4125 quoque,
888 4064 960 4111 d'.
999 4079 1180 4126 quoque
1205 4077 1343 4126 quae,
1362 4062 1567 4111 Pabd²
1576 4075 1669 4124 gr,
1704 4063 1842 4124 quod
1864 4060 1982 4109 ferri
2005 4068 2190 4124 posset,
2216 4060 2258 4109 si
2281 4060 2532 4121 legeretur

295 4134 510 4176 monstra
535 4142 719 4190 quoque
746 4145 875 4192 quae
901 4127 1138 4179 damnant
1159 4131 1332 4191 colunt,
1367 4131 1488 4193 quia
1511 4135 1739 4178 monstra
1760 4130 1813 4178 in
1846 4129 2133 4177 universum
2167 4142 2272 4176 non
2297 4127 2528 4176 coleban-

295 4199 389 4252 tur,
424 4196 511 4244 sed
535 4196 917 4258 damnabantur,
950 4199 1054 4248 hoc
1087 4205 1258 4247 autem
1288 4198 1406 4246 loco
1428 4197 1563 4247 Plin.
1588 4210 1794 4260 prorsus
1826 4197 2129 4246 contrariam
2152 4196 2398 4244 rationem
2432 4195 2528 4243 ho-

295 4259 452 4312 mines
474 4264 616 4326 sequi
639 4264 943 4327 indignatur.
986 4305 1040 4313 .-
1083 4263 1357 4332 excoyitant
1378 4264 1561 4329 ylobus,
1585 4281 1624 4313 r.
1665 4305 1726 4312 ,-
1766 4263 1937 4329 quiete,
1962 4264 2019 4313 P.
2061 4304 2122 4312 -
2162 4262 2398 4329 {ru-cyane,
2426 4255 2482 4309 θ.
