2961 4861
436 276 517 339 88
1128 288 1535 334 NATURALIs
1581 286 1970 333 HISTORIAE

819 492 1118 568 LIBRO
1174 494 1517 568 XXXIV.
1577 489 2290 567 CONTINENTUR

435 643 627 709 Aeris
669 642 926 710 metalla
942 666 960 717 ;
1005 664 1245 729 genera
1288 643 1454 706 aeris
1464 667 1483 719 ;
1529 649 1696 726 quae
1742 636 2101 714 Corinthia3
2150 658 2317 721 quae
2358 635 2689 714 Deliaca3

433 767 597 830 quae
624 743 1011 833 Aeginetica
1036 749 1069 806 ¹.
1116 741 1220 807 De
1251 742 1667 824 candelabris.
1713 739 1818 804 De
1864 738 2246 823 templorum
2282 739 2694 803 ornamentis

432 868 515 911 ex
556 867 704 909 aere
725 851 769 907 2.
843 843 949 908 De
997 843 1285 908 tricliniis
1328 844 1533 908 aereis
1555 849 1597 906 ³.
1677 838 1872 922 Quod
1922 839 2200 925 primum
2254 838 2360 903 dei
2406 839 2690 905 simula-

432 967 611 1010 orum
652 942 892 1009 Romae
939 967 1019 1008 ex
1062 967 1210 1009 aere
1256 944 1500 1009 factum
1518 951 1562 1007 ⁴.
1619 942 1726 1007 De
1770 941 2015 1026 origine
2058 948 2418 1004 statuarum
2461 950 2529 1004 et
2555 939 2692 1005 ho-

426 1065 601 1109 nore.
677 1039 1058 1109 Statuarum
1100 1068 1339 1132 genera
1383 1057 1449 1110 et
1490 1046 1755 1131 figurae.
1835 1041 2023 1124 Quae
2075 1039 2381 1107 loricatae
2427 1051 2693 1105 statuae

426 1141 670 1210 Romae
689 1147 733 1209 ὅ.
820 1141 1007 1225 Quae
1063 1147 1306 1232 primae
1365 1158 1616 1232 statuae
1670 1145 1915 1210 Romae
1938 1149 1981 1207 ὓ.
2073 1140 2333 1223 Quibus
2398 1143 2691 1226 primum

426 1242 684 1330 publice
707 1250 728 1287 ¹
758 1246 1029 1331 positae,
1062 1244 1297 1331 quibus
1325 1247 1606 1332 primum
1631 1246 1701 1309 in
1730 1246 2042 1309 columna.
2091 1240 2373 1323 Quando
2401 1255 2608 1310 rostra
2632 1251 2685 1308 Β.

428 1343 753 1430 Antiquae
796 1358 1042 1412 statuas
1088 1357 1340 1434 togatas
1384 1347 1522 1412 sine
1569 1346 1800 1411 tunicis
1844 1344 2045 1409 fuisse
2062 1346 2107 1407 ⁹.
2157 1340 2417 1425 Quibus
2459 1356 2686 1410 exter-

426 1444 528 1510 nis
570 1443 815 1512 Romae
857 1447 1113 1533 publice
1130 1450 1181 1489 ¹⁰
1237 1449 1507 1534 positae.
1584 1444 1838 1528 Quibus
1881 1445 2123 1510 Romae
2180 1444 2555 1509 mulieribus
2607 1445 2685 1509 in

424 1544 684 1632 publico
726 1548 973 1634 positae
992 1551 1061 1615 ¹¹.
1110 1545 1297 1631 Quae
1325 1550 1533 1636 prima
1560 1548 1803 1614 Romae
1833 1557 2047 1612 statua
2075 1546 2392 1629 equestris
2420 1545 2683 1632 publice

426 1647 657 1733 posita.
706 1645 989 1732 Quando
1017 1673 1239 1717 omnes
1280 1651 1584 1737 privatim
1626 1649 1874 1735 positae
1901 1654 1950 1691 ¹²
1992 1658 2245 1712 statuae
2289 1670 2372 1712 ex
2414 1648 2685 1734 publico

429 1748 742 1817 sublatae.
786 1747 979 1835 Quae
1020 1752 1263 1840 primae
1306 1752 1391 1817 ab
1434 1750 1717 1817 externis
1758 1747 2015 1836 publice
2060 1748 2306 1835 positae
2325 1751 2396 1814 ¹3.
2441 1748 2686 1815 Fuisse

428 1851 787 1936 antiquitus
831 1855 963 1917 et¹⁴
1006 1853 1075 1918 in
1116 1852 1307 1918 Italia
1351 1853 1713 1919 statuarios.
1783 1851 1891 1918 De
1929 1849 2159 1935 pretiis
2204 1850 2532 1936 signorum
2574 1850 2680 1914 in-

431 1949 723 2015 modicis.
794 1949 901 2017 De
960 1953 1222 2017 colossis
1278 1953 1347 2016 in
1402 1954 1564 2020 urbe
1624 1950 2073 2021 celeberrimis.
2144 1950 2535 2017 Nobilitates
2597 1975 2681 2017 ex

431 2071 581 2115 aere
651 2074 917 2138 operum
977 2063 1043 2118 et
1098 2053 1414 2117 artificum
1469 2076 1742 2119 cccnxw
1760 2059 1828 2118 ¹⁶.
1908 2051 2337 2119 Differentiae
2390 2052 2558 2119 aeris
2615 2062 2682 2118 et

430 2149 770 2216 mixturae.
841 2151 947 2219 De
1003 2175 1250 2239 pyropo
1268 2155 1338 2216 ¹⁶.
1408 2153 1517 2219 De
1573 2153 1904 2242 Campano
1958 2175 2128 2218 aere.
2199 2152 2308 2218 De
2365 2153 2682 2219 servando

431 2275 601 2319 acre.
677 2253 783 2321 De
828 2253 1112 2333 cadmia3
1172 2254 1529 2320 medicinae
1575 2279 1656 2320 ex
1699 2279 1778 2320 ea
1819 2279 1927 2320 xv.
1996 2254 2191 2319 Aeris
2230 2254 2365 2341 usti
2408 2255 2679 2320 effectus

431 2354 499 2420 in
542 2353 857 2421 medicina
899 2359 1031 2420 x¹⁷.
1102 2356 1209 2423 De
1266 2357 1472 2422 sooria
1529 2356 1716 2422 aeris.
1788 2356 1892 2423 De
1947 2355 2104 2421 flore
2157 2356 2347 2435 aeria,
2406 2378 2678 2441 squama

433 2457 599 2523 aeris
618 2461 686 2537 ¹⁸,
735 2469 1112 2526 stomomate
1130 2463 1180 2502 ¹⁹
1223 2461 1420 2539 aeris3
1476 2461 1831 2527 medicinae
1877 2472 1958 2523 ex
1999 2459 2080 2523 iis
2098 2463 2148 2501 ²⁰
2190 2482 2386 2523 van.
2459 2456 2676 2523 Aeru-

434 2579 556 2645 go;
614 2561 972 2628 medicinae
1029 2585 1111 2627 ex
1168 2585 1244 2626 ea
1301 2566 1550 2626 xvm21.
1624 2560 2020 2627 Hieracium.
2107 2557 2343 2626 Scolex
2360 2563 2411 2602 ²2
2469 2560 2675 2639 aeris;

502 2784 589 2834 Ad
611 2785 829 2837 indicem
850 2788 964 2837 libri
982 2785 1236 2837 XXXIV.
1262 2788 1470 2836 adhibui
1491 2788 1796 2837 BRTVad
1819 2794 1870 2836 et
1893 2788 1958 2836 ad
1979 2788 2178 2850 aliquot
2196 2789 2441 2836 lemmata
2461 2801 2518 2847 π,
2543 2789 2677 2837 unde

432 2851 495 2900 do
519 2852 624 2902 hoc
647 2854 823 2904 codice
846 2856 978 2905 nihil
1002 2856 1346 2917 colligendum
1370 2862 1446 2904 est
1469 2869 1537 2903 ex
1559 2856 1776 2917 silentio.

507 2924 549 2968 l.
587 2923 890 2987 aeqeinetica,
912 2925 973 2972 B.
1012 2924 1308 2984 aeceinetica,
1335 2939 1380 2971 a.
1416 2923 1691 2982 accinete‘ca,
1714 2924 1778 2971 R.
1850 2927 1897 2970 2.
1943 2924 2228 2972 ornamentis
2262 2922 2420 2971 aereis
2454 2939 2517 2971 esc
2547 2939 2672 2980 aere,

430 2982 492 3033 B.
566 2994 613 3037 3.
650 2990 768 3040 Hoc
789 2992 979 3042 lemma
1001 3005 1137 3056 pone
1159 2991 1330 3057 Aeyin.
1367 2990 1630 3040 collocant
1650 2991 1772 3039 BV.
1800 2991 1975 3040 Omitt.
2000 2991 2151 3039 Rau.
2223 2997 2270 3039 4.
2314 2987 2455 3046 Quod
2495 3029 2557 3037 -
2577 2989 2674 3052 fa-

430 3075 573 3131 ctum,
607 3074 880 3126 RTvdn.
918 3068 1075 3126 roma⁶
1097 3073 1181 3125 dei
1209 3074 1512 3125 simulacrum
1546 3092 1734 3124 aereum
1765 3072 1952 3124 Romae
1975 3091 2035 3124 ex
2058 3091 2171 3123 aere
2191 3073 2402 3136 sactum,
2432 3073 2494 3123 B.
2543 3072 2672 3124 Cum

467 3135 688 3203 lorisque
722 3146 868 3193 codd.
904 3146 1158 3193 consentit
1192 3160 1236 3205 a,
1269 3144 1367 3193 nisi
1399 3144 1538 3206 quod
1570 3142 1652 3192 dei
1670 3143 1824 3204 paulo
1849 3142 2006 3191 serius
2029 3149 2106 3190 est
2129 3143 2371 3190 additum.
2445 3147 2490 3190 5.
2535 3138 2672 3197 Quae

478 3205 666 3257 ricatae
711 3218 902 3260 statuae
935 3209 1138 3271 Romae,
1184 3212 1257 3260 ita
1301 3211 1476 3274 scripsi
1519 3225 1547 3259 e
1593 3210 1816 3272 vestigiis
1848 3224 1916 3270 π,
1957 3210 2044 3259 ubi
2085 3210 2183 3258 hae
2223 3209 2421 3257 litterae
2460 3215 2670 3257 restant:

430 3272 580 3331 quael
602 3310 613 3322 .
641 3312 652 3324 .
681 3312 692 3324 .
720 3312 732 3324 .
767 3286 917 3326 estatu
942 3314 954 3325 .
981 3315 993 3326 .
1020 3315 1032 3326 .
1059 3314 1071 3326 .
1106 3295 1254 3338 omae,
1277 3280 1365 3327 sed
1398 3292 1459 3326 eo
1496 3278 1686 3338 ordine,
1711 3285 1768 3326 ut
1789 3277 2014 3326 lemmati
2042 3277 2213 3340 quibus
2231 3277 2435 3340 primum
2453 3275 2672 3339 publicae

424 3340 616 3395 positae
640 3344 1050 3406 praemittantur;
1087 3352 1139 3394 at
1160 3345 1259 3393 vid.
1285 3350 1366 3405 34,
1396 3350 1474 3394 18.
1502 3344 1677 3394 omitt.
1700 3345 2019 3395 BRTVad.
2102 3350 2147 3393 6.
2192 3342 2327 3401 Quae
2354 3344 2543 3406 primae
2575 3352 2670 3391 sta-

427 3406 545 3455 tuae
586 3408 788 3472 Romae,
828 3412 1064 3472 BRVa3
1116 3424 1251 3473 pone
1291 3420 1456 3460 rostra
1497 3412 1754 3460 collocant
1793 3413 1840 3461 T
1851 3415 1897 3471 d,
1942 3426 2042 3461 om.
2084 3426 2135 3460 π.
2237 3415 2279 3461 7.
2328 3409 2572 3475 publica-e,
2610 3411 2669 3459 B.

428 3473 476 3517 ⁸·
525 3470 733 3531 Quando
767 3487 941 3539 rostra,
973 3478 1299 3528 BRTVad.
1354 3474 1469 3533 Qua
1494 3513 1505 3524 .
1533 3513 1544 3525 .
1580 3487 1626 3526 st
1657 3515 1668 3527 .
1696 3515 1707 3526 .
1735 3516 1746 3526 .
1774 3516 1803 3539 .,
1824 3493 1877 3541 π,
1902 3482 2036 3528 unde
2064 3480 2243 3529 Reuss.
2282 3475 2484 3541 quando
2515 3486 2672 3527 statua

426 3548 654 3613 nostrata
676 3545 812 3595 fecit.
884 3551 930 3595 9.
966 3546 1084 3595 Hoc
1115 3545 1304 3593 lemma
1324 3544 1570 3593 hocloco
1604 3553 1740 3595 recte
1771 3548 1944 3609 posuit
1966 3549 2147 3608 Ianus;
2181 3547 2278 3595 vid.
2306 3552 2388 3607 34,
2414 3551 2494 3594 23.
2530 3546 2669 3594 Pone

405 3606 626 3666 .s⁸9urae
662 3614 921 3663 collocant
953 3612 1320 3662 BRTVadvr.
1363 3611 1557 3673 conicis,
1592 3614 1654 3662 R.
1738 3621 1814 3664 10.
1854 3615 2094 3679 publicae,
2125 3616 2186 3664 Β.
2271 3619 2348 3663 ll.
2403 3609 2586 3668 Quibus
2613 3653 2669 3660 -

420 3674 635 3747 positae,
672 3695 808 3744 pone
841 3680 1061 3730 sublatae
1095 3680 1352 3730 collocant
1385 3681 1491 3729 Td.
1567 3688 1643 3731 12.
1687 3682 1887 3746 positae,
1919 3684 2043 3731 BV.
2088 3682 2293 3745 publice,
2325 3681 2490 3730 RTa.
2528 3689 2570 3729 et
2586 3698 2671 3744 pu-

422 3733 568 3799 ΜὈΘ»
595 3748 644 3795 d.
720 3754 797 3799 13.
828 3748 1017 3812 primae
1042 3787 1104 3795 ..-
1126 3746 1315 3811 publice
1330 3749 1536 3813 positae,
1560 3750 1661 3799 Ra.
1696 3751 1884 3813 primae
1910 3790 1970 3798 -.
1992 3749 2177 3829 publice
2196 3750 2398 3814 positae,
2421 3749 2482 3798 B.
2515 3748 2671 3812 prima

518 3836 719 3893 publice
737 3841 914 3905 posita,
941 3839 1064 3890 Tv.
1112 3840 1301 3905 pn’mae
1321 3882 1384 3889 -
1396 3840 1589 3906 publice
1607 3843 1782 3907 posita,
1808 3846 1853 3892 d.
1885 3843 2049 3906 prima
2073 3879 2085 3891 .
2113 3879 2125 3892 .
2146 3842 2310 3907 public
2334 3880 2345 3892 .
2373 3879 2385 3891 .
2415 3880 2426 3892 .
2450 3878 2464 3891 .
2491 3844 2598 3903 itae,
2621 3857 2668 3890 π.

427 3896 506 3943 ¹4·
551 3910 613 3962 et,
637 3906 763 3958 BV.
791 3908 965 3959 Omitt„
989 3908 1240 3958 RTadae.
1315 3915 1391 3959 15.
1427 3909 1581 3960 Hunc
1615 3924 1879 3961 numerum
1916 3926 2016 3959 om.
2049 3910 2100 3959 R
2150 3906 2274 3972 (vid.
2307 3918 2414 3959 not.
2452 3916 2529 3959 53.
2563 3910 2669 3959 libri

419 3968 808 4071 Qfflf’eedentis)
833 3990 948 4025 cum
970 3975 1166 4038 reliqua
1187 3975 1340 4027 huius
1363 3977 1478 4027 libri
1512 3986 1669 4040 parte,
1707 3992 1860 4040 quam
1893 3993 2010 4028 cum
2041 3978 2204 4027 indice
2229 3978 2342 4027 libri
2366 3978 2593 4028 XXXV.
2624 3986 2669 4026 et

426 4056 459 4111 ’ἱ
478 4026 692 4091 XXVI,
728 4044 882 4095 Ianus
906 4058 971 4091 ex
994 4043 1158 4093 indice
1181 4043 1439 4108 principiis
1473 4045 1792 4106 singulorum
1821 4046 2067 4095 librorum
2100 4046 2377 4108 praemisso
2410 4046 2670 4109 supplevit.

419 4086 677 4157 tractem
700 4110 753 4159 in
788 4110 1044 4161 codicibus
1075 4111 1166 4161 Ba
1188 4111 1430 4161 lemmata
1452 4111 1604 4161 huius
1626 4113 1804 4162 indicis
1837 4113 2165 4177 Differentiae
2196 4113 2329 4163 aeris
2364 4122 2412 4161 et
2445 4115 2671 4163 mixtrarae

520 4164 817 4228 Armenicum
841 4193 974 4241 pone
998 4178 1187 4229 lemma
1209 4178 1323 4228 libri
1348 4179 1601 4230 XXXIII.
1640 4179 1903 4229 nobilitates
1928 4197 2118 4244 operum
2142 4191 2186 4231 et
2207 4182 2445 4245 artfficum
2471 4181 2671 4246 repetita

998 4450 1071 4491 ’Ἀ
