2961 4861
303 299 430 366 364
1007 312 1416 363 alumnus
1460 312 1852 362 ms'ronnu:

304 476 498 531 tunae
549 462 785 530 fluctus
837 463 1060 553 agitat.
1134 464 1240 529 Ita
1288 485 1407 550 per
1459 464 1861 530 saeculorum
1906 463 2112 543 milia,
2169 464 2555 531 incredibile

304 567 505 646 dictu,
550 588 711 655 gens
754 577 1015 633 aeterna
1056 575 1174 644 est,
1218 565 1288 630 in
1328 587 1458 649 qua
1500 588 1688 631 nemo
1729 566 2011 631 nascitur
2027 589 2045 642 3
2100 576 2230 631 tam
2273 567 2561 633 fecunda

299 667 427 733 illis
471 668 740 734 aliorum
781 668 953 733 vitae
995 665 1392 753 paenitentia
1436 677 1556 733 est.
1612 666 1797 731 Infra
1837 667 1957 732 hos
1999 666 2320 756 Engadda
2362 668 2554 755 oppi-

305 768 462 834 dum
506 768 650 848 fuit,
696 769 1048 835 secundum
1090 768 1174 834 ab
1200 767 1668 852 Hierosolymis
1713 767 2047 834 fertilitate
2089 769 2549 854 palmetorum-

305 891 440 953 que,
462 869 848 948 nemoribus,
894 892 1065 934 nunc
1093 869 1365 935 alterum
1393 869 1676 934 bustum.
1720 868 1884 935 Inde
1913 867 2190 934 Masada
2219 871 2551 935 castellum

299 970 370 1034 in
423 992 586 1056 rupe
643 980 709 1035 et
757 970 974 1056 ipsum
1022 969 1204 1035 haud
1246 970 1472 1056 procul
1513 967 1907 1055 Asphaltite.
1951 969 2043 1034 Et
2082 970 2395 1036 hactenus
2434 970 2548 1036 Iu-

302 1070 465 1136 daea
512 1082 629 1136 est.
1586 1082 1595 1087 “
1770 1086 1773 1091 ’

252 1150 268 1175 '
383 1168 646 1238 XVIII.
714 1172 815 1238 16.
875 1171 1188 1262 Iungitur'
1230 1172 1290 1238 ei
1340 1172 1542 1238 latere
1587 1170 1817 1256 Syriae
1858 1170 2329 1258 Decapolitana
2369 1172 2551 1260 regio
2576 1191 2647 1238 74

300 1294 342 1336 a
381 1294 649 1338 numero
692 1273 1074 1361 oppidorum
1088 1321 1108 1353 ,
1163 1273 1233 1337 in
1282 1294 1411 1357 quo
1462 1296 1595 1339 non
1648 1296 1869 1339 omnes
1920 1274 2143 1339 eadem
2186 1273 2550 1354 observant,

298 1375 581 1461 plurumi
624 1385 838 1441 tamen
868 1374 1263 1439 Damascum
1307 1396 1390 1440 ex
1433 1385 1623 1461 epoto
1665 1376 1873 1463 riguis
1917 1397 2101 1441 amne
2146 1372 2553 1460 Chrysorroa

299 1476 609 1555 fertilem,
654 1476 1188 1562 Philadelphiam,
1230 1474 1673 1561 Rhaphanam,
1722 1477 1933 1542 omnia
1973 1477 2042 1541 in
2083 1475 2403 1542 Arabiam
2442 1498 2548 1542 re-

302 1577 618 1657 cedentia,
665 1576 1110 1663 Scythopolim
1153 1579 1373 1665 (antea
1399 1576 1650 1663 Nysam
1688 1601 1728 1642 a
1762 1577 2007 1643 Libero
2032 1576 2253 1656 Patre,
2299 1578 2552 1664 sepulta

298 1681 547 1747 nutrice
575 1680 699 1765 ibi)
747 1677 1013 1766 Scythis
1056 1679 1374 1758 deductis,
1423 1676 1687 1744 Gadara
1718 1679 2090 1746 Hieromice
2128 1679 2548 1766 praefluente,

302 1794 378 1849 eti
409 1783 540 1849 iam
582 1782 827 1849 dictum
851 1782 1142 1869 Hippon,
1172 1781 1368 1859 Dion,
1398 1779 1647 1846 Pellam
1674 1782 1857 1866 aquis
1887 1782 2174 1860 divitem,
2217 1777 2545 1861 Galasam,

305 1881 686 1949 Canatham.
756 1883 1194 1950 Intercursant
1259 1883 1652 1968 cinguntque
1714 1882 1831 1948 has
1894 1883 2075 1949 urbis
2143 1883 2544 1962 tetrarchiae,

298 2006 647 2072 regnorum
687 1985 890 2049 instar
933 1983 1259 2071 singulae,
1316 1993 1383 2048 et
1431 1983 1501 2047 in
1550 2006 1754 2072 regna
1805 1984 2324 2063 contribuuntur,
2381 1983 2544 2049 Tra-

300 2084 572 2150 chonitis
587 2134 607 2164 ,
671 2083 909 2149 Panias
965 2083 1035 2148 in
1090 2105 1220 2168 qua
1274 2081 1599 2149 Caesarea
1657 2107 1804 2150 cum
1862 2107 2062 2171 supra
2115 2085 2290 2151 dicto
2346 2085 2544 2165 fonte,

299 2184 521 2264 Abila,
565 2186 764 2265 Arca,
809 2185 1252 2271 Ampeloessa,
1301 2183 1510 2251 Gabe.

384 2285 587 2352 XIX.
636 2288 737 2351 17.
780 2286 958 2353 Hinc
999 2286 1403 2352 redeundum
1445 2294 1545 2351 est
1585 2285 1670 2350 ad
1715 2308 1892 2351 oram
1934 2298 2127 2371 atque
2155 2286 2542 2354 Phoenicen.
2572 2306 2640 2352 75

301 2388 461 2460 Fuit
486 2389 796 2478 oppidum
825 2386 1234 2468 Crocodilon,
1282 2396 1382 2454 est
1421 2386 1699 2466 flumen3
1744 2387 2050 2455 memoria
2077 2388 2357 2470 urbium,
2401 2388 2543 2456 Do-

352 2598 559 2662 fluctus,
591 2598 732 2647 Ra2.
818 2595 1024 2656 actibus,
1046 2587 1421 2646 DOSTa¹d0
1438 2590 1613 2655 (codd.
1640 2591 1881 2657 Salmas.)
1917 2634 1981 2644 ...
2026 2594 2198 2659 aqitat.
2234 2594 2337 2657 Ita,
2375 2594 2493 2646 N'a
2509 2598 2545 2646 ².

303 2664 418 2731 ay'it.
452 2663 553 2726 Ita,
583 2664 745 2714 RDS
812 2665 860 2713 d.
896 2662 1102 2727 ayitata,
1127 2664 1181 2712 a¹
1207 2658 1377 2723 (codd.
1403 2658 1645 2724 Salmas.)
1681 2662 1855 2725 agitat,
1878 2662 1969 2713 Νι.
1997 2703 2061 2713 .-
2092 2662 2381 2724 incredibili,
2403 2665 2452 2713 d.
2481 2705 2543 2713 -.

301 2741 475 2792 tamen,
514 2730 647 2781 Rob.
698 2770 762 2779 .-
792 2730 1015 2794 fecunda
1054 2728 1170 2790 illis,
1211 2745 1243 2778 a
1259 2730 1336 2778 ²d.
1384 2729 1629 2792 secundat
1662 2729 1785 2791 illis,
1825 2730 1908 2779 Β.2
1948 2727 2131 2792 (Rob.)
2167 2728 2421 2794 secundat
2456 2731 2546 2794 vie,

299 2799 520 2851 B‘Da¹.
546 2838 610 2847 ....
635 2796 751 2859 vita,
769 2798 902 2847 Rob.
928 2838 992 2847 -
1025 2795 1259 2861 Eyadda,
1278 2808 1326 2845 σ.
1359 2793 1596 2859 Enyada,
1612 2796 1856 2848 RDad2.
1893 2795 2115 2862 Enyeda,
2139 2799 2213 2848 dt,
2251 2838 2316 2847 ...
2347 2796 2545 2862 palma·

303 2881 522 2930 rumque,
545 2864 636 2915 N‘.
673 2905 737 2914 ....
773 2881 918 2930 rupa,
942 2865 991 2916 N
1006 2867 1041 2914 ².
1079 2863 1207 2929 ripa,
1231 2864 1321 2914 ΝΕ
1367 2904 1431 2913 .-
1468 2863 1608 2914 haud
1621 2865 1795 2930 procul
1814 2864 2108 2929 Asphaltite,
2133 2868 2280 2916 codd.
2307 2864 2486 2917 Galen.

368 2933 400 2995 ξ
428 2938 507 2985 74.
542 2942 601 2995 et,
623 2932 753 2982 R‘a.
781 2973 845 2983 -..
879 2930 1254 3011 Decapolitano‚
1277 2932 1368 2982 ΒῙ.
1396 2971 1458 2980 ...
1496 2947 1546 2993 a,
1568 2935 1741 2984 R²a².
1777 2932 1955 2984 Omitt.
1979 2934 2287 2983 R'Da¹do·.
2327 2974 2389 2982 -.
2426 2950 2545 2997 qua,

298 3003 434 3053 Rob.
472 3043 536 3051 .-
567 2999 781 3065 plurimi,
806 3017 852 3051 a.
884 2998 1164 3065 plurimum,
1188 2994 1466 3050 RODTd.
1506 3039 1569 3048 .-.
1603 2999 1875 3061 Damasco,
1899 3001 2094 3051 Tdc-
2131 3016 2193 3050 ex
2215 3008 2367 3065 epoto,
2389 3002 2542 3051 Voss.

300 3074 365 3121 ad
399 3070 522 3121 Mel.
556 3071 599 3120 I.
636 3074 681 3121 7.
726 3078 774 3118 et
807 3076 965 3133 opoto,
995 3068 1246 3119 RDTad
1280 3064 1489 3131 (optimi
1523 3069 1667 3117 codd.
1701 3064 1881 3129 Voss.)
1944 3076 1992 3116 et
2031 3067 2231 3133 Opoton,
2254 3062 2312 3128 β.
2359 3076 2545 3133 eputari,

301 3137 518 3189 Salmas.
542 3152 708 3188 exerc.
734 3151 786 3200 p.
813 3142 927 3186 435.
952 3152 998 3185 a.
1025 3136 1084 3186 C.
1121 3175 1186 3184 -.
1224 3133 1399 3199 tiqui-⁹,
1422 3135 1680 3186 RDTad
1702 3131 1875 3196 (codd.
1901 3132 2144 3196 Salmas.)
2180 3135 2369 3199 riquas,
2392 3131 2450 3198 β.
2478 3175 2544 3186 -.

304 3203 542 3269 Chrysam
565 3221 643 3265 ac,
668 3206 717 3253 d.
755 3244 818 3254 ...
853 3203 1124 3269 Raphana,
1148 3203 1211 3252 Β.
1248 3243 1312 3252 ....
1349 3201 1526 3262 omnia,
1548 3217 1649 3252 om.
1673 3202 1748 3251 d'.
1787 3243 1850 3252 ...
1884 3201 2178 3264 recedentia,
2201 3203 2377 3254 R²d².
2414 3203 2547 3251 rein-

300 3270 533 3331 cidentia,
558 3271 777 3320 R¹Da¹.
815 3270 1094 3332 recidentia,
1117 3271 1268 3321 a²d¹.
1295 3311 1359 3319 .-
1385 3267 1736 3335 Scythopolim,
1758 3269 1969 3321 RDad.
2006 3269 2329 3335 Scythopolin,
2352 3265 2453 3336 βγ.
2481 3311 2548 3319 .-

300 3336 463 3402 Nysa,
486 3350 534 3385 σ.
572 3377 636 3387 ...
672 3335 866 3403 Scythis
891 3337 1109 3388 deductis
1132 3352 1269 3401 pone
1293 3335 1623 3401 scythopolim
1645 3339 1866 3392 collocat
1887 3338 2022 3388 Pint.
2048 3378 2111 3387 -.
2154 3335 2423 3397 Gaddara,
2445 3333 2546 3398 σβ.

300 3446 366 3455 ...
401 3403 691 3466 Hieromice,
713 3398 992 3454 RODTd.
1029 3402 1359 3467 Hieromiace,
1384 3400 1464 3465 ass
1472 3418 1523 3468 r.
1558 3404 1893 3467 Hieramiace,
1917 3406 2015 3456 N2.
2051 3403 2339 3466 Ileamiace,
2363 3407 2453 3456 N'.
2480 3445 2544 3455 ..-

303 3472 478 3523 dictum
502 3470 531 3532 ὅ
562 3475 640 3522 71.
677 3511 741 3520 ...
777 3468 981 3534 Hippon
1001 3470 1152 3533 Dion,
1175 3473 1327 3523 Dad.
1372 3472 1675 3537 Hippodion,
1698 3475 1748 3523 Β
1766 3465 1822 3521 Θ.
1865 3470 2037 3538 Hippo
2060 3472 2212 3534 Dion,
2235 3474 2445 3524 Barbar.
2480 3513 2544 3522 ..-

306 3540 521 3602 Gerasa,
545 3540 702 3590 Hard.
756 3579 821 3587 -
873 3536 1166 3599 Canatham,
1191 3541 1278 3589 ad.
1336 3537 1585 3601 canatum,
1610 3541 1677 3590 D.
1719 3537 1981 3601 Canacam,
2005 3543 2067 3592 Β.
2105 3559 2164 3590 ea
2187 3548 2372 3601 natam,
2395 3554 2444 3590 σ.
2482 3580 2546 3590 ..-

301 3608 664 3667 Intercurrunt,
689 3623 735 3656 a.
771 3605 1124 3666 Intercussang
1150 3607 1212 3656 Β.
1253 3647 1316 3655 -
1353 3622 1625 3672 reynerum,
1649 3600 1916 3658 RODTa
1928 3610 2009 3658 dr.
2055 3607 2317 3672 reqionum,
2340 3603 2443 3673 βγ.
2481 3647 2547 3656 .-

301 3679 370 3737 in,
394 3679 478 3727 αἳ.
516 3676 695 3727 Omitt.
719 3675 954 3724 RDa¹d.
992 3673 1229 3724 Ceterum
1260 3675 1316 3723 in
1349 3675 1450 3724 hoc
1479 3675 1599 3724 loco
1633 3676 1972 3739 corruptelam
2004 3676 2229 3739 aliquam
2260 3677 2424 3725 inesse
2455 3678 2548 3724 do-

302 3752 384 3795 cet
421 3744 664 3807 languida
695 3752 747 3793 et
770 3742 946 3793 debilis
968 3743 1236 3792 verborum
1261 3749 1527 3792 structura.
1574 3744 1687 3793 Iam
1720 3758 1836 3792 cum
1859 3744 2085 3794 Plinium
2107 3744 2367 3792 videamus
2399 3744 2453 3792 in
2484 3743 2546 3791 il-

300 3813 393 3862 lud
414 3813 731 3876 potissimum
752 3812 857 3860 vim
881 3811 1124 3860 orationis
1145 3810 1436 3870 intendisse,
1454 3811 1751 3860 tetrarchias
1774 3811 1888 3861 illas
1906 3819 2075 3861 tantas
2107 3812 2311 3874 quidem
2344 3825 2467 3871 esse,
2490 3819 2551 3860 ut

301 3881 442 3943 ipsae
473 3894 565 3943 pro
600 3879 768 3943 regnis
801 3879 980 3928 haberi
1011 3878 1234 3942 possint,
1269 3880 1471 3928 easdem
1504 3885 1677 3928 tamen
1708 3879 1821 3928 aliis
1843 3880 2011 3942 reg-nis
2036 3878 2257 3939 attribui,
2281 3893 2398 3928 eum
2420 3878 2549 3927 haec

302 3947 407 3997 fere
438 3947 694 4011 scripsisse
728 3947 964 3997 coniicio:
1011 3960 1138 4010 quae
1168 3961 1424 4010 regnorum
1457 3945 1615 3995 instar
1646 3943 1868 4011 sinqulae
1899 3946 1950 3994 in
1986 3962 2140 4010 reqna
2170 3945 2546 3996 contribuuntur.

303 4014 506 4065 Omisso
530 4029 621 4079 per
642 4029 816 4064 casum
838 4015 1060 4077 aliquem
1082 4015 1382 4077 pronomine
1403 4013 1616 4063 relativo
1639 4013 1790 4063 facile
1811 4015 2000 4064 intrudi
2022 4021 2223 4077 poterat
2255 4014 2456 4078 copula.
2483 4054 2548 4062 .-

304 4098 461 4147 reyno,
486 4084 557 4131 a‘.
594 4121 658 4130 -.
701 4080 1034 4142 Trachonitis,
1056 4082 1167 4130 Da.
1212 4081 1262 4133 T
1255 4081 1507 4143 raconitis,
1530 4081 1636 4132 Βσ.
1683 4080 1733 4132 T
1726 4081 1978 4143 raconites,
2002 4082 2051 4131 d.
2077 4120 2141 4130 ...
2174 4079 2387 4141 Panias,
2410 4082 2545 4131 Pint.

303 4148 408 4267 ῙᾶΤ
421 4151 481 4262 (1.Ζ
508 4147 728 4210 Paneas,
750 4143 953 4212 Dassr.
997 4188 1053 4197 .-
1094 4146 1223 4199 dicto
1246 4150 1275 4212 5
1304 4153 1381 4200 71.
1420 4189 1484 4198 ..-
1519 4146 1689 4210 Abila,
1711 4150 1811 4199 vid.
1838 4149 2044 4213 Ioseph.
2070 4149 2301 4212 antiquit.
2324 4156 2371 4210 4,
2398 4151 2444 4198 7.
2485 4188 2548 4197 .-

360 4217 460 4265 aba
481 4232 530 4276 a,
552 4217 618 4266 K.

267 4323 276 4334 .
373 4284 403 4348 5
430 4285 507 4333 ⁷5.
545 4281 641 4344 Int,
661 4283 751 4332 Β“.
792 4321 852 4331 ..-
887 4280 1154 4332 Phoenicen
1180 4283 1231 4332 in
1257 4284 1486 4347 quasuit,
1510 4284 1574 4334 K.
1630 4324 1692 4332 -
1749 4283 1985 4349 oppidum,
2011 4285 2156 4335 Rad.
2210 4281 2402 4348 oppido,
2424 4282 2548 4333 DT.
