2961 4861
972 383 1242 431 L113.1v.
1302 382 1458 430 CAP.
1490 384 1643 431 xm.
1704 377 1898 430 seor.
1929 383 1993 428 τι.
2469 363 2592 427 317

356 532 512 620 cipit
563 532 711 597 inde
766 532 992 598 clarior
1045 532 1281 618 aperiri
1335 531 1510 597 fama
1565 530 1646 596 ab
1700 540 1893 618 gente
1935 530 2375 617 Ingaevonum
2429 549 2596 612 quae
2662 506 2671 523 δ

356 646 456 700 est
497 634 645 699 inde
688 633 895 720 prima
925 631 1331 700 Germaniae.
1376 630 1573 697 Mons
1607 628 1778 697 Sevo
1818 630 1910 696 ibi
1951 632 2280 697 inmensus
2319 651 2440 695 nec
2480 628 2596 693 Ri-

354 737 534 822 paeis
576 734 749 822 iugis
790 734 998 799 minor
1039 735 1359 799 inmanem
1401 733 1486 796 ad
1532 730 1942 797 Cimbrorum
1984 754 2190 817 usque
2232 741 2598 819 promonto-

352 836 521 900 rium
576 834 778 899 efficit
831 835 1075 912 sinum,
1144 833 1256 916 qui
1311 830 1616 899 Codanus
1680 845 1946 898 vocatur
2008 832 2288 898 refertus
2351 830 2599 908 insulis,

353 958 627 1020 quarum
672 934 1024 1000 clarissima
1066 945 1163 999 est
1193 931 1625 999 Scandinavia
1665 932 2079 1020 inconpertae
2119 932 2602 1021 magnitudinis,
2684 938 2698 950 '

355 1037 716 1124 portionem
762 1046 1010 1099 tantum
1055 1035 1217 1111 eius,
1275 1032 1449 1117 quod
1491 1043 1715 1098 notum
1760 1034 1862 1112 sit,
1891 1026 2359 1101 ·Hillevionum
2411 1043 2606 1120 gente

355 1160 399 1201 D
442 1136 759 1201 incolente
814 1134 1033 1220 pagis,
1088 1156 1254 1218 quae
1309 1135 1582 1198 alterum
1639 1132 1859 1198 orbem
1913 1144 2227 1199 terrarum
2285 1156 2429 1199 eam
2484 1154 2603 1217 ap-

355 1238 584 1324 pellat3
630 1258 752 1301 nec
794 1236 1003 1301 minor
1047 1245 1146 1300 est
1188 1233 1486 1319 opinione
1529 1232 1831 1321 Eningia.
1895 1232 2177 1315 Quidam
2218 1234 2379 1300 haec
2419 1233 2604 1300 habi·
2632 1257 2697 1304 97

360 1337 481 1401 tari
523 1336 606 1400 ad
648 1335 925 1401 Vistlam
981 1356 1185 1419 usque
1227 1333 1495 1399 fluvium
1538 1359 1574 1397 a
1619 1329 1952 1413 Sarmatis,
2012 1334 2318 1412 Venedis,
2383 1333 2606 1412 Scifis,

359 1435 575 1500 Hirris
620 1436 905 1510 tradunt3
953 1435 1164 1500 sinum
1208 1432 1599 1519 Cylipenum
1642 1436 1855 1499 vocari
1901 1446 1966 1500 et
2007 1437 2074 1500 in
2118 1436 2281 1501 ostio
2326 1437 2464 1501 eius
2507 1437 2608 1501 in-

369 1538 574 1602 sulam
604 1535 853 1614 Latrin,
884 1558 1033 1602 mox
1062 1535 1335 1602 alterum
1365 1535 1575 1599 sinum
1602 1534 1907 1623 Lagnum
1935 1538 2398 1601 conterminum
2429 1534 2608 1602 Cim-

362 1637 515 1701 bris.
588 1635 1102 1701 Promontorium
1160 1633 1570 1700 Cimbrorum
1635 1657 1986 1702 excurrens
2037 1638 2105 1701 in
2156 1638 2358 1702 maria
2414 1638 2605 1723 longe

363 1738 763 1824 peninsulam
819 1735 1016 1801 efficit
1069 1758 1234 1820 quae
1290 1732 1535 1799 Cart-ris
1593 1737 1970 1820 appellatur.
2043 1736 2206 1803 Tres
2265 1748 2330 1802 et
2382 1738 2612 1825 viginti

365 1839 515 1904 inde
581 1837 830 1902 insulae
896 1837 1331 1901 Romanorum
1392 1836 1585 1900 armis
1651 1837 1947 1923 cognitae
1965 1863 1984 1916 3
2067 1860 2287 1903 earum
2349 1839 2612 1904 nobilis-

368 1939 567 2003 simae
621 1936 919 2001 Burcana
971 1936 1251 2001 Fabaria
1319 1937 1556 2001 nostris
1615 1936 1787 2001 dicta
1841 1961 1880 2002 a
1934 1938 2142 2025 frugis
2204 1940 2612 2005 similitudine

370 2049 599 2126 sponte
641 2036 1098 2124 provenientis,
1152 2035 1308 2101 item
1353 2032 1692 2102 Glaesaria
1732 2060 1771 2101 a
1817 2039 2038 2104 sucino
2079 2040 2342 2107 militiae
2387 2043 2612 2128 appel-

369 2141 519 2219 lata,
564 2161 604 2203 a
643 2137 934 2204 barbaris
975 2136 1364 2203 Austeravia
1411 2147 1795 2222 praeterque
1837 2139 2138 2206 Actania.

372 2360 495 2405 rum,
517 2343 658 2406 Adp
691 2337 864 2403 (codd.
887 2336 1125 2402 Bai-bar.)
1156 2334 1201 2401 β
1208 2354 1259 2405 γ.
1314 2339 1493 2391 omitt.
1526 2340 1716 2390 Dicuil.
1755 2350 1805 2391 et
1834 2343 1965 2393 Rob.
2017 2345 2359 2408 Panasiorum,
2382 2348 2517 2398 Pint.
2552 2351 2617 2399 ad

371 2406 1210 2530 ΒΑΙΘΙὸὲῙΙὶἘὸὺὸἰωὶἳῑοὲῗοὲἶξῗωῖι,
1243 2406 1440 2459 Schott.
1477 2410 1589 2458 πᾶν.
1614 2423 1663 2472 p.
1694 2413 1806 2460 161.
1844 2450 1907 2459 -.
1955 2410 2186 2475 alioquin,
2209 2414 2364 2478 de.
2410 2412 2616 2479 alioqui,

442 2564 473 2626 g
499 2567 580 2611 96.
621 2557 754 2621 inde,
777 2558 945 2608 RAd.
982 2558 1171 2619 deinde,
1194 2557 1386 2607 Dicuil.
1413 2566 1464 2607 et
1485 2557 1616 2607 Rob.
1655 2599 1718 2607 -
1754 2556 1957 2623 clarior,
1980 2562 2035 2613 A
2058 2558 2244 2626 (Rob.)
2278 2563 2508 2627 clariore,
2525 2566 2620 2617 Rd

379 2626 620 2692 (Dicuil.)
658 2667 722 2676 ...
756 2625 1102 2691 Inyaevonum,
1126 2625 1195 2674 A.
1241 2622 1592 2689 Inyaaeonam,
1617 2626 1680 2676 R.
1724 2625 2040 2691 Inqueonum,
2063 2631 2252 2681 Dicuil.
2279 2640 2329 2682 et
2352 2632 2485 2682 Rob.
2529 2632 2618 2684 In·

378 2711 595 2761 yeonum,
614 2697 661 2744 d.
701 2693 1036 2758 Viqaevonum‚
1059 2693 1294 2742 Rhenan.
1321 2733 1384 2741 -
1409 2691 1523 2742 inde
1581 2693 1707 2744 rima
1734 2694 2042 2759 Germaniae,
2064 2698 2133 2749 A.
2164 2698 2331 2762 prima
2354 2700 2466 2749 inde
2498 2699 2619 2751 Ger-

375 2762 561 2824 mania,
585 2762 824 2812 RTadr.
855 2761 1020 2825 prima
1044 2760 1159 2811 inde
1189 2756 1498 2821 Germaniae,
1568 2797 1580 2809 .
1621 2761 1789 2826 prima
1813 2763 1866 2811 in
1899 2760 2186 2827 Germania,
2212 2767 2401 2817 Dicuil.
2439 2767 2619 2830 prima.

378 2830 502 2880 Inde
533 2829 819 2888 Germania,
844 2828 1077 2877 Rhenan.
1102 2842 1152 2893 r.
1183 2828 1351 2892 prima
1380 2826 1688 2878 Germaniae.
1725 2829 1866 2891 Inde,
1888 2832 2024 2882 Pint.
2057 2834 2176 2883 vid.
2197 2834 2355 2885 Solin.
2382 2841 2462 2895 20,
2492 2842 2535 2884 1.
2558 2874 2620 2885 ..-

379 2895 532 2947 Mons
565 2895 705 2956 Sev0‚
737 2895 945 2945 RAdr.
989 2892 1140 2943 Mons
1173 2893 1348 2956 Saevo,
1380 2896 1572 2944 Dicuil.
1616 2894 1739 2946 Sevo
1773 2912 1923 2958 mons,
1946 2894 2047 2963 βγ.
2086 2940 2149 2949 .-.
2186 2916 2271 2950 nec
2304 2900 2534 2964 Ripaeis,
2558 2904 2619 2953 R.

379 2979 468 3013 nec
502 2963 718 3027 rupaeis,
752 2963 799 3009 d.
846 2958 1142 3023 neriplzaeis,
1176 2961 1246 3010 A.
1294 3001 1356 3010 -.
1402 2960 1571 3022 miror,
1607 2975 1654 3011 σ.
1703 3004 1766 3012 -.
1804 2963 2066 3025 immanem,
2099 2966 2226 3015 RA.
2275 2966 2328 3016 in
2354 2985 2548 3027 amnem,
2574 2972 2621 3019 d.

378 3032 594 3091 immane,
615 3027 805 3079 Dicuil.
843 3068 906 3075 -
946 3023 1178 3087 Gimbros,
1205 3022 1262 3076 θ.
1299 3068 1362 3076 ..-
1400 3027 1576 3089 sinum,
1601 3028 1668 3077 A.
1713 3045 1875 3091 unum,
1898 3030 1991 3080 Rd
2025 3028 2267 3094 (Dicuil.)
2304 3074 2366 3083 ...
2405 3042 2623 3097 vocatus,

380 3100 427 3149 d.
467 3138 529 3146 .-
569 3096 793 3159 refertae,
816 3094 879 3143 R.
918 3094 1148 3157 refertur,
1173 3093 1239 3143 A.
1284 3096 1447 3157 refert,
1471 3097 1520 3143 d.
1557 3136 1619 3143 ....
1660 3105 1734 3145 est
1758 3095 2112 3158 Scandinavia,
2135 3101 2241 3148 Rd.
2287 3108 2360 3148 est
2381 3098 2624 3151 Scadina-

380 3165 480 3226 via,
502 3164 693 3213 Dicuil.
739 3171 809 3211 est
831 3159 1149 3220 Scatinauia,
1172 3161 1241 3210 A.
1285 3159 1622 3211 Scandinavia
1646 3172 1731 3222 est,
1755 3157 1798 3223 β
1805 3178 1856 3226 γ.
1894 3204 1958 3213 -.
1989 3165 2273 3229 portionum,
2310 3168 2357 3217 d.
2397 3207 2459 3216 ...
2499 3168 2628 3230 quod

382 3242 535 3283 notum
560 3230 641 3293 sit,
676 3231 800 3282 ΒΑ.
839 3226 971 3292 quod
1003 3227 1071 3275 sit
1101 3235 1278 3289 notum,
1310 3230 1356 3277 d.
1404 3243 1507 3291 qua
1538 3238 1650 3278 nota
1683 3230 1765 3291 sit,
1797 3231 1990 3280 Dicuil.
2027 3272 2090 3280 ..-
2127 3231 2167 3281 Ι
2167 3233 2430 3296 llevionum,
2454 3237 2516 3287 R.
2555 3277 2617 3285 .-

383 3316 460 3361 ea,
483 3302 532 3349 d.
571 3340 633 3348 -.
681 3295 915 3362 appellat,
938 3296 1008 3345 A.
1045 3295 1310 3360 appellant,
1335 3296 1441 3345 Rd.
1491 3335 1553 3343 ..
1602 3295 1760 3346 minor
1784 3307 1870 3359 est,
1893 3298 2051 3350 RAd
2075 3297 2315 3363 (Dicuil.)
2360 3311 2433 3351 est
2456 3302 2626 3365 minor,

380 3361 482 3431 βγ.
524 3407 586 3415 -.
621 3363 867 3426 Eninyia,
890 3362 961 3413 A.
1012 3362 1217 3427 Epiyia,
1243 3358 1602 3424 Td(Dicui1.)
1636 3362 1864 3428 Aepiyia,
1889 3365 1952 3415 R.

450 3448 481 3511 ξ
508 3452 591 3499 97.
627 3447 928 3507 habitatura,
954 3448 1001 3496 d.
1028 3486 1092 3495 ..-.
1134 3443 1360 3506 Vietlam,
1381 3447 1625 3496 Letronn.
1659 3446 1880 3509 Vieilam,
1905 3449 1972 3499 A.
2007 3449 2240 3514 Visulam,
2266 3448 2426 3502 Rea.
2459 3454 2627 3505 Vistu-

391 3514 504 3578 lam,
526 3517 734 3565 Barbar-
760 3508 904 3577 ᾶβγ.
943 3512 1147 3574 insulae,
1169 3513 1436 3562 Dicuil.-
1451 3530 1604 3577 usque
1628 3513 1710 3575 ad,
1736 3517 1769 3565 d
1791 3512 2032 3579 (Dicuil.)
2053 3559 2116 3568 -.
2134 3517 2374 3582 BenediS,
2397 3522 2510 3571 Ao.
2536 3522 2627 3572 Ve-

383 3584 523 3643 netis,
547 3578 605 3643 β.
645 3622 708 3630 ..-
746 3579 921 3641 Sciris,
945 3581 1013 3630 A.
1057 3576 1210 3641 Giris,
1233 3581 1298 3629 R.
1338 3577 1496 3646 Cyris,
1521 3583 1569 3630 d.
1606 3580 1779 3646 Scytis,
1802 3597 1850 3632 σ.
1888 3583 2153 3650 Scirisque,
2175 3587 2365 3638 Dicuil.
2403 3628 2468 3638 ,-
2503 3586 2628 3638 Hir-

386 3650 476 3711 ris,
501 3650 568 3699 A.
614 3646 796 3713 Hyris,
821 3651 867 3697 d.
914 3648 1097 3713 Hyrys‚
1121 3648 1185 3697 R.
1233 3647 1349 3698 Om.
1372 3649 1561 3698 Dicuil.
1598 3689 1662 3698 ...
1707 3650 1884 3713 sinum,
1909 3652 2016 3701 Rd.
2053 3652 2188 3713 sinti,
2219 3654 2290 3705 A.
2327 3694 2392 3703 ..-
2439 3652 2630 3721 Cylipe-

386 3732 515 3777 num,
539 3708 769 3766 AGTd.
820 3712 1135 3780 Gylypenum,
1157 3716 1221 3764 R.
1270 3712 1400 3780 Clyti
1429 3731 1587 3778 enam,
1608 3711 1668 3777 β.
1706 3756 1770 3766 -.
1806 3716 2004 3779 Latrin,
2026 3720 2096 3769 A.
2138 3719 2308 3783 Latri,
2332 3721 2439 3772 Rd.
2476 3762 2540 3770 .-
2576 3725 2628 3773 in

384 3784 565 3845 maria,
590 3798 690 3832 om.
717 3784 750 3832 d
769 3785 797 3830 ¹.
837 3823 900 3832 -.
938 3798 1065 3845 quae
1093 3778 1304 3843 GartriS,
1327 3799 1353 3833 r
1376 3733 1549 3845 (godo.
1573 3781 1828 3846 Barbari.)
1878 3801 2007 3848 quae
2038 3786 2088 3835 T
2084 3784 2293 3849 har-tris,
2317 3788 2422 3838 Td.
2460 3806 2561 3852 qua
2586 3789 2630 3852 ᾇ·

369 3850 591 3912 namra,
623 3852 685 3901 R.
733 3865 862 3914 quae
900 3847 1115 3910 Tastris,
1147 3848 1217 3899 A.
1266 3866 1391 3913 qaae
1428 3847 1641 3911 Carceis,
1665 3853 1753 3900 alii
1777 3854 1924 3901 codd.
1957 3853 2182 3904 Barbari.
2231 3870 2356 3917 quae
2377 3855 2631 3920 Austisus,

385 3932 434 3967 σ.
474 3959 536 3968 -.
573 3916 850 3982 appellatur
871 3914 1108 3967 XXIII.
1134 3933 1191 3965 m.
1210 3933 1264 3980 p.
1297 3915 1437 3977 Inde,
1459 3934 1500 3967 r.
1540 3957 1602 3966 ..-
1638 3917 1896 3979 Romani-3,
1921 3921 1968 3968 d.
2006 3960 2069 3969 -.
2108 3937 2281 3983 eorum,
2306 3924 2353 3972 d.
2392 3963 2456 3972 .-
2490 3922 2628 3975 Bur.

388 4001 536 4046 cana,
560 3985 715 4035 RAd
730 3987 809 4033 ²6.
845 3981 1123 4044 Burcania,
1148 3986 1181 4033 d
1202 3985 1230 4030 ¹.
1267 3983 1561 4046 Burchana,
1583 3979 1683 4048 βγ.
1713 4024 1775 4034 ...
1800 3983 2069 4047 Fabaeria‚
2094 3988 2161 4038 A.
2187 4029 2251 4038 -.
2278 3990 2479 4051 nostris,
2503 3992 2628 4044 RA.

387 4071 423 4102 a
444 4050 648 4113 nostris,
675 4046 819 4116 dssr.
857 4092 919 4100 .-
958 4048 1266 4099 multitudine
1288 4069 1314 4100 3
1349 4061 1454 4101 onte
1478 4050 1804 4116 proveniente,
1839 4068 1878 4102 r.
1916 4093 1980 4102 -..
2022 4051 2312 4118 Glaesaria,
2335 4058 2404 4108 A.
2456 4057 2630 4110 Glesa.

388 4120 476 4182 rie,
500 4121 565 4170 R.
596 4117 877 4179 Gelesaria,
903 4119 951 4168 d.
983 4116 1261 4178 Glessaria,
1334 4132 1385 4182 y.
1413 4157 1475 4167 ...
1503 4134 1550 4180 a,
1575 4118 1643 4167 A.
1671 4117 1847 4169 omitt.
1871 4121 1977 4171 Rd.
1998 4161 2061 4171 -
2082 4122 2427 4186 εασίηο,Βᾶσ.
2450 4126 2630 4191 erloino,

388 4188 556 4303 ἓωῑ.
576 4185 817 4317 ηφέιζῑίἷξῗ,
840 4185 1027 4237 Sabell.
1052 4186 1158 4235 Rd.
1197 4185 1357 4247 milite,
1380 4186 1449 4236 A.
1478 4226 1540 4235 ....
1575 4184 1894 4249 Austeravia,
1917 4182 2198 4241 RAOTd.
2234 4189 2556 4269 Auster-ania,
2581 4209 2629 4244 a.

542 4271 576 4304 a
665 4290 678 4316 ,
788 4290 800 4302 .
