2961 4861
392 339 471 400 12
1082 350 1490 397 NATURALIS
1535 348 1924 397 msToRIAn

389 501 542 587 quia
568 501 917 568 Bibaculus
962 513 1099 568 erat
1142 512 1207 566 et
1247 501 1594 566 vocabatur
1607 525 1623 576 ;
1670 500 1863 584 paulo
1906 499 2117 562 minus
2139 498 2388 563 >adserit
2415 497 2639 562 Varro

386 613 454 676 in
520 612 751 690 satiris,
794 611 924 676 suis
983 608 1382 675 Sesculixem
1448 619 1514 673 et
1576 607 1977 693 Flextabula.
2077 606 2280 692 Apud
2335 604 2637 672 Graecos
2671 627 2751 670 25

389 722 579 787 desiit
619 721 850 808 nugari
888 719 1216 800 Diodorus
1261 727 1325 783 et
1370 717 1749 802 βιβλιοθήκης
1790 716 2118 780 historiam
2173 739 2355 780 suam
2396 717 2630 781 inscri-

387 831 536 916 psit.
581 829 804 915 Apion
847 828 1105 911 quidem
1147 825 1642 914 grammaticus„
1666 824 1772 889 hic
1816 846 2008 909 quem
2052 824 2352 890 Tiberius
2384 822 2633 889 Caesar

392 938 754 1023 cymbalum
803 936 1031 1001 mundi
1081 935 1371 1012 vocabat,
1433 956 1580 998 cum
1632 934 1929 1018 propriae
1987 933 2194 1007 famae
2251 943 2629 1018 tympanum

390 1047 603 1133 potius
656 1046 860 1111 videri
912 1054 1151 1131 posset,
1210 1042 1657 1107 inmortalitate
1713 1041 1934 1105 donari
1988 1065 2026 1106 a
2081 1065 2149 1107 se
2206 1042 2482 1146 scripsit,
2544 1042 2630 1116 ad

393 1177 556 1240 quos
598 1156 812 1238 aliqua
840 1153 1278 1239 componebat.
1347 1150 1463 1214 Me
1493 1171 1620 1213 non
1646 1150 1931 1235 paenitet
1958 1151 2205 1216 nullum
2233 1147 2630 1216 festiviorem
2660 1180 2740 1223 25

2309 1234 2430 1276 ‚st
2441 1241 2492 1258 ’Ὗ

392 1265 792 1353 excogitasse
836 1262 1126 1338 titulum3
1175 1271 1240 1324 et
1281 1282 1363 1323 ne
1405 1259 1473 1322 in
1505 1267 1710 1322 totum
1738 1259 1958 1325 videar
1988 1256 2277 1325 Graecos
2304 1261 2627 1337 insectari,

478 1470 768 1530 Bibaculus,
822 1470 1067 1518 editiones
1115 1467 1509 1527 vetustissimae,
1569 1467 1752 1528 quibus
1804 1468 2048 1530 neglectis
2094 1475 2272 1531 postea
2319 1469 2372 1516 in
2417 1471 2630 1517 eandem

394 1539 695 1600 scripturam
730 1537 1020 1586 coniectura
1051 1536 1332 1584 inciderunt
1354 1534 1714 1596 Dalecampius
1751 1543 1802 1583 et
1824 1536 2041 1585 Vossius
2081 1538 2146 1584 ad
2181 1536 2444 1586 Catullum
2468 1550 2517 1597 p.
2543 1542 2628 1585 32.

394 1606 575 1654 merito
619 1604 819 1666 probati
862 1620 893 1652 a
933 1603 1167 1652 Bentleio
1210 1604 1275 1651 ad
1315 1603 1499 1651 Horat.
1543 1602 1650 1652 Sat.
1691 1603 1734 1651 I.
1781 1609 1868 1661 10,
1922 1609 2003 1652 32.
2090 1602 2408 1652 Confirmant
2460 1602 2628 1651 Vatie.

400 1678 547 1722 1950.
597 1677 742 1721 1951.
791 1676 937 1721 1952.
988 1672 1165 1719 Escor.
1206 1671 1249 1718 Ι.
1307 1678 1358 1718 ut
1398 1667 1615 1728 baculus,
1655 1661 1828 1718 brAP
1865 1667 2116 1731 (Murbae.
2162 1672 2308 1718 codd.
2347 1666 2628 1728 Salmlsii),

397 1742 537 1802 quod
577 1740 703 1788 mire
745 1738 1033 1800 explicabat
1074 1739 1357 1787 Turnebus.
1415 1734 1684 1795 vivaculus,
1719 1737 1825 1786 Td.
1881 1746 1931 1786 ut
1969 1737 2229 1796 masculus,
2272 1737 2439 1785 Vatic.
2481 1741 2629 1785 1953.

396 1806 571 1856 Antias
605 1807 748 1867 civis,
783 1807 1060 1856 Rhenanus
1091 1800 1150 1865 β.
1204 1804 1292 1853 luc.
1322 1812 1432 1867 puto
1463 1798 1731 1852 Bibacu'lus
1763 1804 1900 1866 quia,
1929 1804 2149 1853 Bahrius
2193 1805 2245 1851 in
2291 1804 2460 1851 annal.
2504 1804 2629 1852 Hei-

398 1875 530 1923 delb.
570 1879 715 1922 1849.
750 1888 801 1934 p.
840 1877 953 1922 525.
1003 1910 1060 1918 -
1108 1888 1263 1931 eram,
1310 1872 1354 1920 P
1397 1867 1590 1931 (Vatie.
1637 1874 1782 1918 1950.
1830 1876 1977 1920 1951.
2024 1876 2169 1929 1952.
2230 1872 2406 1919 Escor.
2449 1867 2519 1930 Ι.)
2565 1907 2627 1916 -

400 1942 634 1998 vocabar,
683 1939 851 1989 Vatic.
898 1943 1043 1987 1950.
1091 1943 1236 1987 1951.
1284 1941 1429 1986 1952.
1492 1939 1668 1986 Escor.
1721 1939 1764 1987 I.
1820 1975 1879 1984 -.
1929 1937 2076 2001 paulo
2125 1939 2299 1998 minus,
2355 1930 2629 1987 bdrTAP

400 2004 652 2067 (Murbac.
697 2006 843 2053 codd.
887 2005 1100 2053 Barbari
1146 2011 1196 2053 et
1238 2004 1498 2063 Salmasii,
1552 2004 1719 2052 Vatic.
1767 2009 1912 2053 1953.
1953 2005 2159 2067 Ugolet.
2203 2001 2427 2064 Iovian.)
2484 2003 2632 2067 paulo

400 2073 563 2131 nimis,
613 2072 699 2119 alii
740 2073 886 2120 codd.
926 2071 1163 2130 Barbari,
1210 2071 1390 2119 Ambr.
1425 2072 1468 2119 I.
1503 2072 1572 2119 11.
1616 2071 1879 2119 Barberini
1924 2080 1973 2120 et
2014 2073 2102 2120 alii
2142 2087 2224 2134 ap.
2267 2072 2628 2121 Rezzonieum.

394 2139 722 2205 pantomimus,
753 2138 921 2187 Vatic.
961 2141 1107 2186 1950.
1137 2141 1283 2185 1951.
1313 2141 1458 2186 1952.
1496 2140 1672 2187 Escor.
1695 2140 1755 2199 I.,
1790 2152 2009 2199 quorum
2033 2141 2179 2188 codd.
2203 2139 2451 2187 lectiones
2475 2139 2628 2186 inter-

402 2206 587 2270 pretari
611 2206 859 2254 sustinent
879 2204 1237 2264 Beciehemus,
1262 2205 1502 2254 Perottus
1516 2241 1529 2265 ,
1562 2205 1821 2254 Vitellius,
1855 2205 1917 2255 P.
1965 2205 2076 2256 Vaz.
2098 2206 2306 2269 primus,
2329 2206 2629 2255 Rhenanus.

416 2272 639 2323 Valerius
655 2273 854 2336 primus,
876 2266 934 2331 β.
954 2309 1005 2319 ..
1025 2271 1212 2331 asserit,
1238 2273 1384 2320 codd.
1411 2273 1477 2320 ad
1499 2287 1659 2320 unum
1684 2287 1874 2322 omnes.
1901 2275 2040 2334 serio,
2064 2273 2372 2322 Harduinus.
2393 2309 2439 2317 -
2479 2272 2629 2331 Varo,

402 2342 462 2391 P.
494 2380 551 2388 ..
577 2341 746 2406 satyri,
768 2340 996 2389 Murbac.
1028 2379 1083 2387 ..
1113 2339 1227 2399 suis,
1251 2331 1351 2388 ΤΔ
1375 2335 1548 2401 (codd.
1574 2339 1825 2399 Salmasii,
1849 2342 2023 2389 Escor.
2050 2337 2118 2401 Ι.)
2153 2341 2243 2403 sui,
2277 2342 2311 2389 b
2347 2334 2629 2401 (Murbac.)

404 2409 467 2471 vi,
491 2410 539 2457 d.
566 2407 887 2459 OmittuntP
922 2403 1114 2470 (Vatic.
1154 2411 1301 2457 1950.
1341 2411 1488 2456 1951.
1529 2411 1675 2456 1952.
1716 2404 1889 2468 1953.)
1931 2448 1988 2455 -
2029 2407 2335 2468 Sesculixem,
2357 2408 2630 2457 Barbarus.

407 2476 727 2541 Sesculyssem
792 2489 843 2540 r.
884 2475 1167 2539 sesquulisse
1182 2511 1195 2536 ,
1236 2475 1382 2523 codd.
1424 2475 1676 2526 Salmasii.
1721 2472 2109 2540 Sesquiulyssem,
2152 2477 2298 2524 codd.
2340 2475 2629 2525 Bezzonici.

404 2542 602 2603 sustulit,
625 2512 753 2592 bdAl
787 2540 1040 2604 (Murbac.
1076 2543 1243 2591 Vatic.
1283 2546 1429 2591 1950.
1459 2547 1605 2591 1951.
1636 2547 1782 2591 1952.
1812 2548 1959 2591 1953.
1994 2545 2169 2593 Escor.
2193 2544 2237 2592 I.
2261 2542 2468 2591 Barber.
2491 2544 2534 2591 1.
2559 2543 2627 2591 Π.

406 2612 502 2661 ΙΙΙ.
527 2609 728 2670 subtulit,
751 2612 811 2660 P.
835 2610 969 2658 Vide
984 2610 1243 2672 ‘Popmam
1267 2611 1332 2657 ad
1352 2609 1573 2658 Varron.
1598 2608 1779 2671 fiagm.
1802 2624 1853 2672 p.
1880 2616 1995 2659 383.
2022 2612 2099 2659 ed.
2124 2610 2240 2673 Bip.
2273 2649 2328 2656 ...
2339 2609 2634 2673 flea-tabula,

406 2680 457 2727 b.
467 2676 766 2740 flextabulis,
809 2677 955 2724 codd.
998 2668 1248 2725 Salmasii.
1276 2676 1571 2739 flexiabula,
1608 2668 1648 2721 Δ
1683 2674 1935 2738 (Murbac.
1970 2678 2176 2727 Barber.
2212 2678 2309 2726 ΠΙ.
2346 2683 2398 2725 et
2429 2676 2517 2724 alii
2551 2690 2631 2739 ap.

408 2739 967 2804 Rezzon.)flaxiabula,
993 2744 1026 2789 d
1050 2740 1241 2803 (Vatie.
1271 2741 1444 2803 1953.)
1454 2742 1718 2807 flexibilia,
1740 2745 1800 2793 P.
1811 2744 2086 2807 flexabula,
2119 2746 2296 2794 Escor.
2322 2745 2364 2792 Ι.
2375 2742 2632 2806 flexibula,

409 2810 578 2860 vatic.
608 2814 753 2857 1950.
784 2813 929 2857 1951.
959 2814 1104 2857 1952.
1128 2810 1754 2874 Barber.1.11.flaxibula,
1777 2812 1838 2860 Τ.
1849 2811 2130 2875 flexibutas,
2152 2807 2209 2871 β.
2234 2811 2369 2860 Vide
2391 2811 2632 2859 Hadrian.

408 2878 616 2929 Iunium
641 2878 705 2925 ad
726 2875 952 2925 Nonium
975 2891 1025 2938 p.
1053 2882 1134 2925 26.
1172 2875 1409 2926 Ceterum
1431 2878 1522 2925 vix
1542 2877 1679 2926 ullus
1702 2879 1859 2927 totius
1882 2879 2038 2929 Plinii
2059 2880 2207 2929 locus
2231 2886 2398 2927 tantas
2422 2885 2635 2939 quantas

410 2946 498 2996 hic
519 2943 637 2992 VV.
661 2946 778 2993 DD.
814 2944 1154 2993 dubitationes
1188 2945 1350 2993 movit
1373 2952 1578 3006 tamque
1602 2946 1856 2995 mirabiles
1881 2947 2194 2995 coniecturas
2219 2945 2516 3008 procreavit.
2569 2946 2637 2994 Et

411 3021 469 3063 ut
502 3015 564 3061 de
597 3013 832 3062 Rhenani
865 3012 1156 3061 coniectura
1187 3019 1383 3061 taceam
1427 3026 1494 3060 ex
1527 3013 1867 3074 superioribus
1911 3015 2154 3090 petenda,
2198 3014 2453 3062 Barbarus
2485 3013 2636 3074 legit:

413 3099 555 3146 quam
561 3081 857 3144 facetissimi
876 3080 1242 3131 lucubrationum
1257 3098 1273 3129 .·
1293 3088 1344 3129 ut
1363 3081 1444 3128 vel
1464 3089 1575 3144 puto
1609 3081 1692 3144 qui
1723 3082 1819 3131 ait:
1853 3080 2120 3130 Bibaculus
2154 3097 2287 3130 eram
2321 3089 2366 3128 et
2397 3082 2609 3128 vocabar
2623 3097 2639 3126 .·

405 3149 555 3213 paulo
588 3149 725 3198 nimis
759 3149 935 3198 asserit
978 3148 1139 3199 Varro
1162 3149 1211 3198 in
1234 3149 1400 3199 satiris
1431 3149 1532 3197 suis
1569 3146 1858 3197 Sesculixem
1893 3157 1936 3196 et
1950 3147 2207 3212 flexibula,
2245 3161 2554 3209 quamquam
2589 3153 2640 3195 et

413 3216 597 3266 sustulit
619 3216 651 3264 i.
677 3232 720 3265 e.
746 3217 906 3265 erexit
929 3223 979 3265 et
1002 3216 1261 3266 suscitavit
1282 3215 1400 3265 ferri
1423 3230 1575 3278 posse
1598 3216 1733 3263 dicit.
1780 3216 2140 3277 Dalecampius
2177 3214 2407 3264 coniicit:
2443 3214 2638 3263 artium·

415 3301 517 3347 que.
552 3283 890 3332 Facetissimus
913 3283 1179 3332 Bibaculus
1195 3283 1344 3347 paulo
1366 3283 1532 3332 minus.
1567 3282 1965 3332 Lucubrationum
1989 3283 2072 3346 qui
2086 3291 2198 3346 puto
2220 3290 2271 3330 ut
2292 3289 2401 3330 erat
2433 3283 2639 3330 vocaba-

414 3359 519 3409 tur,·
543 3349 845 3398 Salmasius:
872 3349 1239 3399 lucubrationum
1264 3368 1298 3399 a
1321 3350 1511 3399 lucubro
1536 3351 1619 3412 qui
1632 3359 1683 3399 ut
1686 3349 1869 3414 facula
1894 3358 2073 3409 cerata,
2100 3359 2143 3398 et
2166 3358 2361 3398 vocatur
2377 3365 2534 3412 panos
2567 3347 2642 3396 vel

412 3416 611 3480 pharios.
646 3414 835 3464 Asserit
870 3413 1031 3464 Varro
1053 3417 1102 3464 in
1124 3418 1301 3480 satyris
1335 3416 1639 3481 sesquiulisse
1661 3416 2030 3480 etflaxtabuli35
2053 3417 2269 3465 Vossius
2293 3418 2358 3464 ad
2381 3415 2641 3465 Catullum

416 3497 467 3546 p.
494 3488 576 3531 32.
611 3482 915 3531 Facetissimi
946 3481 1341 3531 lucubrationum.-
1368 3493 1480 3546 puto
1516 3485 1630 3546 quia
1665 3483 1930 3534 Bibaculus
1964 3492 2070 3533 erat
2103 3493 2148 3532 et
2170 3486 2449 3532 vocabatur.
2484 3482 2642 3531 Paulo

418 3549 555 3599 nimis
578 3548 761 3598 adserit
794 3547 956 3597 Varro
980 3549 1028 3597 in
1049 3548 1228 3614 satyris
1249 3549 1349 3598 suis
1366 3549 1678 3615 sesquiulysse
1707 3560 1750 3600 et
1782 3546 1860 3598 πλ
1874 3546 1908 3598 ὰ
1922 3547 1959 3606 ἓ
1982 3549 2169 3600 tabulis.
2203 3550 2452 3600 Harduini
2472 3565 2641 3598 emen-

419 3616 706 3667 dationibus
738 3630 890 3677 supra
918 3616 1137 3664 laudatis
1168 3616 1341 3664 locum
1364 3625 1597 3666 sanatum
1621 3632 1730 3666 8888
1762 3619 2015 3667 iudicabat
2036 3619 2171 3667 Frid.
2196 3619 2557 3667 Lachmannus
2580 3619 2643 3665 (18

418 3684 645 3734 fontibus
668 3684 798 3733 Livii
816 3685 859 3733 Ι.
880 3686 942 3732 37
949 3719 978 3741 .,
1005 3683 1086 3731 cui
1108 3688 1305 3731 tanturn
1324 3685 1463 3732 abest
1486 3691 1544 3732 ut
1568 3699 1663 3746 ego
1688 3687 1944 3745 assentiar,
1969 3694 2027 3734 ut
2050 3701 2155 3735 rem
2180 3686 2429 3746 integram
2453 3699 2480 3732 8
2505 3685 2642 3741 codi-

421 3753 561 3800 cibus
594 3752 864 3814 petendam
897 3764 1005 3798 esse
1041 3750 1219 3810 quovis
1252 3751 1465 3813 pignore
1500 3755 1819 3801 contendam.
1866 3755 1950 3803 Ex
1989 3754 2176 3801 horum
2211 3752 2364 3814 igitur
2399 3753 2646 3814 scriptura

421 3818 791 3867 accuratissime
817 3824 1013 3866 servata
1035 3817 1231 3867 Plinius
1255 3818 1375 3867 dicit
1398 3820 1660 3868 Romanos
1703 3820 1968 3869 crassiores
1988 3821 2019 3868 i.
2041 3835 2083 3869 e.
2106 3819 2454 3882 simpliciores,
2478 3819 2647 3867 minus

424 3893 597 3935 tenues
622 3885 674 3932 in
699 3884 1107 3946 inscriptionibus
1129 3885 1373 3935 librorum
1398 3901 1604 3935 suorum
1624 3888 1867 3948 eligendis
1891 3887 2071 3946 fuisse3
2098 3902 2272 3935 eorum
2297 3886 2647 3946 facetissimos,

425 3952 510 4014 qui
536 3952 691 4014 igitur
715 3952 885 4013 aliqua
910 3966 975 4000 ex
999 3953 1194 4003 ratione
1217 3969 1332 4002 cum
1359 3952 1566 4003 Graecis
1590 3956 1870 4017 comparari
1895 3961 2119 4017 possent,
2145 3955 2304 4002 libros
2329 3969 2449 4003 suos
2474 3954 2647 4003 inscri-

426 4020 583 4082 psisse
606 4020 763 4068 libros
787 4020 1160 4082 antiquitatum,
1186 4022 1538 4084 exemplorum
1564 4022 1861 4085 artiumque.
1899 4023 1984 4070 Ab
2011 4023 2089 4070 his
2114 4022 2294 4070 transit
2317 4022 2417 4070 iam
2453 4021 2650 4071 Plinius

426 4089 491 4135 ad
514 4088 642 4135 duos
676 4087 943 4149 scriptores
984 4089 1285 4138 nominatim
1319 4090 1571 4150 laudatos,
1606 4089 1909 4138 Bibaculum
1942 4097 1993 4138 et
2024 4090 2328 4149 Varronem,
2365 4090 2452 4151 qui
2487 4090 2538 4138 in
2574 4089 2648 4136 in·

426 4154 780 4215 scriptionibus
805 4155 1048 4217 eligendis
1072 4156 1382 4218 ingeniosius
1406 4158 1631 4218 luserint,
1668 4166 1719 4206 et
1740 4159 1925 4205 horum
1951 4157 2155 4217 quidem
2189 4157 2494 4206 Bibaculum
2529 4170 2649 4218 ope·

427 4236 539 4270 rum
573 4236 779 4271 suorum
816 4238 971 4272 unum
1009 4224 1317 4287 inscripsisse
1351 4225 1781 4280 lucubrationem,
1808 4224 2135 4288 probabiliter
2159 4224 2277 4287 quia
2301 4224 2577 4274 Bibaculus
2603 4233 2652 4271 et

428 4289 580 4339 suerit
603 4298 653 4338 et
675 4300 884 4339 vocatus
910 4292 986 4341 sit.
1025 4291 1219 4352 Quodsi
1244 4292 1439 4341 Plinius
1465 4293 1566 4341 hoc
1590 4293 1708 4340 loco
1734 4294 1898 4341 minus
1923 4293 2207 4341 duriuscule
2234 4290 2370 4354 (vide
2390 4293 2542 4342 vitum
2564 4307 2651 4340 an-

678 4529 745 4564 Ἦ.

2784 1329 2831 1411 ,1
