2961 4861
634 335 774 386 Lm.
808 341 881 386 11.
941 340 1099 386 cst.
1133 340 1732 387 Lxx111-Lxxvn.
1798 340 1991 387 sacr.
2024 343 2197 386 75-79.
2401 328 2520 388 177

294 491 488 556 horae
547 489 854 579 colligat,
892 489 1327 556 Alexandriae
1379 513 1532 557 vero
1587 509 1718 555 xlv
1775 492 1984 570 horas,
2042 493 2110 556 in
2164 491 2348 557 Italia
2398 511 2521 571 xv,

291 591 360 655 in
407 588 741 656 Britannia
798 609 989 669 xvn,
1060 591 1174 657 ubi
1227 601 1469 657 aestate
1537 591 1789 657 lucidae
1853 603 2080 657 noctes
2132 592 2288 657 haut
2331 592 2525 658 dubie

290 691 666 777 promittunt
719 691 788 755 id
842 691 1013 775 quod
1069 692 1241 779 cogit
1293 692 1456 756 ratio
1514 691 1710 770 credi,
1771 691 2002 757 solstiti
2056 691 2282 758 diebus
2337 716 2524 759 acce-

292 793 482 858 dente
545 792 674 857 sole
723 794 989 879 propius
1038 792 1345 859 verticem
1391 793 1616 858 mundi
1629 842 1648 870 ,
1714 804 1988 882 angusto
2040 794 2202 859 lucis
2259 794 2524 870 ambitu,

292 893 584 959 subiecta
637 903 848 959 terrae
902 894 1236 959 continuos
1291 893 1429 959 dies
1480 894 1716 960 habere
1769 896 1937 960 senis
1989 893 2314 960 mensibus
2331 942 2350 972 ,
2405 916 2523 958 no-

293 996 539 1078 ctisque
585 1017 621 1059 e
665 994 920 1059 diverso
963 994 1046 1058 ad
1087 994 1380 1060 brumam
1420 1005 1683 1061 remoto.
1764 994 1958 1077 Quod
2006 996 2146 1061 fieri
2195 995 2263 1060 in
2315 995 2524 1060 insula
2554 1014 2648 1060 187

289 1095 497 1161 Thule
539 1094 832 1179 Pytheas
881 1094 1308 1161 Massiliensis
1362 1096 1587 1162 scribit
1643 1119 1757 1163 sex
1814 1098 2064 1163 dierum
2114 1095 2523 1183 navigatione

286 1196 354 1260 in
408 1196 906 1281 septentrionem
955 1220 995 1261 a
1045 1194 1408 1262 Britannia·
1436 1197 1744 1276 distante,
1813 1198 2075 1283 quidam
2132 1220 2286 1263 vero
2341 1208 2406 1263 et
2455 1197 2524 1261 in

287 1295 492 1361 Mona
546 1318 709 1380 quae
754 1297 950 1361 distat
990 1320 1029 1361 a
1074 1295 1514 1363 Camaloduno
1555 1297 1925 1365 Britanniae
1983 1299 2221 1385 oppido
2274 1298 2524 1364 circiter

288 1414 382 1461 cc
426 1398 602 1462 milia
644 1398 996 1463 adfirmant.

369 1495 702 1563 LXXVI.
777 1501 813 1562 '7
818 1500 877 1564 8.
932 1498 1328 1565 Umbrarum
1370 1500 1539 1565 hanc
1590 1501 1904 1567 rationem
1947 1512 2014 1567 et
2057 1523 2251 1585 quam
2292 1512 2526 1567 vocant

286 1599 710 1685 gnomonicen
764 1600 1009 1666 invenit
1058 1599 1500 1666 Anaximenes
1557 1600 1854 1666 Milesius
1906 1602 2374 1667 Anaximandri
2443 1601 2525 1667 de

289 1722 416 1783 quo
460 1700 740 1765 diximus
784 1701 1157 1788 discipulus,
1214 1702 1587 1787 primusque
1640 1701 2039 1789 horologium
2083 1703 2256 1785 quod
2298 1703 2523 1787 appel-

287 1803 425 1866 lant
467 1801 888 1867 sciothericon
930 1801 1417 1868 Lacedaemone
1460 1801 1758 1867 ostendit.

368 1900 735 1967 LXXVII.
803 1904 905 1967 79.
947 1902 1172 1988 Ipsum
1214 1902 1384 1967 diem
1426 1902 1535 1966 alii
1577 1901 1762 1968 aliter
1802 1903 2243 1968 observavere.
2299 1901 2522 1987 Baby·
2553 1919 2649 1964 lss

285 2002 443 2068 lonii
469 2003 636 2067 inter
665 2002 826 2068 duos
856 2003 1005 2067 solis
1035 2013 1315 2081 exortus,
1359 2001 1798 2068 Athenienses·
1834 2002 2003 2068 inter
2031 2003 2191 2069 duos
2235 2025 2521 2082 occasus,

285 2102 521 2168 Umbri
566 2127 605 2167 a
646 2103 910 2169 meridie
952 2105 1037 2168 ad
1077 2102 1429 2181 meridiem,
1474 2103 1707 2187 volgus
1733 2124 1920 2168 omne
1963 2126 2003 2167 a
2044 2103 2188 2169 luce
2218 2102 2300 2167 ad
2340 2112 2519 2169 tene-

284 2204 459 2281 bras,
517 2204 886 2268 sacerdotes·
933 2203 1206 2268 Romani
1260 2214 1326 2269 et
1377 2203 1489 2286 qui
1543 2203 1714 2268 diem
1755 2203 1975 2269 finiere
2032 2203 2304 2281 civilem,
2366 2203 2521 2269 item

284 2303 604 2390 Aegyptii
650 2314 714 2368 et
754 2303 1172 2390 Hipparchus
1216 2326 1255 2367 a
1295 2302 1511 2368 media
1552 2313 1740 2369 nocte
1782 2303 1851 2368 in
1892 2303 2190 2369 mediam.
2262 2302 2522 2367 Minora

286 2416 504 2471 autem
555 2403 888 2471 intervalla
946 2427 1087 2471 esse
1140 2403 1303 2470 lucis
1359 2403 1527 2468 inter
1578 2413 1754 2468 ortus
1811 2403 1969 2469 solis·
2013 2403 2195 2467 iuxta
2249 2402 2520 2468 solstitia

284 2613 603 2663 scribendum
626 2627 735 2662 esse
758 2619 927 2663 censet
945 2612 1153 2662 Barbar.
1177 2610 1389 2660 subiecto
1412 2607 1912 2674 terrae,o‘(Robert.)
1936 2650 1992 2659 ..
2023 2608 2207 2672 haberi,
2232 2612 2438 2662 Robert.
2454 2652 2514 2661 .-

283 2681 433 2740 senis,
458 2679 506 2728 R
529 2676 608 2741 (in
632 2677 785 2742 corr.)
809 2683 899 2730 ad.
934 2679 1085 2730 Hanc
1105 2694 1283 2729 vocem
1306 2694 1422 2728 cum
1446 2680 1675 2742 sequenti
1707 2680 1845 2729 delet
1871 2679 2007 2728 Pint.
2045 2720 2107 2733 ,-
2146 2679 2324 2741 diebus,
2359 2679 2411 2732 S.
2450 2719 2513 2729 ...

284 2745 371 2808 ad,
395 2748 569 2796 R²ad.
606 2765 655 2809 a,
679 2746 751 2797 R¹
773 2748 835 2797 Τ.
872 2789 935 2797 -
975 2750 1163 2808 bruma,
1186 2747 1248 2796 Τ.

352 2816 383 2878 ξ
412 2818 523 2864 187.
558 2812 669 2881 tyle,
693 2816 756 2865 R.
781 2813 914 2876 thile,
931 2815 1139 2865 Robert.
1164 2814 1318 2863 Hunc
1338 2814 1511 2863 locum
1533 2814 1735 2877 respicit
1750 2814 1935 2865 Dicuil.
1962 2816 2024 2863 de
2046 2829 2204 2864 mens.
2232 2814 2366 2863 orbis
2390 2813 2512 2864 VII.

284 2888 333 2942 2,
376 2888 423 2930 2.
474 2923 541 2931 -.
580 2881 768 2945 piteas,
807 2882 905 2931 13¹.
951 2879 1158 2945 plateas,
1199 2881 1287 2930 R'2.
1336 2879 1554 2944 phiceas,
1594 2882 1804 2930 Robert.
1848 2882 1967 2929 Vid.
1990 2882 2148 2930 Fuhr.
2172 2878 2392 2942 Pytheas
2416 2896 2511 2930 aus

281 2946 542 3008 Massilia,
574 2963 623 3010 p.
653 2951 732 2998 74.
769 2989 832 2997 -.
870 2947 1054 3009 scribit,
1087 2947 1255 2999 RTd¹
1289 2944 1550 3009 (Robert.)
1589 2948 1674 3009 qui
1693 2946 1872 3005 scribit,
1897 2947 1968 2994 a¹.
2005 2947 2216 3009 scripsit,
2243 2942 2351 3004 12²ss
2362 2959 2412 3007 γ.
2451 2985 2516 2996 .-.

280 3014 635 3079 septemtrione,
676 3016 726 3065 R
760 3012 814 3077 (Ξ
852 3030 917 3065 ex
957 3013 1110 3078 corr.)
1145 3056 1209 3064 ...
1244 3012 1547 3075 Brittannia,
1587 3009 1650 3062 R.
1688 3053 1752 3062 -..
1791 3010 2045 3075 quaedam,
2069 3011 2167 3060 R1.
2204 3051 2268 3058 -.
2305 3013 2517 3073 innoma,

282 3097 331 3131 σ.
370 3123 434 3131 -
475 3077 815 3143 Camaloduno‚
841 3086 913 3133 ad
937 3079 1186 3144 (Richel.)
1218 3079 1531 3141 Cmaloduno,
1553 3080 1617 3128 R.
1651 3076 2003 3136 Camaladuno‚
2028 3077 2138 3127 ST.
2171 3073 2516 3140 Camoladuno,

281 3167 323 3200 r.
354 3147 765 3212 Calamaladuno,
789 3151 999 3199 Robert.
1035 3191 1099 3198 .-
1141 3146 1240 3208 GC,
1264 3148 1329 3195 R.
1367 3145 1602 3207 ducentis,
1627 3143 1811 3209 adssr.
1860 3185 1923 3192 -.
1943 3192 1949 3199 ,
1972 3143 2127 3206 milia,
2151 3145 2241 3193 R2.
2286 3142 2515 3205 millibus,

281 3212 466 3281 adssr.
504 3218 617 3267 Om.
641 3216 739 3266 R¹.
779 3258 842 3266 -
875 3215 1214 3278 qnomonicem,
1240 3229 1284 3262 a.
1310 3221 1357 3262 et
1382 3228 1516 3276 quem
1539 3231 1584 3262 v.
1606 3229 1893 3275 qnomonem,
1917 3211 2048 3260 Pint.
2073 3253 2136 3260 ..
2162 3211 2516 3274 Anaximenes,

280 3282 383 3332 R2.
420 3324 483 3332 ..-
519 3282 909 3342 Anaximandri,
941 3283 990 3331 R
1005 3283 1083 3331 ²d.
1118 3281 1386 3338 Anaxima‚
1410 3280 1482 3328 Βι
1504 3296 1550 3329 a.
1602 3281 1739 3329 Post·
1762 3280 1856 3329 has
1879 3278 2071 3327 litteras
2091 3280 2269 3328 iisdem
2292 3280 2346 3327 in
2370 3282 2512 3330 codd.

282 3347 359 3409 (R
369 3346 423 3409 a)
459 3357 736 3412 sequuntur
757 3344 1082 3398 acellatusam
1107 3389 1170 3397 -.
1195 3345 1399 3397 altitudi
1420 3345 1495 3408 (4,
1523 3351 1703 3406 67-5,
1729 3344 1854 3409 34.).
1889 3348 1952 3396 In
1976 3347 2146 3396 codice
2170 3363 2201 3396 a
2223 3347 2382 3396 altera
2404 3362 2512 3396 ma-

279 3431 381 3464 nus
423 3415 641 3476 margini
662 3416 923 3479 adscripsit
945 3417 1097 3465 verba
1115 3414 1443 3464 Anaximenes
1465 3412 1706 3463 Milesius
1731 3455 1794 3463 .-.
1820 3414 2144 3464 observavere
2184 3421 2234 3462 et
2255 3421 2514 3477 praeterea

279 3485 437 3532 haec:
475 3499 535 3531 ea
560 3498 682 3544 quae
704 3492 995 3544 sequuuntur
1018 3498 1110 3532 non
1133 3483 1358 3546 lequntur
1380 3482 1449 3531 ita
1472 3489 1527 3530 ut
1549 3482 1736 3546 scripta
1756 3490 1884 3530 sunt.
1909 3478 2003 3528 sed
2032 3497 2093 3530 ea
2126 3498 2252 3545 quae
2285 3483 2520 3544 subsequi

282 3547 456 3599 debent
476 3547 788 3612 requirantur
809 3550 858 3599 in
880 3551 1187 3613 sequentibus
1211 3550 1294 3598 ubi
1311 3547 1584 3600 huiusmodi
1587 3550 1767 3615 fiqura
1792 3558 1864 3598 est
1885 3549 1968 3598 (D
1992 3549 2159 3611 sicque
2186 3565 2278 3613 per
2300 3547 2513 3597 ordinem

284 3615 426 3682 leqito
466 3630 617 3679 usque
658 3613 732 3664 ad
749 3617 906 3680 finem
946 3615 1156 3666 eiusdem
1197 3615 1315 3667 libri
1351 3626 1394 3666 et
1416 3618 1486 3666 sic
1511 3617 1693 3680 incipe.-
1727 3614 2000 3679 Babylonii
2023 3631 2126 3679 seq.
2164 3616 2318 3664 Ianus
2341 3622 2512 3663 autem

282 3684 410 3732 haec
450 3684 734 3733 adnotavit:
786 3681 960 3745 „Illud
999 3685 1199 3746 signum
1240 3699 1356 3733 cum
1396 3685 1718 3747 sequentibus
1756 3684 1920 3732 verbis
1951 3684 2204 3732 invenitur
2223 3688 2340 3744 post
2360 3681 2513 3729 verba

282 3751 396 3800 libri
412 3751 480 3800 V.
517 3751 783 3800 cubitorum
807 3750 1064 3800 altitudine
1088 3751 1352 3812 inveniunt,
1374 3760 1495 3814 post
1515 3752 1724 3813 longam
1748 3766 1991 3808 rasuram,
2012 3751 2101 3798 ubi
2124 3749 2339 3797 fortasse
2360 3749 2513 3796 verba

283 3817 434 3868 dri—
446 3817 769 3868 observavere
790 3818 977 3881 scripta
999 3819 1186 3868 erant.”
1211 3819 1445 3868 Ceterum
1467 3820 1603 3868 Pint.
1623 3819 1828 3866 coniicit
1849 3817 2039 3867 invenit
2060 3812 2291 3866 Milesius
2313 3813 2510 3864 Anaxi-

283 3881 486 3934 mander
509 3884 569 3934 de
593 3900 687 3948 quo
710 3883 923 3935 diximus
943 3886 1236 3950 primusque,
1263 3888 1400 3949 quod
1421 3885 1609 3934 refutat
1633 3886 1845 3934 Salmas
1872 3897 2034 3932 exerc.
2059 3898 2109 3945 p.
2136 3887 2248 3931 445.
2272 3883 2322 3931 b.
2346 3884 2405 3932 F.
2443 3920 2507 3930 -..

285 3949 503 4000 diximus
536 3949 565 4010 ξ
591 3958 672 4002 31.
709 3993 772 4001 -.
811 3950 1096 4017 discipulus,
1120 3955 1226 4002 Rd.
1264 3962 1309 4001 et
1340 3950 1560 4002 Thaletis
1593 3949 1858 4014 discipulus
1889 3951 2048 4013 Khr.
2083 3949 2256 3999 Verba
2286 3956 2335 3996 et
2376 3947 2509 3999 Tha-

284 4017 394 4066 letis
415 4032 551 4081 pone
573 4016 943 4069 Anaximandri
965 4020 1187 4069 collocat
1210 4021 1283 4069 d2.
1321 4060 1384 4067 -.
1415 4018 1716 4082 primusque,
1739 4018 1803 4066 R.
1833 4016 2024 4081 primus
2049 4016 2144 4080 qui,
2168 4018 2272 4067 Td.

349 4083 378 4144 ξ
406 4091 518 4135 188.
555 4102 797 4147 occas-sus,
819 4088 883 4136 R.
918 4087 1105 4136 Hausit
1126 4089 1256 4136 haec
1276 4086 1411 4136 Plin.
1437 4100 1504 4133 ex
1528 4085 1761 4134 Varrone
1784 4100 1863 4148 ap.
1891 4083 2023 4134 Gen.
2058 4091 2106 4142 3,
2133 4091 2178 4134 2.
2200 4125 2263 4134 -..
2284 4085 2357 4135 ad
2375 4101 2506 4146 mer„

282 4151 484 4201 RTad.
508 4153 558 4201 in
580 4168 714 4214 mer.,
731 4149 832 4217 βγ.
853 4194 915 4203 ..-
919 4154 1125 4218 finiere,
1148 4148 1437 4205 RTOaffl.
1463 4149 1723 4212 diffiniere,
1747 4147 1858 4212 ‹1²ss
1864 4166 1913 4216 r.
1938 4191 1994 4200 ..-
2019 4148 2222 4203 Illinora
2245 4153 2508 4214 maiorave,

287 4212 429 4336 &ff
454 4218 651 4335 cimil-em,
676 4222 848 4271 R²ad.
871 4221 1121 4283 civitatem,
1144 4220 1241 4271 R¹.
1278 4220 1435 4282 limite,
1459 4221 1511 4269 R
1533 4221 1598 4269 ad
1620 4233 1781 4281 marg.
2024 4283 2103 4344 12

424 4299 497 4335 m.
