2961 4861
382 324 504 385 482
1186 340 1409 386 mnnx
1457 339 1808 387 camene.

450 497 613 546 Index
652 495 766 545 libri
808 498 890 544 24.
941 492 1172 544 tamarice
1221 494 1326 544 sive
1378 497 1619 555 tamarix,
1668 497 1921 545 Bodaeus.
1985 496 2330 562 erysiscqttro,
2383 499 2668 550 nnumin.

448 563 671 627 diaxylo,
693 578 806 612 nos.
844 561 892 623 Ι,
914 563 1162 612 Harduin.
1199 562 1472 621 clamiceio,
1495 577 1607 611 nos.
1642 580 1835 627 zopyro,
1857 578 1969 612 nos,
2006 562 2284 627 clematide,
2301 582 2422 616 non.
2468 566 2673 631 layine,

450 632 694 680 llarduin.
730 629 945 690 arisaro,
970 644 1082 679 nos.
1118 627 1394 692 onobrychi,
1417 630 1665 678 Harduin.
1701 630 1939 694 minyade,
1972 632 2223 681 Harduin.
2267 634 2670 693 marnas-iride,

448 699 694 747 llarduin.
739 694 1138 761 hippophobade,
1170 697 1418 745 Harduin.
1464 694 1806 758 testimon-ida,
1842 699 2089 747 Hardnin.
2133 699 2484 762 amathar—ide,
2519 702 2670 751 Hm·-

448 767 584 814 ‹luin.
618 774 796 829 pecten,
820 765 1066 814 Harduin.
1112 765 1277 813 Index
1299 764 1416 813 libri
1439 770 1523 813 25.
1544 762 1804 828 quqyside,
1827 766 2077 814 Harduin.
2126 764 2355 828 libadion,
2380 769 2669 817 Hardnin.

447 831 642 892 madon,
660 832 816 880 nard.
843 830 1032 891 cachla,
1051 846 1162 881 nos.
1187 831 1500 891 ischaemone,
1518 832 1676 879 Hard.
1719 830 2100 897 psychotrophon
2118 842 2170 882 et
2185 835 2466 894 serv-atala,
2485 836 2665 885 Hau-d.

447 897 693 958 chondris,
719 896 830 947 nos'.
876 899 1208 961 peristereon,
1236 897 1396 947 Hard.
1440 898 1740 959 Lemonium,
1774 899 1932 948 Hnrd.
1987 898 2272 950 Phlomides
2292 942 2358 950 ...
2380 900 2664 967 thryallis,

446 982 557 1016 nos.
610 964 957 1029 thelyphonon,
986 965 1237 1014 Harduin.
1284 965 1539 1027 poterion,
1571 965 1817 1014 Hardnin.
1870 965 2091 1029 Alisma,
2121 969 2370 1018 Harduin.
2430 969 2621 1033 euplia
2640 975 2670 1017 7

450 1031 658 1082 Cacalia
686 1035 787 1082 sive
820 1032 1035 1089 leontice,
1069 1033 1318 1082 Harduin.
1363 1031 1667 1099 crystallion,
1697 1048 1811 1082 nos.
1855 1036 2139 1095 corchoron,
2170 1036 2430 1085 Harduin.
2461 1038 2659 1099 ser-ns,

446 1102 692 1150 Harduin.
737 1099 977 1161 circaeon,
999 1100 1246 1150 Harduin.
1292 1101 1606 1166 steryethron,
1627 1101 1876 1149 Harduin.
1919 1103 2214 1167 hypoyeson,
2237 1119 2349 1152 nos.
2393 1102 2661 1152 erithales

447 1209 509 1216 ..
529 1166 761 1218 erithales
781 1208 843 1216 .-
862 1165 1197 1231 chrysothales
1216 1207 1279 1216 -
1299 1166 1489 1227 isoetes,
1523 1169 1720 1218 Brooer.
1770 1170 1936 1218 Index
1957 1170 2074 1218 libri
2099 1176 2184 1219 26.
2206 1172 2485 1231 maanes-1⁶1,
2507 1173 2657 1221 Bro-

446 1244 535 1284 ter.
592 1235 837 1294 Ammon,
859 1235 1108 1284 Harduin.
1162 1232 1415 1295 Stoecha-s,
1439 1235 1687 1284 Harduin.
1741 1238 2038 1296 orobethron,
2060 1237 2307 1296 Harduin.
2361 1238 2657 1294 leuceoron,

444 1304 692 1352 Harduin.
736 1301 919 1361 ischas,
952 1302 1199 1352 Harduin.
1244 1299 1533 1368 Anthyllion
1564 1311 1617 1351 et
1648 1300 1928 1366 Anthyllis,
1960 1304 2208 1353 Hardnin.
2255 1305 2467 1366 onuris,
2502 1306 2653 1355 Har-

444 1372 581 1418 duin.
638 1372 801 1419 Index
832 1370 948 1419 libri
973 1374 1055 1418 27.
1076 1367 1278 1429 Arionis,
1309 1370 1559 1418 Hardnin.
1606 1385 1804 1433 acopon,
1826 1370 2077 1420 Harduin.
2125 1372 2346 1431 onoclea,
2375 1373 2650 1422 Has-duin.

451 1436 658 1498 Cirsion‚
680 1438 928 1486 Harduin.
972 1436 1165 1496 Drabe,
1189 1450 1299 1485 nos.
1343 1434 1584 1486 blachnon
1607 1445 1659 1486 et
1690 1436 1987 1501 thelypterin,
2019 1440 2270 1489 Harduin.
2311 1441 2650 1502 nymphaeam

438 1505 634 1568 pterim,
656 1505 905 1555 Harduin.
935 1503 1203 1568 phasiolon,
1222 1518 1334 1552 nos,
1369 1505 1621 1569 rhapeion,
1638 1519 1751 1553 nos.
1793 1503 2019 1566 Onosma,
2035 1506 2285 1556 Hardnin.
2327 1506 2648 1570 Οιιορονᾱοη,

443 1573 694 1623 Harduin.
733 1573 1064 1638 polyqonatos,
1087 1586 1200 1620 nos·
1250 1570 1541 1632 thalassiae,
1564 1572 1812 1621 Harduin.
1847 1588 2009 1622 mecon
2032 1572 2294 1637 aphrodes,
2317 1589 2432 1623 nos.
2480 1574 2642 1622 Pote-

442 1641 550 1689 rion
582 1640 681 1689 sive
707 1637 976 1704 phrynion,
1010 1639 1258 1688 Hardnin.
1311 1637 1576 1700 Phalaris,
1606 1639 1855 1688 Harduin.
1899 1639 2211 1704 Rheucyma,
2241 1642 2396 1690 Voss.
2451 1640 2643 1690 Thali-

398 1735 405 1741 ·
442 1717 611 1768 ctrum,
637 1722 748 1758 nos.
782 1706 1015 1756 Persicon
1037 1705 1207 1770 sinapi,
1229 1722 1340 1756 nos.
1373 1705 1691 1771 Apollodoro,
1707 1701 1768 1766 β.
1813 1709 1979 1757 Index
2000 1709 2114 1757 libri
2140 1715 2220 1758 28.
2258 1708 2476 1768 Valet-ab,
2499 1710 2640 1758 Har-

444 1776 584 1829 duin.
621 1773 812 1835 Servio,
835 1769 894 1836 β.
943 1774 1116 1839 Opilio,
1138 1775 1388 1824 Harduin.
1428 1769 1695 1838 μύρωσῑν,
1722 1776 1925 1824 Reines.
1969 1774 2145 1825 Mileto
2163 1780 2189 1824 7
2234 1771 2484 1840 ἰδιοφυῆ,
2510 1777 2636 1826 Bei-

443 1857 551 1892 nes,
604 1840 818 1902 Icetida,
850 1843 1099 1892 Harduin.
1163 1842 1329 1892 Index
1361 1843 1477 1891 libri
1514 1846 1596 1891 29.
1627 1841 1815 1903 sitista,
1845 1857 1956 1891 noe.
2008 1841 2345 1907 Palaephato,
2376 1845 2634 1893 Harduin.

443 1911 610 1959 Index
650 1910 767 1959 libri
805 1916 888 1959 31.
930 1909 1156 1959 utendum
1179 1950 1244 1959 -.
1268 1906 1609 1969 XXVIIII,
1648 1923 1762 1958 nos.
1815 1910 2200 1972 observationes,
2238 1910 2494 1960 Harduin.
2535 1913 2631 1962 bis.

444 1977 611 2026 Index
643 1978 758 2026 libri
792 1983 874 2026 32.
908 1977 1045 2036 muti,
1076 1978 1185 2027 Ian.
1237 1993 1435 2041 myxon,
1465 1978 1713 2026 Harduin.
1761 1976 1927 2026 Index
1957 1978 2075 2027 libri
2105 1984 2188 2027 33.
2234 1976 2365 2028 VII.
2390 1977 2489 2040 De,
2520 1980 2629 2028 Ian.

446 2042 649 2104 larbasi,
672 2059 785 2093 nos.
823 2044 870 2093 in
893 2042 1131 2094 medicina
1156 2053 1198 2093 et
1219 2045 1269 2092 in
1284 2043 1515 2109 picturis,
1537 2045 1646 2094 Ian.
1692 2043 1859 2095 Index
1880 2046 1997 2095 libri
2020 2051 2104 2095 34.
2125 2043 2371 2109 Antiquae
2383 2046 2628 2109 -suisse,

445 2112 557 2160 Ian.
614 2111 780 2161 Index
807 2112 924 2161 libri
958 2118 1038 2162 35.
1070 2111 1416 2175 proposuerint,
1448 2127 1563 2161 noe.
1607 2122 1830 2161 encausto
1861 2122 1948 2162 aut
1977 2113 2118 2173 ceris,
2141 2128 2254 2161 noe.
2302 2123 2351 2162 et
2373 2111 2435 2163 de
2455 2113 2630 2178 siqniS,

370 2199 379 2206 ⁷
446 2180 693 2229 Harduin.
732 2177 1001 2243 pniyitide,
1033 2180 1280 2228 Harduin.
1336 2179 1504 2229 Index
1524 2180 1640 2229 libri
1664 2186 1744 2229 36.
1766 2178 2088 2244 Pyramides,
2110 2181 2358 2231 Harduin.
2402 2179 2631 2245 Scyrius,

446 2247 692 2297 Harduin.
737 2246 974 2306 chernite,
1007 2247 1256 2297 Harduin.
1309 2245 1369 2303 Q.
1383 2284 1396 2308 ,
1430 2249 1543 2298 Ian.
1596 2249 1761 2299 Index
1791 2248 1908 2297 libri
1930 2251 2013 2298 37.
2045 2246 2339 2312 zmaraqdis,
2360 2263 2474 2297 noe.
2517 2246 2631 2298 Cal·

450 2314 605 2376 laina,
629 2315 845 2365 Salmas,
890 2314 995 2374 IV,
1019 2329 1129 2364 nos.
1176 2313 1447 2376 socondion,
1470 2331 1581 2365 noe.
1611 2315 1925 2379 pharanitis,
1949 2315 2168 2365 Salmas.
2204 2313 2491 2380 blepharon,
2514 2331 2629 2366 noe.

449 2381 758 2445 Asu-obolon,
782 2383 1031 2433 Harduin.
1073 2381 1387 2444 Aromata,
1410 2397 1522 2433 nos.
1564 2380 1756 2444 Atizoe,
1776 2397 1888 2434 nos.
1930 2381 2282 2447 Amphidanes,
2306 2398 2419 2434 nos.
2602 2413 2624 2424 -

450 2460 566 2512 ctos,
599 2452 847 2502 Harduin.
883 2449 1198 2516 Baroptenus
1234 2450 1335 2499 sive
1369 2451 1535 2516 baripe
1548 2488 1561 2512 ,
1593 2451 1841 2501 Harduin.
1893 2447 2251 2515 BostrychitiS,
2284 2466 2400 2501 nos.
2449 2450 2628 2512 Boloe,

448 2518 696 2568 Harduin.
747 2516 1131 2584 Chrysolampis,
1154 2518 1401 2568 Harduin.
1453 2516 1753 2582 Cepionides,
1775 2519 2023 2568 Harduin.
2067 2519 2347 2582 Erythallis
2371 2535 2415 2568 s.
2442 2517 2629 2583 amphi-

451 2601 622 2646 comos,
646 2601 758 2634 nos.
796 2583 1177 2649 leucoyraphitis
1204 2586 1303 2634 sive
1324 2586 1652 2650 synnephitiS,
1676 2601 1788 2636 nos.
1832 2585 2091 2647 Gallaica,
2114 2586 2366 2636 Harduin.
2419 2585 2630 2637 Gassin-

453 2652 607 2712 nade,
639 2667 749 2701 nos.
800 2650 1155 2715 Hephaestitis‚
1196 2653 1444 2701 Harduin.
1497 2651 1687 2702 Hermu
1725 2651 1960 2714 aedoeon,
1992 2655 2102 2704 Ian.
2154 2653 2484 2715 Hor-miecion,
2514 2668 2627 2704 n08.

450 2716 771 2777 Humanas,
795 2716 905 2767 Ian.
951 2717 1090 2767 Iovis
1110 2734 1319 2782 qemma,
1342 2720 1592 2770 Harduin.
1634 2719 1919 2784 Lepidotis,
1942 2721 2190 2770 Harduin.
2234 2721 2472 2781 LesbiaS,
2493 2722 2628 2770 Har-

451 2786 590 2835 duin.
624 2782 937 2846 Limoniatis,
960 2786 1206 2836 Harduin.
1251 2785 1465 2847 Ostritis,
1487 2802 1601 2837 nos.
1643 2786 2006 2852 OphicardeIos,
2038 2789 2288 2839 Harduin.
2335 2787 2628 2853 Synodonti-

454 2853 535 2914 tis,
568 2852 816 2904 Harduin.
872 2851 1198 2918 Thelyrrizos,
1220 2869 1335 2906 nos.
1398 2850 1681 2920 Cat-einim,
1714 2857 1825 2908 Ian.
1870 2854 2107 2922 Enyqros,
2130 2855 2243 2907 Ian.
2294 2853 2627 2917 Melichloros,

452 2921 702 2973 Harduin.
746 2920 1001 2984 Chernitis,
1022 2936 1136 2973 nos.

382 3059 453 3111 11.
491 3067 538 3111 3.
563 3074 832 3111 occursura
853 3063 878 3108 7
920 3065 967 3109 4.
992 3068 1080 3108 aut
1100 3073 1252 3118 mens,
1274 3054 1332 3120 β.
1380 3065 1459 3109 16.
1485 3057 1662 3119 malae,
1685 3055 1743 3121 β.
1794 3065 1871 3111 19.
1898 3059 2324 3123 nomenclaturam,
2344 3058 2404 3124 β.
2449 3058 2627 3110 dubite-

450 3134 653 3179 musne?
697 3134 779 3179 22.
813 3124 1058 3188 volubilis,
1091 3121 1152 3188 β.
1196 3134 1278 3177 23.
1301 3132 1452 3177 sors?
1495 3132 1577 3176 26.
1609 3124 1841 3178 solatia?
1882 3132 1963 3178 27.
1989 3129 2212 3192 vulqata‚
2233 3124 2296 3190 ῥ’.
2343 3136 2425 3180 28.
2450 3144 2549 3191 nec,
2569 3123 2626 3189 β.

452 3199 535 3247 47.
560 3194 880 3256 altitudinem,
905 3195 1140 3248 Sabellio.
1175 3200 1258 3244 48.
1282 3195 1516 3244 menstrui
1535 3210 1644 3255 non,
1665 3190 1724 3255 β.
1769 3200 1850 3245 49.
1875 3194 2097 3260 aperitur
2119 3238 2181 3246 -.
2209 3195 2517 3259 arqnmentis
2549 3205 2626 3245 at-

453 3280 546 3326 que
565 3268 589 3312 7
641 3269 720 3313 51.
747 3276 877 3326 quae
902 3261 1063 3311 iactat
1080 3267 1104 3312 7
1156 3267 1235 3312 52.
1260 3261 1419 3327 ipsius
1439 3268 1463 3313 7
1510 3267 1589 3311 54.
1606 3261 1900 3326 praecinuit,
1923 3258 1983 3323 β.
2033 3268 2113 3315 57.
2148 3262 2257 3315 ΙΙΙ
2271 3269 2296 3314 t
2340 3270 2422 3314 58.
2448 3261 2547 3325 diu,
2567 3258 2627 3323 β.

456 3335 537 3380 59.
564 3327 897 3391 discedentes,
921 3324 981 3390 β.
1034 3332 1113 3380 70.
1137 3328 1429 3392 minimeque
1451 3335 1476 3380 7
1508 3329 1712 3392 minore,
1735 3332 1980 3380 Barbam?
2032 3334 2112 3382 71.
2138 3348 2282 3396 quae,
2305 3326 2364 3392 β.
2417 3335 2495 3382 73.
2520 3345 2626 3378 cre-

454 3398 646 3459 duntur,
663 3392 723 3458 β.
766 3404 847 3447 83.
870 3405 1103 3460 quantum
1121 3401 1146 3446 7
1189 3402 1272 3447 85.
1288 3397 1596 3461 proveniant,
1612 3391 1672 3458 β.
1721 3403 1803 3448 89.
1822 3413 1913 3447 suo
1930 3399 2135 3449 nomini?
2178 3405 2259 3451 90.
2286 3395 2463 3449 0000
2469 3396 2628 3460 VIII,

455 3465 672 3529 Cagnat.
712 3461 994 3523 CLXXX,
1017 3466 1203 3515 Muret.
1264 3470 1344 3515 98.
1377 3462 1428 3514 0.
1450 3464 1644 3525 Porcio,
1665 3465 1815 3528 Pigh.
1874 3471 1954 3515 99.
1977 3464 2164 3527 Mucio,
2187 3461 2246 3527 β.
2292 3464 2509 3527 Marcio,
2531 3464 2627 3526 M„

453 3528 511 3595 β.
565 3539 676 3584 104.
712 3531 941 3595 citroque,
972 3532 1221 3582 Harduin.
1291 3538 1404 3582 110.
1437 3530 1569 3592 Hae,
1592 3528 1650 3593 β.
1706 3536 1862 3584 booten
1897 3533 2024 3595 qui?
2089 3541 2202 3583 111.
2238 3534 2546 3594 coniectatur,
2567 3528 2625 3593 β.

459 3608 572 3652 114.
598 3610 643 3650 et
664 3597 872 3665 quidem,
888 3595 946 3660 β.
992 3606 1013 3649 1
1027 3605 1103 3649 15.
1125 3599 1327 3662 quidam
1344 3605 1369 3649 7
1415 3604 1527 3651 117.
1537 3600 1715 3663 ferme,
1734 3601 1968 3651 Sabellio.
2019 3607 2130 3652 118.
2150 3611 2392 3651 eruerunt.
2426 3598 2631 3650 Mores?

462 3676 574 3719 120.
598 3667 866 3727 thrascian,
888 3663 946 3729 β.
980 3667 1208 3728 caeciam,
1231 3662 1289 3728 β.
1321 3667 1628 3731 phoenician,
1652 3683 1764 3718 nos,
1812 3667 2061 3729 libonoton‚
2084 3668 2306 3719 Pintian.
2353 3677 2627 3727 euronoton,

454 3752 568 3786 nos.
619 3742 729 3786 121.
755 3735 949 3802 iynotus
974 3735 1075 3797 sed,
1097 3730 1156 3795 β.
1208 3742 1319 3786 122.
1344 3733 1676 3796 chelidonian,
1698 3731 1757 3797 β.
1808 3741 1918 3785 123.
1942 3736 2056 3786 Dat
2072 3744 2331 3796 aestatem,
2348 3751 2461 3785 nos,
2496 3733 2627 3794 Mai,

457 3820 566 3854 nos.
616 3807 728 3853 127.
762 3820 865 3853 cum
885 3810 909 3853 7
967 3809 1077 3853 134.
1100 3802 1153 3859 ‚in
1175 3803 1409 3868 lonyum?
1468 3806 1580 3854 137.
1610 3803 1837 3866 princeps
1860 3802 2198 3853 Romanarum
2220 3809 2244 3853 7
2293 3801 2623 3862 Catilium-ns,

457 3887 569 3922 nos.
631 3878 742 3921 140.
781 3870 987 3932 Voltam,
1011 3866 1068 3931 β.
1132 3877 1244 3920 141.
1272 3869 1466 3932 hebetis,
1490 3866 1547 3931 β.
1579 3871 1724 3933 fata,
1746 3867 1805 3932 β.
1865 3876 1978 3921 143.
2005 3880 2237 3936 respectu,
2258 3867 2318 3933 β.
2379 3874 2490 3922 147.
2513 3868 2625 3929 Μ’.,

456 3940 606 4002 Pigh.
648 3937 829 4003 pluvit,
853 3953 964 3989 nos.
995 3939 1129 4003 fere,
1152 3933 1229 3998 ,87
1274 3935 1536 3999 Marcello,
1558 3934 1616 4000 β.
1657 3936 1835 4004 pluvit,
1858 3954 1967 3988 ῐιοε.
2017 3936 2351 4002 Compsanum,
2373 3953 2485 3988 nos.
2514 3937 2624 4002 plu·

458 4006 602 4067 visse,
625 4021 738 4069 nos,
797 4012 909 4056 148.
924 4004 1188 4068 Amerinis,
1207 4006 1441 4057 Sabellio.
1502 4012 1614 4056 150.
1641 4007 2031 4070 quartadecima,
2051 4007 2333 4069 Rhodigin.
2392 4012 2503 4057 153.
2526 4002 2624 4054 Lo-

459 4074 555 4123 cris
580 4082 642 4135 et,
665 4068 723 4135 β.
775 4079 887 4123 155.
920 4074 1176 4135 seminata,
1205 4068 1265 4135 β.
1326 4079 1438 4125 157.
1474 4073 1721 4139 effoditur,
1752 4075 2027 4124 Ruhnken.
2072 4080 2161 4125 et?
2215 4079 2328 4124 159.
2365 4071 2627 4139 quodque?

463 4145 575 4193 160.
603 4141 748 4201 ratio,
769 4136 828 4201 β.
865 4139 1053 4201 iisdem,
1076 4157 1186 4192 nos.
1229 4147 1340 4192 161.
1365 4141 1587 4202 mediam,
1610 4137 1669 4203 β.
1721 4148 1833 4192 162.
1856 4140 2047 4203 Pelion,
2068 4137 2128 4203 β.
2188 4148 2299 4192 163.
2327 4141 2624 4201 dilabantur,

452 4202 515 4264 β.
553 4210 664 4255 167.
685 4215 845 4267 atque,
868 4203 926 4266 β.
965 4214 1076 4258 168.
1097 4206 1371 4260 lustravere
1389 4215 1413 4258 7
1447 4212 1558 4260 170.
1577 4207 1641 4258 L.
1660 4209 1885 4275 Afranii,
1905 4210 2138 4260 Sabellio.
2178 4214 2291 4259 171.
2312 4226 2387 4271 ac,
2405 4203 2464 4270 β.
2512 4212 2622 4258 173.

457 4271 656 4320 intrat?
704 4276 814 4321 174.
832 4282 1046 4334 punctus
1064 4279 1088 4323 7
1129 4280 1239 4326 180.
1272 4273 1525 4339 Vipstano,
1548 4277 1716 4328 Ursin.
1761 4283 1872 4327 182.
1897 4278 2176 4342 horoscopa,
2196 4272 2254 4338 β.
2301 4281 2413 4328 189.
2438 4273 2624 4327 mobili-
