2961 4861
418 373 467 413 X
1354 371 1736 414 Pmrsno.

420 524 626 583 eadem
672 541 882 582 manus
930 525 1188 582 secunda
1227 523 1429 582 foedas
1469 523 1652 583 habet
1689 522 2193 600 interpolationes,
2233 533 2303 583 ut
2333 522 2393 597 7,
2426 522 2573 586 197.
2614 539 2673 587 et

415 636 714 706 Metellus,
771 653 892 709 qua
943 635 1244 692 occasione
1291 635 1487 693 statim
1536 634 1846 691 dicendum
1895 650 2005 691 nos
2051 633 2116 691 in
2165 634 2425 693 editione
2462 644 2672 696 nostra

412 746 667 822 primam
703 745 882 803 huius
923 743 1138 802 codicis
1178 761 1421 800 manum
1461 761 1699 820 semper
1734 750 1876 801 nota
1900 743 2012 814 13¹,
2039 743 2292 801 alteram
2318 744 2411 803 11²
2437 745 2671 820 signifi-

414 873 597 914 casse.
660 853 940 913 Ceterum
980 870 1185 911 omnes
1220 852 1336 910 hae
1373 852 1613 922 liturae,
1649 870 1912 923 rasurae,
1955 854 2345 912 correctiones
2389 856 2676 914 desinunt

416 962 520 1038 11,
551 961 721 1036 216.,
751 950 911 1021 unde
939 962 1194 1039 pretium
1220 963 1401 1021 huius
1427 962 1565 1020 libri
1588 962 1722 1020 inde
1748 963 1824 1020 ab
1851 963 1913 1020 h.
1941 961 1987 1020 l.
2015 962 2452 1037 aliquantulum
2478 965 2676 1024 immi-

414 1074 638 1144 nuitur,
688 1091 822 1131 cum
863 1073 983 1129 iam
1020 1073 1196 1131 modo
1238 1072 1559 1131 deteriores
1594 1071 1874 1131 lectiones
1910 1079 1971 1130 et
2011 1089 2242 1130 errores
2267 1072 2672 1147 librariorum,

414 1201 535 1241 non
584 1182 932 1258 scripturam
979 1182 1351 1240 emendatam
1398 1184 1746 1254 habeamus.
1799 1178 1940 1239 Non
1988 1188 2191 1239 tamen
2238 1183 2324 1240 ita
2374 1184 2676 1243 consentit

413 1310 550 1350 cum
577 1290 660 1364 V,
703 1299 773 1349 ut
811 1309 930 1349 non
966 1309 1077 1349 sua
1114 1291 1225 1350 sibi
1260 1292 1502 1367 propria
1538 1291 1756 1348 habeat
1796 1291 1972 1360 vitia3
2014 1291 2101 1348 ita
2125 1290 2372 1350 lacunas
2400 1292 2584 1351 habet
2608 1291 2676 1351 in

412 1401 544 1458 aliis
580 1399 743 1458 libris
781 1416 900 1457 non
937 1408 1229 1476 repertas,
1273 1401 1363 1459 uti
1390 1396 1497 1471 32,
1525 1396 1654 1472 49„
1693 1399 1796 1458 ubi
1838 1403 2022 1458 verba
2046 1403 2103 1460 si
2128 1404 2261 1476 quis
2286 1403 2577 1474 extrahat,
2608 1409 2672 1459 et

412 1505 521 1581 33,
543 1505 672 1581 84„
699 1510 804 1567 ubi
830 1509 1016 1566 verba
1035 1510 1305 1585 pluribus
1323 1513 1503 1585 pollet
1529 1514 1592 1567 in
1618 1512 1907 1581 remediis,
1932 1512 2358 1585 vulneratisque
2383 1520 2438 1568 et
2464 1513 2671 1587 infan-

414 1620 564 1678 tibus
600 1617 841 1688 omittit3
868 1619 955 1676 ita
992 1617 1496 1694 interpolatricem
1534 1637 1776 1677 manum
1814 1637 1971 1677 unus
2017 1626 2108 1676 est
2149 1626 2470 1695 expertus,
2514 1637 2674 1693 quae

286 1767 312 1807 μ
413 1724 530 1801 35,
579 1724 723 1787 179.
761 1746 871 1803 pro
925 1746 997 1785 eo
1046 1727 1206 1800 quod
1257 1746 1460 1786 omnes
1501 1730 1670 1787 codd.
1708 1729 1859 1786 bene
1894 1729 2117 1786 habent
2152 1738 2393 1804 coqnata
2436 1728 2675 1803 scripsit

412 1842 690 1914 coynatio,
726 1835 834 1893 illa
869 1837 1124 1894 lectione
1160 1855 1278 1895 non
1319 1839 1521 1896 statim
1547 1838 1874 1908 intellecta3
1915 1837 2121 1895 eadem
2148 1832 2256 1907 36,
2290 1834 2347 1895 7.
2379 1836 2672 1912 scriptura

412 1946 524 2004 illa
558 1946 802 2019 antiqua
836 1948 1023 2019 inv-qis
1059 1963 1168 2019 pro
1207 1949 1415 2021 iurqiis
1455 1966 1575 2004 non
1613 1953 1950 2022 percerpta‚
1991 1954 2061 2004 ut
2099 1947 2303 2020 aliqua
2350 1954 2507 2003 certe
2545 1964 2668 2004 vox

414 2055 669 2123 adesset,
698 2054 899 2129 posuit
924 2056 1107 2127 iuqis,
1136 2071 1248 2110 nec
1273 2056 1468 2112 minus
1498 2051 1604 2125 33,
1637 2051 1780 2114 118.
1808 2074 1919 2130 pro
1940 2058 2151 2131 populi
2169 2057 2416 2115 Romam·
2442 2057 2662 2114 nullius

415 2165 505 2223 rei
543 2163 698 2220 mira
732 2160 1181 2237 interpolatione
1219 2162 1379 2219 dedit
1408 2181 1596 2238 pyrro
1637 2165 1892 2221 Romano
1930 2167 2145 2222 nullius
2187 2167 2329 2240 reqi.
2388 2160 2667 2222 Ceterum

419 2289 521 2329 eas
558 2270 734 2329 huius
761 2270 897 2327 libri
923 2270 1320 2343 diversitates,
1359 2289 1512 2345 quae
1549 2272 1697 2330 nihil
1723 2273 1839 2332 nisi
1863 2272 2232 2332 librariorum
2261 2290 2493 2331 errores
2522 2290 2668 2330 con-

415 2379 623 2452 tinent,
656 2398 694 2437 a
720 2379 897 2438 tertio
925 2380 1078 2440 libro
1104 2381 1389 2441 adnotare
1417 2352 1610 2441 omisi.

503 2487 706 2547 Codex
756 2491 1058 2550 Toletanus
1101 2485 1223 2570 (T)
1265 2499 1537 2551 servatus
1561 2493 1624 2550 in
1652 2492 2005 2551 bibliotheca
2030 2492 2312 2551 ecclesiae
2342 2491 2672 2551 Toletanae

419 2597 504 2659 Η.
549 2596 624 2657 P.
668 2599 818 2674 plut.
861 2594 965 2658 47.
994 2619 1085 2658 nr.
1120 2593 1247 2671 14.‚
1290 2601 1353 2659 in
1380 2618 1580 2675 quam,
1617 2600 1704 2659 uti
1729 2608 1930 2659 narrat
1955 2600 2289 2673 Pintianus,
2317 2609 2672 2660 testamento

418 2707 621 2783 Egidii
675 2707 1002 2766 Albornozi
1058 2719 1462 2768 sacrosanctae
1522 2703 1835 2768 Romanae
1889 2711 2170 2769 eeclesiae
2224 2710 2380 2769 tituli
2435 2719 2673 2770 sanctae

420 2816 674 2877 Sabinae
727 2817 1055 2893 presbyteri
1106 2819 1416 2876 cardinalis
1469 2819 1859 2894 Toletanique
1910 2820 2332 2896 archiepiscopi
2382 2821 2671 2895 pervenit.

419 2926 950 2999 ‚membranaceus
977 2933 1085 2997 est,
1114 2926 1307 2984 forma
1325 2928 1601 2999 maxima,
1631 2929 1919 2986 columnis
1941 2930 2171 2987 duabus
2192 2929 2373 2987 nitide
2392 2929 2672 3004 scriptus,

419 3054 538 3096 non
592 3036 843 3095 multum
897 3036 1051 3094 inter
1094 3054 1158 3094 se
1198 3036 1550 3095 distantibus
1593 3038 1899 3096 versiculis
1942 3047 2002 3096 et
2041 3038 2300 3116 undique
2342 3036 2671 3113 parallelis,

417 3155 624 3223 utpote
680 3148 784 3220 qui
832 3164 1013 3221 supra
1065 3145 1251 3204 lineas
1294 3147 1432 3204 stilo
1470 3147 1553 3204 ad
1593 3148 1875 3205 amussim
1917 3146 2126 3205 ductas
2169 3146 2433 3220 satisque
2474 3146 2672 3205 adhuc

418 3255 763 3330 conspicuas
804 3255 922 3311 sint
961 3256 1209 3312 exarati.
1265 3252 1488 3313 Omnes
1528 3256 1712 3313 Plinii
1752 3255 1936 3314 libros
1979 3264 2228 3331 excepto
2270 3255 2479 3314 ultimo
2521 3275 2669 3315 con-

419 3363 583 3420 tinet.
654 3361 935 3420 Crassum
990 3363 1294 3435 volumen,
1351 3363 1510 3422 foliis
1565 3364 1809 3439 triginta
1848 3383 2032 3441 supra
2072 3366 2326 3424 ducenta
2368 3372 2666 3424 constans.

422 3470 777 3528 Tersissima
816 3470 985 3541 haec,
1043 3471 1376 3529 firmissima
1418 3473 1760 3544 etiamnum,
1803 3492 1943 3532 raro
1986 3493 2244 3545 corrosa,
2288 3493 2481 3549 neque
2522 3476 2671 3533 adeo

421 3587 570 3651 tam,
613 3586 683 3636 ut
723 3580 838 3657 legi
878 3580 1267 3654 undequaque
1309 3598 1427 3638 non
1467 3584 1716 3657 possint.
1762 3581 2025 3642 Ornatur
2067 3584 2253 3642 codex
2296 3584 2475 3642 variis
2514 3584 2670 3642 ima·

419 3687 655 3763 ginibus
699 3705 807 3747 seu
833 3690 1123 3761 iconibus,
1158 3689 1446 3749 librorum
1471 3693 1770 3769 principiis
1797 3694 2065 3769 appictis‚
2102 3693 2318 3766 quibus
2344 3693 2667 3764 hominum,

418 3797 775 3873 plantarum,
818 3816 1259 3873 nonnumquam
1300 3806 1361 3858 et
1400 3803 1752 3878 serpentium
1796 3805 1972 3861 rudes
2000 3803 2289 3878 quaedam
2315 3803 2544 3877 figurae
2569 3822 2668 3860 re-

419 3913 887 3983 praesentantur.
930 3908 1043 3967 His
1084 3926 1261 3985 porro
1301 3910 1565 3969 icom‘bus
1607 3912 1989 3972 includuntur
2030 3912 2382 3990 plerumque
2413 3912 2666 3971 initiales

418 4016 704 4075 librorum
744 4016 980 4076 litterae
993 4059 1013 4089 ,
1058 4037 1210 4094 quae
1251 4039 1370 4078 non
1412 4038 1582 4079 secus
1623 4039 1694 4079 ac
1732 4021 1870 4080 illae
1911 4022 2289 4081 versicolores
2332 4031 2472 4080 sunt
2513 4023 2667 4081 aliae

418 4125 658 4196 rubrae,
701 4125 850 4185 aliae
893 4129 1214 4202 caeruleae,
1258 4131 1548 4204 quaedam
1591 4127 1947 4191 violaceae.''
1996 4131 2262 4191 Primam
2303 4132 2480 4190 huius
2507 4132 2665 4191 codi-

422 4228 508 4294 cis
560 4234 820 4296 notitiam
871 4238 1113 4308 dederat
1164 4238 1472 4300 Pintiemus
1524 4241 1588 4300 in
1639 4241 2144 4303 observationibus
2185 4241 2477 4302 Plinianis
2523 4239 2664 4302 Sal·

878 4511 941 4544 “hu
