2961 4861
1218 374 1599 417 PRAEFATIO.
2413 376 2534 419 XXI

373 527 579 588 Codex
619 528 926 589 Vaticanus
958 522 1121 588 1951
1156 525 1233 606 (t)
1262 530 1748 588 membranaceus
1777 527 1972 586 forma
2007 528 2264 587 maxima
2301 529 2532 588 duobus

286 638 686 697 voluminibus
729 655 881 695 saec.
925 637 1072 696 XV.
1116 638 1456 697 nitidissime
1509 638 1782 713 scriptus.
1847 636 1981 696 Hoc
2030 636 2180 698 libro
2230 638 2535 712 aliquoties

284 748 403 805 iam
430 764 575 805 usus
602 755 732 805 erat
759 744 981 805 Lucius
1009 746 1410 817 Dalmaticus3
1443 767 1504 805 v.
1533 747 1611 804 ad
1638 740 1701 817 3,
1735 740 1878 804 140.
1914 741 2058 804 141.
2093 741 2236 806 152.

369 854 576 914 Codex
614 857 923 917 Vaticanus
955 850 1120 916 1952
1148 831 1267 935 (u)
1295 857 1797 926 membranaceae,
1829 854 1968 913 olim
1995 853 2335 927 Perotinus,
2371 857 2536 915 eius-

286 967 427 1023 dem
456 966 685 1037 aetatis,
716 964 908 1023 forma
934 967 1195 1023 maxima
1222 966 1403 1023 nitide
1430 965 1701 1040 scriptus.

373 1073 576 1134 Codex
604 1076 929 1136 ‘Vaticanus
970 1070 1135 1135 1953
1177 1067 1283 1154 (x)
1323 1075 1799 1133 membranaceus
1841 1073 2035 1133 forma
2076 1075 2337 1132 maxima
2384 1076 2540 1133 binis

286 1186 573 1244 columnis
616 1185 870 1261 scriptus
912 1185 1069 1243 circa
1108 1203 1165 1243 a.
1199 1179 1408 1256 1200„
1448 1201 1623 1257 quem
1651 1182 2011 1242 Rezzonicus
2052 1184 2128 1241 ad
2155 1182 2343 1259 praef.
2376 1187 2405 1254 5
2435 1179 2540 1242 24.

288 1296 495 1353 ceteris
523 1294 912 1368 antiquiorem
941 1293 1101 1353 dicit.
1288 1269 1301 1289 ⁵

372 1402 579 1467 Codex
617 1404 977 1462 Bar-borinas
1019 1397 1144 1462 758
1189 1397 1292 1484 (y)
1333 1402 1529 1461 forma
1570 1402 1831 1459 maxima
1870 1402 2349 1461 membranaceus
2389 1420 2540 1461 saec.

284 1510 432 1570 XV.
463 1513 715 1588 scriptus
744 1512 1003 1571 continet
1027 1512 1208 1570 libros
1235 1509 1541 1570 1..xm.

371 1619 576 1680 Codex
617 1618 977 1681 Bar-barinus
1020 1617 1189 1681 2503
1237 1614 1334 1701 (z)
1388 1622 1728 1679 chartaceus
1781 1620 1968 1678 forma
2016 1621 2275 1679 maxima
2325 1621 2542 1680 litteris

285 1729 633 1789 minusculis
663 1731 916 1805 scriptus
946 1747 1147 1787 omnes
1175 1729 1357 1786 libros
1386 1730 1664 1800 continet,
1708 1738 1972 1786 extremo
2013 1730 2179 1804 operi
2214 1729 2307 1787 his
2349 1730 2543 1788 verbis

284 1840 532 1899 additisz
560 1864 567 1869 ·
623 1839 846 1910 „Plinii
896 1836 1154 1896 Secundi
1200 1837 1667 1897 Novocomensis
1725 1837 2009 1895 naturalis
2065 1836 2347 1894 historiae
2403 1835 2539 1894 libri

284 1948 613 2006 XXXVII
638 1947 940 2005 finiuntur.
987 1944 1202 2023 Scripti
1229 1947 1455 2005 Romae
1484 1964 1524 2005 a
1549 1965 1643 2004 me
1669 1944 1971 2004 Bernardo
1999 1944 2166 2004 Petri
2206 1945 2288 2031 de¹
2305 1944 2547 2005 Basilea

289 2056 471 2116 Cleco
512 2054 891 2115 Constantien
928 2055 1076 2114 dioc.
1136 2054 1460 2114 Terminati
1498 2074 1732 2130 quoque
1769 2056 1862 2114 die
1906 2055 2109 2130 quinta
2147 2057 2365 2114 mensis
2402 2056 2529 2115 Mai

287 2165 472 2225 Anno
524 2166 732 2224 dmcae
780 2165 1195 2224 incarnationis
1234 2163 1904 2224 MOCCCCOLXVIIIO.
1969 2163 2135 2223 Laus
2175 2165 2365 2223 De0.”
2427 2165 2542 2224 His

284 2277 346 2334 in
388 2276 556 2334 codd.
602 2275 933 2333 Bal-herinis
975 2274 1397 2352 distinguendis
1439 2275 1831 2334 Rezzonicum
1881 2293 2137 2333 errorem
2188 2275 2542 2334 commisisse

287 2385 518 2445 ostendi
558 2386 620 2444 in
661 2384 1018 2462 praefatione
1058 2385 1326 2445 editionis
1368 2404 1536 2444 meae
1575 2385 1816 2443 minoris
1844 2382 2024 2444 Plinii
2065 2384 2208 2444 Vol.
2239 2383 2319 2443 V.
2363 2404 2424 2460 p.
2454 2384 2540 2443 X.

287 2495 515 2555 Ianus
552 2502 748 2553 autem
793 2502 854 2553 et
893 2497 1105 2554 horum
1133 2496 1594 2553 Barberinorum
1632 2501 1692 2552 et
1728 2496 1909 2553 trium
1950 2495 2376 2554 Vaticanorum
2405 2501 2483 2552 tu
2498 2515 2541 2553 x

293 2600 482 2685 (apud
519 2604 911 2664 Rezzonicum
948 2602 1220 2662 Vatican.
1259 2605 1342 2661 H.
1388 2598 1578 2662 1951.
1615 2604 1734 2661 111.
1777 2598 1963 2663 1952.
2012 2602 2125 2662 IV.
2176 2597 2394 2684 1953.)
2436 2623 2537 2662 ex-

291 2714 506 2790 cerpsit
540 2712 676 2771 libr.
704 2712 786 2771 V.
829 2717 860 2783 ς
893 2709 1105 2786 1.-7.,
1147 2713 1305 2772 unde
1343 2714 1415 2772 de
1456 2712 1648 2789 pretio
1686 2730 1910 2786 eorum,
1952 2714 2004 2772 si
2040 2714 2200 2789 quod
2245 2721 2352 2788 cst,
2393 2716 2539 2774 certi

288 2823 509 2897 aliquid
540 2824 722 2881 statui
748 2824 968 2897 nequit.

374 2929 578 2991 Codex
598 2935 962 2992 Monacensis
992 2934 1118 2992 sive
1138 2934 1536 3011 Pollingensis
1561 2930 1678 3017 (P)
1702 2938 2183 3019 membranaceus
2212 2954 2363 2995 saec.
2386 2935 2532 2995 XV.

288 3042 726 3102 characteribus
764 3044 1028 3102 rotundis
1067 3045 1411 3106 nitidissime
1452 3045 1706 3121 scriptus
1744 3063 1944 3102 omnes
1971 3044 2156 3101 Plinii
2182 3044 2365 3103 libros
2393 3065 2538 3104 con-

288 3153 451 3224 tinet,
500 3154 715 3210 omisso
753 3153 901 3211 libro
938 3154 1151 3230 prim0,
1194 3172 1315 3211 non
1357 3154 1571 3211 omissa
1599 3151 1850 3227 epistola
1876 3155 2322 3228 nuncupatoria.
2378 3152 2538 3213 Sub-

286 3259 530 3338 scriptio
557 3264 702 3322 haec
731 3272 848 3322 est:
894 3262 1101 3334 „Laus
1130 3262 1283 3338 Deo.
1325 3259 1395 3320 C.
1424 3259 1607 3319 Plinii
1635 3258 1890 3319 Secundi
1915 3260 2222 3320 Naturalis
2263 3263 2538 3321 historiae

287 3372 566 3431 volumen
604 3374 680 3431 ab
724 3373 944 3448 optimo
982 3371 1302 3448 exemplari
1341 3371 1582 3430 editum.
1650 3368 1822 3443 Quod
1864 3371 2233 3429 emendatum
2280 3371 2396 3430 fuit
2431 3392 2537 3449 per

288 3479 784 3554 praeclarissimos
828 3483 991 3541 viros
1022 3479 1351 3539 Guarinum
1391 3479 1803 3539 Veronensem
1841 3490 1900 3540 et
1936 3480 2230 3539 Thomam
2273 3483 2346 3540 de
2387 3482 2536 3541 Vin-

289 3589 483 3647 centia
505 3585 823 3647 Guilielmo
846 3589 1092 3666 Capello
1122 3591 1506 3649 coadiutante.
1545 3591 1725 3649 Anno
1756 3591 1973 3649 domini
2004 3632 2019 3649 .
2037 3633 2052 3649 .
2073 3633 2088 3649 .
2107 3633 2123 3649 .
2156 3589 2532 3650 CCCCLIX.

282 3698 479 3757 Nonis
511 3696 879 3775 Septembris
907 3700 1180 3775 Explicit.
1232 3700 1507 3758 Andreas
1545 3701 1619 3758 de
1646 3699 1867 3774 Caligis
1909 3701 2252 3758 Notarius?
2303 3700 2535 3759 Ianus

280 3810 346 3867 in
376 3809 536 3867 obss.
568 3807 716 3866 critt.
746 3827 806 3884 p.
841 3803 941 3866 11.
971 3808 1128 3867 hunc
1155 3810 1408 3869 codicem
1439 3828 1517 3868 ex
1544 3810 1764 3887 duplici
1800 3809 1962 3868 fonte
1989 3809 2231 3868 fluxisse
2262 3827 2532 3886 compro-

284 3920 406 3990 bat,
444 3919 531 3976 ita
567 3926 635 3976 ut
674 3917 900 3994 priores
941 3918 1076 3976 libri
1103 3917 1328 3977 XVIII
1354 3896 1444 3977 'ex
1485 3919 1602 3976 alio
1644 3926 1822 3993 atque
1866 3926 2178 3994 sequentes
2215 3918 2533 3997 archetypo

285 4028 405 4086 sint
440 4028 749 4104 desumpti.
809 4028 883 4085 Id
920 4028 1087 4103 sequi
1129 4046 1205 4085 ex
1241 4028 1725 4104 inscriptionibus
1752 4029 2014 4104 priorum
2041 4030 2348 4100 librorum,
2388 4047 2532 4104 quo-

284 4155 419 4194 rum
448 4137 735 4196 secundus
766 4138 983 4197 omisso
1010 4137 1202 4213 primo
1228 4137 1582 4196 inscribatur
1619 4137 1842 4213 primus
1872 4139 2076 4198 eodem
2115 4157 2311 4197 errore
2338 4157 2531 4214 usque

288 4247 363 4305 ad
402 4246 641 4307 XVIII.
682 4249 954 4325 repetito,
1001 4266 1132 4312 cum
1175 4246 1358 4308 XIX.
1404 4255 1464 4307 et
1506 4254 1812 4325 sequentes
1854 4249 1991 4311 libri
2024 4249 2237 4310 iustam
2278 4251 2532 4310 habeant
