2961 4861
477 336 602 399 110
803 364 807 372 ·
1179 337 1586 395 NATURALIS
1632 347 2022 395 ms'romAE

475 514 669 589 atque
731 504 835 588 (ut
878 502 1105 569 facetis
1150 522 1405 584 quoque
1450 500 1845 588 argumentis
1891 500 2161 564 societas
2205 500 2363 565 haec
2407 524 2556 567 cum
2603 502 2728 567 deo

477 604 841 692 copuletur)
897 615 972 668 ut
1020 603 1122 668 bis
1177 602 1343 665 dena
1395 600 1625 687 viginti
1678 622 1806 664 non
1859 601 1987 665 sint
2029 612 2142 665 aut
2181 602 2384 667 multa
2428 603 2728 668 similiter

408 745 411 748 -
474 705 733 772 efficere
774 728 905 769 non
947 725 1178 788 posse,
1236 724 1354 786 per
1397 723 1562 786 quae
1607 701 1971 766 declaratur
2010 701 2171 765 haut
2212 676 2406 767 dubie
2448 714 2727 769 naturae

471 797 759 893 potentia
801 806 995 887 idque
1042 825 1183 870 esse
1227 802 1401 887 quod
1444 802 1639 867 deum
1680 818 2003 867 vocemus.
2068 801 2148 867 In
2185 802 2343 867 haec
2379 803 2727 870 divertisse

469 930 599 970 non
645 906 841 970 fuerit
884 905 1162 970 alienum
1185 952 1203 982 ,
1260 903 1519 990 volgata
1572 912 1838 988 propter
1890 903 2226 969 adsiduam
2280 905 2724 988 quaestionem

471 1007 552 1073 de
598 1007 739 1072 deo.

554 1108 739 1173 VIII.
810 1110 869 1173 6.
914 1107 1088 1174 Hinc
1117 1110 1455 1174 redeamus
1486 1107 1571 1170 ad
1597 1107 1843 1192 reliqua
1872 1117 2158 1172 naturae.
2230 1103 2462 1173 Sidera
2483 1156 2501 1186 ,
2548 1130 2720 1192 quae
2748 1127 2810 1172 28

469 1209 682 1275 adfixa
725 1210 1004 1275 diximus
1046 1210 1306 1288 mund0,
1351 1231 1480 1273 non
1508 1207 1638 1285 illa,
1682 1217 1759 1272 ut
1802 1208 2146 1274 existumat
2186 1208 2438 1295 volgus,
2487 1210 2718 1297 singu·
2767 1249 2772 1256 ·

467 1311 547 1376 lis
588 1311 897 1377 attributa
940 1311 1123 1376 nobis
1168 1321 1233 1375 et
1265 1310 1436 1375 clara
1465 1308 1794 1388 divitibus,
1839 1309 2086 1374 minora
2125 1308 2545 1395 pauperibus,
2594 1311 2716 1378 ob-

471 1433 658 1476 scura
712 1412 986 1476 defectis
1052 1434 1128 1475 ac
1188 1432 1306 1495 pro
1360 1420 1531 1474 sorte
1591 1410 1903 1494 cuiusque
1957 1410 2240 1476 lucentia
2291 1410 2717 1476 adnumerata

466 1512 844 1577 mortalibus
868 1562 885 1590 ‚
946 1534 1068 1576 nec
1123 1532 1271 1577 cum
1326 1532 1442 1575 suo
1502 1517 1797 1594 quaeque
1848 1508 2104 1576 homine
2157 1521 2297 1576 orta
2349 1512 2717 1577 moriuntur

463 1637 586 1680 nec
630 1615 908 1699 aliquem
954 1612 1274 1699 exstingui
1320 1610 1596 1676 decidua
1647 1610 2029 1698 significant.
2101 1610 2248 1676 Non
2303 1623 2481 1677 tanta
2531 1616 2715 1679 caelo
2743 1632 2802 1675 29

469 1717 739 1781 societas
781 1715 1116 1780 nobiscum
1160 1725 1259 1778 est
1300 1724 1376 1778 ut
1416 1723 1633 1778 nostro
1677 1713 1810 1777 fato
1860 1712 2146 1777 mortalis
2191 1713 2277 1778 sit
2315 1713 2406 1778 ibi
2451 1735 2713 1798 quoque

466 1818 753 1880 siderum
786 1802 1026 1903 fulgor.
1100 1815 1220 1881 ma
1270 1815 1465 1879 nimio
1520 1814 1822 1878 alimento
1877 1813 2063 1878 tracti
2115 1814 2357 1878 umoris
2407 1815 2602 1902 ignea
2646 1817 2711 1881 vi

464 1915 923 1981 abundantiam
974 1916 1254 1979 reddunt
1276 1964 1293 1993 ,
1355 1937 1501 1979 cum
1555 1915 1851 1979 decidere
1907 1915 2291 1991 creduntur3
2361 1917 2540 2000 apud
2588 1940 2710 1982 nos

466 2037 724 2099 quoque
764 2015 852 2093 id,
897 2015 1245 2080 luminibus
1289 2016 1594 2094 accensis,
1638 2016 1885 2099 liquore
1915 2016 2038 2081 olei
2068 2026 2363 2082 notamus
2391 2017 2708 2083 accidere.

469 2116 772 2181 Ceterum
819 2127 1078 2181 aeterna
1124 2116 1506 2181 caelestibus
1546 2128 1645 2181 est
1671 2128 1900 2182 natura
1928 2116 2366 2183 intexentibus
2393 2119 2706 2182 mundum
2732 2136 2798 2179 30

462 2218 843 2302 intextuque
898 2215 1212 2291 concretis
1235 2264 1254 2294 ,
1314 2209 1602 2301 potentia
1647 2229 1862 2282 autem
1906 2218 1989 2281 ad
2033 2228 2269 2282 terram
2311 2241 2707 2303 magnopere

462 2343 688 2385 eorum
718 2319 1077 2404 pertinens,
1124 2339 1290 2401 quae
1333 2329 1598 2403 propter
1641 2318 1909 2382 effectus
1951 2319 2429 2403 claritatemque
2460 2332 2525 2384 et
2562 2343 2706 2384 ma-

463 2421 864 2508 gnitudinem
894 2420 960 2484 in
992 2430 1169 2485 tanta
1210 2419 1562 2504 suptilitate
1606 2419 1785 2484 nosci
1828 2412 2196 2504 potuerunt,
2245 2419 2411 2485 sicut
2442 2444 2558 2487 suo
2587 2421 2705 2487 de-

529 2570 598 2622 ut,
633 2563 797 2611 omitt.
820 2562 914 2623 bg.
955 2601 1017 2608 .-.
1039 2560 1300 2623 faceretis,
1325 2562 1388 2610 R.
1411 2561 1610 2623 faceret
1632 2560 1725 2621 his,
1751 2563 1831 2610 α’.
1862 2599 1908 2608 ..
1958 2559 2186 2621 societas,
2211 2575 2313 2610 om.
2339 2563 2423 2611 b‘.
2469 2560 2706 2623 ..Ιιαεᾳ

463 2644 563 2677 οιιι.
598 2631 680 2676 (11.
729 2636 790 2687 et,
825 2628 887 2677 Β.
936 2666 982 2673 .-
1039 2636 1135 2687 aut,
1168 2627 1449 2691 R'I'abdp
1475 2625 1736 2690 (Robert.)
1789 2627 1945 2688 ut,P.
1992 2645 2072 2688 an,
2104 2642 2154 2690 g.
2204 2645 2279 2689 ac,
2302 2624 2405 2693 βν.
2448 2668 2504 2677 -
2545 2629 2705 2691 dubie,

465 2695 672 2744 Barbar.
709 2695 1024 2756 RPabdgp
1055 2665 1311 2757 (R'obert.)
1349 2693 1611 2757 dubiaeflr
1659 2736 1722 2744 ..-
1755 2696 2014 2758 potentiam
2037 2695 2093 2746 id
2121 2711 2238 2755 esse,
2273 2697 2325 2745 K
2347 2693 2601 2759 (Richel.)
2644 2736 2699 2745 ..

462 2778 706 2822 υοοειηιιε,
732 2762 962 2811 RTabd
973 2775 1020 2823 g
1067 2776 1316 2820 vocamus,
1341 2762 1430 2825 Pp
1455 2758 1718 2825 (Robert.)
1762 2757 1867 2826 βν.
1913 2802 1977 2811 -
2032 2760 2377 2823 diverti-ssime,
2400 2764 2610 2812 Robert.
2643 2804 2698 2812 .-

445 2832 678 2894 fiunt,p
768 2864 808 2870 ω
874 2828 1118 2892 vulqatam
1160 2837 1385 2892 propter,
1423 2828 1547 2878 Ta2
1559 2830 1697 2892 bdg.
1761 2829 2005 2894 vulqatum
2031 2837 2260 2894 propter,
2295 2831 2434 2880 Ra‘-
2501 2840 2707 2895 propter

461 2898 717 2962 vulqatum,
751 2899 874 2960 Ppr
906 2893 1170 2958 (Robert.)
1211 2935 1261 2943 -.
1307 2893 1525 2956 assidue,
1548 2897 1627 2945 Pr
1648 2844 1911 2957 (sebert.)

529 2965 664 3027 528.
692 2974 899 3019 naturae
922 2962 1106 3023 sidera,
1132 2977 1181 3013 σ.
1221 3004 1282 3011 -
1321 2961 1546 3024 dirimit-⁹,
1572 2961 1673 3022 57.
1700 2970 1749 3014 8.
1786 2963 2058 3014 Ceterum'
2046 2979 2098 3012 ιιι
2121 2964 2202 3014 his
2226 2965 2390 3014 verbis
2413 2965 2576 3014 multa
2596 2968 2707 3014 vult

459 3042 654 3083 mutare
687 3035 864 3083 Dalec.
909 3073 960 3081 ..
1002 3033 1261 3092 existimat,
1286 3032 1403 3080 abd
1413 3046 1509 3094 gp
1545 3029 1852 3091 exaestimat,
1884 3032 1948 3081 Β.
1998 3033 2202 3091 estimat,
2229 3031 2436 3081 Robsrt.
2485 3031 2704 3092 extrntat,

458 3103 519 3152 P.
559 3142 621 3150 -.
660 3099 998 3162 adnumerata,
1041 3100 1256 3163 Pabgp
1298 3095 1561 3160 (Robert.)
1608 3095 1895 3159 adnumera,
1923 3099 1986 3148 Β.
2044 3095 2116 3147 ad
2148 3113 2369 3158 munera,
2404 3099 2529 3149 '1⁸11'
2542 3117 2582 3150 r.
2631 3099 2709 3149 ad

458 3176 728 3228 munerata,
754 3171 837 3218 d2.
881 3207 935 3216 ..
978 3183 1076 3229 nec,
1112 3169 1276 3217 omitt.
1312 3166 1517 3217 RTab.
1570 3179 1620 3232 z,
1645 3180 1695 3228 g.
1733 3167 1847 3229 quia
1881 3183 1978 3225 nec,
2012 3166 2134 3229 Ppr
2156 3162 2417 3228 (Robert.)
2463 3166 2526 3215 In
2558 3169 2590 3216 d
2626 3183 2704 3216 ra-

460 3252 600 3296 sura3
626 3237 691 3283 ad
713 3249 871 3296 marg.
897 3236 1051 3283 verba
1074 3237 1194 3298 quia
1219 3249 1303 3284 nec
1327 3250 1436 3284 cum
1457 3234 1711 3296 leguntur.
1750 3272 1813 3281 -.
1851 3247 2047 3297 quoque,
2073 3235 2120 3282 d.
2165 3272 2220 3280 -
2260 3242 2384 3294 ονιιι,
2408 3234 2618 3283 Robert.
2644 3272 2696 3280 -

462 3300 704 3360 oriuntur,
727 3301 845 3349 ΒΡ.

529 3366 659 3426 529.
686 3363 809 3425 Nec,
827 3367 908 3415 P·
927 3363 1185 3427 (Robert.)
1219 3364 1378 3427 Nunc,
1395 3367 1491 3417 P.
1524 3407 1573 3416 .-
1609 3373 1670 3427 et,
1688 3366 1782 3416 P¹.
1813 3405 1868 3414 -.
1899 3364 1980 3428 sit,
1998 3381 2098 3416 om.
2117 3382 2167 3430 p.
2197 3406 2249 3416 ...
2285 3368 2365 3429 ibi,
2384 3368 2703 3430 R'rabdgr.

462 3434 557 3495 ille,
581 3435 668 3513 Pp
693 3403 951 3493 (Robert.)
973 3428 1031 3493 β.
1073 3472 1128 3480 -
1175 3441 1350 3493 tracta,
1375 3435 1435 3481 Ρ.
1479 3473 1532 3481 -.
1575 3434 1718 3499 iqnea
1744 3434 1810 3494 vi,
1836 3433 2058 3496 Tabdg
2082 3433 2343 3498 (Robert.)
2379 3436 2488 3499 ique
2513 3444 2615 3495 aut,
2637 3436 2704 3484 Β.

461 3502 607 3565 iynea
640 3502 703 3561 in,
740 3500 844 3563 Pp.
884 3498 1080 3562 iyncam
1115 3497 1228 3558 vim,
1264 3494 1321 3559 β.
1367 3514 1490 3560 cum,
1523 3516 1563 3549 r.
1603 3540 1666 3549 .-
1702 3498 2074 3561 abundantiam,
2106 3502 2408 3565 Rabdgpr
2444 3498 2705 3564 (Robert.)

461 3569 780 3627 abundantia,
802 3562 861 3629 β.
907 3606 957 3614 ..
1000 3563 1221 3625 redeunt,
1252 3567 1408 3616 P...
1451 3575 1561 3627 tum,
1584 3568 1690 3617 Rb.
1731 3576 1853 3628 tunc,
1876 3584 1916 3617 r.
1956 3588 2014 3616 ..*
2056 3568 2206 3633 apud,
2237 3569 2548 3634 RPa¹bgp
2575 3567 2707 3630 (Ro-

458 3633 610 3697 bert.)
646 3644 695 3685 ut
717 3631 867 3698 apud
894 3640 960 3682 a'-
950 3627 1118 3697 ’.ᾱβν
1162 3671 1215 3681 .-
1260 3631 1330 3694 id,
1353 3634 1458 3697 Pp.
1505 3603 1648 3695 id’in,
1671 3635 1881 3685 Robert.
1919 3634 2096 3685 omitt.
2121 3637 2356 3700 Rabdg.
2393 3677 2456 3686 -
2497 3635 2705 3686 numini-

461 3706 564 3763 bus,
590 3705 689 3753 R'-

529 3769 558 3829 5
584 3776 665 3819 30.
708 3765 888 3828 Cetero,
917 3769 996 3816 α’.
1038 3806 1093 3815 ...
1133 3765 1426 3817 caelestibus
1461 3776 1547 3827 est,
1579 3768 1683 3846 Pp.
1731 3768 1951 3819 caelestis
1977 3777 2068 3830 est,
2092 3770 2266 3831 abdg.
2313 3779 2388 3819 est
2408 3770 2705 3830 caelestibus,

460 3832 620 3900 Ββγ.
660 3876 722 3884 .-
760 3834 1113 3899 intextumque,
1156 3835 1221 3885 Β.
1271 3873 1315 3882 ..
1361 3835 1633 3895 contractis,
1676 3835 1737 3885 P.
1778 3875 1835 3884 -
1876 3853 2038 3886 eorum
2081 3833 2155 3886 ad
2193 3845 2370 3886 terram
2404 3853 2706 3901 maynopere,

459 3905 638 3956 Dalec.
680 3943 733 3952 ..
776 3905 998 3968 affectus,
1031 3903 1089 3952 P.
1138 3941 1176 3949 ..
1227 3902 1537 3962 sublimitate,
1567 3903 1633 3952 Κ.
1675 3942 1728 3950 -
1770 3903 1931 3965 sicuti,
1965 3904 2028 3952 Β.
2071 3942 2124 3952 .-
2168 3900 2620 3983 demonstrabimus,
2641 3905 2706 3952 li-

460 3972 552 4021 bro
594 3976 672 4021 17.
709 3979 760 4019 et
787 3976 865 4020 18.
913 3967 1340 4030 demonstrabitur,
1371 3971 1430 4020 P.
1469 3967 1918 4032 demonstravimus,
1941 3972 2004 4022 Β.
2057 4009 2109 4019 ...
2153 3971 2391 4021 mensione
2424 3972 2708 4035 suspicatur

461 4039 619 4088 Hard.
663 4077 707 4086 ..
758 4035 971 4097 dicetur,
1005 4052 1054 4100 p.
1093 4035 1292 4098 dicitur,
1317 4037 1404 4087 ab.
1452 4034 1537 4098 dr,
1562 4037 1764 4099 RPdg.
1834 4038 2027 4098 Victo,
2053 4043 2169 4087 212.
2207 4052 2316 4101 sqq.
2355 4078 2418 4087 ...
2456 4035 2706 4102 quomodo,

462 4106 520 4156 P.
569 4145 620 4152 ...
663 4114 780 4165 tota,
814 4105 1015 4167 RPdp.
1062 4113 1172 4164 toto,
1205 4104 1335 4167 abg.
1376 4145 1436 4153 .,
1476 4102 1755 4165 modulatio,
1786 4105 1844 4154 P.
1893 4144 1944 4152 ..
1985 4074 2349 4165 inventionibus,
2382 4105 2706 4167 BPabdgp

464 4169 636 4232 (codd.
663 4169 906 4234 Gelenii.)
956 4171 1285 4231 inventoribus,
1310 4171 1499 4221 Sabell.
1527 4165 1584 4219 Θ.

531 4237 569 4297 5·
587 4245 668 4288 31.
688 4239 854 4301 sores,
887 4240 991 4289 Pd.
1020 4237 1299 4300 fortissimi
1314 4238 1479 4300 sores,
1513 4239 1671 4301 abgp
1708 4234 1922 4300 (Rigalt.
1958 4253 2038 4302 ap.
2066 4237 2279 4289 Salmas.
2315 4252 2478 4287 exerc.
2510 4253 2561 4301 p.
2589 4240 2704 4287 578.

462 4307 511 4353 b.
537 4304 630 4364 D.)
650 4304 962 4367 fortissimas
981 4305 1141 4365 fores,
1176 4320 1215 4351 r.
1261 4303 1452 4352 Similis
1485 4304 1635 4353 lectio
1670 4312 1777 4352 erat
1809 4305 1860 4352 in
1895 4306 1959 4364 Β,
1983 4306 2069 4353 ubi
2104 4319 2239 4353 nunc
2271 4319 2459 4353 rasura.
2495 4301 2704 4353 siderum
