<?xml version="1.0" encoding="UTF-8"?>
<!DOCTYPE html PUBLIC "-//W3C//DTD XHTML 1.0 Transitional//EN"
    "http://www.w3.org/TR/xhtml1/DTD/xhtml1-transitional.dtd">
<html xmlns="http://www.w3.org/1999/xhtml" xml:lang="en" lang="en">
 <head>
  <title>
</title>
<meta http-equiv="Content-Type" content="text/html;charset=utf-8" />
  <meta name='ocr-system' content='tesseract 3.04.00' />
  <meta name='ocr-capabilities' content='ocr_page ocr_carea ocr_par ocr_line ocrx_word'/>
</head>
<body>
  <div class='ocr_page' id='page_1' title='image "./cplinisecundina00sillgoog_0628.png"; bbox 0 0 2961 4861; ppageno 0'>
   <div class='ocr_carea' id='block_1_1' title="bbox 372 359 1922 425">
    <p class='ocr_par' dir='ltr' id='par_1_1' title="bbox 372 359 1922 425">
     <span class='ocr_line' id='line_1_1' title="bbox 372 359 1922 425; baseline 0 -2"><span class='ocrx_word' id='word_1_1' title='bbox 372 359 499 423; x_wconf 86' lang='lat'>414</span> <span class='ocrx_word' id='word_1_2' title='bbox 1079 374 1488 424; x_wconf 75' lang='lat' dir='ltr'>NATURAms</span> <span class='ocrx_word' id='word_1_3' title='bbox 1532 376 1922 425; x_wconf 73' lang='lat' dir='ltr'>ms&#39;romAn</span> 
     </span>
    </p>
   </div>
   <div class='ocr_carea' id='block_1_2' title="bbox 365 526 2752 2536">
    <p class='ocr_par' dir='ltr' id='par_1_2' title="bbox 365 526 2752 2536">
     <span class='ocr_line' id='line_1_2' title="bbox 371 526 2663 614; baseline 0 -21"><span class='ocrx_word' id='word_1_4' title='bbox 371 527 666 614; x_wconf 90' lang='lat' dir='ltr'>pluribus</span> <span class='ocrx_word' id='word_1_5' title='bbox 707 526 1069 592; x_wconf 90' lang='lat' dir='ltr'>nominibus</span> <span class='ocrx_word' id='word_1_6' title='bbox 1112 526 1476 592; x_wconf 86' lang='lat' dir='ltr'><strong>adcolarum</strong></span> <span class='ocrx_word' id='word_1_7' title='bbox 1519 527 1934 612; x_wconf 87' lang='lat' dir='ltr'>appellatum,</span> <span class='ocrx_word' id='word_1_8' title='bbox 1981 528 2420 594; x_wconf 79' lang='lat' dir='ltr'>celeberrimis</span> <span class='ocrx_word' id='word_1_9' title='bbox 2476 530 2663 594; x_wconf 88' lang='lat' dir='ltr'>duo-</span> 
     </span>
     <span class='ocr_line' id='line_1_3' title="bbox 371 625 2667 715; baseline -0.001 -20"><span class='ocrx_word' id='word_1_10' title='bbox 371 626 516 708; x_wconf 92' lang='lat' dir='ltr'>bus,</span> <span class='ocrx_word' id='word_1_11' title='bbox 567 627 808 715; x_wconf 88' lang='lat' dir='ltr'>Caspio</span> <span class='ocrx_word' id='word_1_12' title='bbox 840 638 905 693; x_wconf 91' lang='lat' dir='ltr'>et</span> <span class='ocrx_word' id='word_1_13' title='bbox 932 626 1286 711; x_wconf 75' lang='lat' dir='ltr'>Hy&#39;rcaniO.</span> <span class='ocrx_word' id='word_1_14' title='bbox 1329 625 1475 692; x_wconf 91' lang='lat' dir='ltr'>Non</span> <span class='ocrx_word' id='word_1_15' title='bbox 1517 627 1728 691; x_wconf 91' lang='lat' dir='ltr'>minus</span> <span class='ocrx_word' id='word_1_16' title='bbox 1769 627 1890 693; x_wconf 93' lang='lat' dir='ltr'>hoc</span> <span class='ocrx_word' id='word_1_17' title='bbox 1934 650 2076 693; x_wconf 91' lang='lat' dir='ltr'>esse</span> <span class='ocrx_word' id='word_1_18' title='bbox 2118 650 2313 712; x_wconf 90' lang='lat' dir='ltr'>quam</span> <span class='ocrx_word' id='word_1_19' title='bbox 2339 629 2667 695; x_wconf 84' lang='lat' dir='ltr'><strong>Pontum</strong></span> 
     </span>
     <span class='ocr_line' id='line_1_4' title="bbox 369 725 2665 814; baseline -0.001 -19"><span class='ocrx_word' id='word_1_20' title='bbox 369 730 703 796; x_wconf 82' lang='lat' dir='ltr'><strong>Euxinum</strong></span> <span class='ocrx_word' id='word_1_21' title='bbox 747 728 1112 795; x_wconf 80' lang='lat' dir='ltr'><strong>Clitarchus</strong></span> <span class='ocrx_word' id='word_1_22' title='bbox 1156 736 1372 814; x_wconf 90' lang='lat' dir='ltr'>putat,</span> <span class='ocrx_word' id='word_1_23' title='bbox 1417 725 1879 793; x_wconf 80' lang='lat' dir='ltr'>Eratosthenes</span> <span class='ocrx_word' id='word_1_24' title='bbox 1923 729 2109 813; x_wconf 90' lang='lat' dir='ltr'>ponit</span> <span class='ocrx_word' id='word_1_25' title='bbox 2151 739 2217 795; x_wconf 89' lang='lat' dir='ltr'>et</span> <span class='ocrx_word' id='word_1_26' title='bbox 2258 753 2665 796; x_wconf 83' lang='lat' dir='ltr'>mensuram</span> 
     </span>
     <span class='ocr_line' id='line_1_5' title="bbox 370 825 2664 916; baseline -0.001 -17"><span class='ocrx_word' id='word_1_27' title='bbox 370 833 454 898; x_wconf 93' lang='lat' dir='ltr'>ab</span> <span class='ocrx_word' id='word_1_28' title='bbox 500 843 727 898; x_wconf 87' lang='lat' dir='ltr'>exortu</span> <span class='ocrx_word' id='word_1_29' title='bbox 778 842 843 896; x_wconf 87' lang='lat' dir='ltr'>et</span> <span class='ocrx_word' id='word_1_30' title='bbox 892 829 1160 896; x_wconf 91' lang='lat' dir='ltr'>meridie</span> <span class='ocrx_word' id='word_1_31' title='bbox 1202 851 1321 914; x_wconf 90' lang='lat' dir='ltr'>per</span> <span class='ocrx_word' id='word_1_32' title='bbox 1365 825 1689 893; x_wconf 82' lang='lat' dir='ltr'>Cadusiae</span> <span class='ocrx_word' id='word_1_33' title='bbox 1735 839 1800 892; x_wconf 89' lang='lat' dir='ltr'>et</span> <span class='ocrx_word' id='word_1_34' title='bbox 1839 827 2162 894; x_wconf 87' lang='lat' dir='ltr'>Albaniae</span> <span class='ocrx_word' id='word_1_35' title='bbox 2212 853 2391 895; x_wconf 88' lang='lat' dir='ltr'>oram</span> <span class='ocrx_word' id='word_1_36' title='bbox 2436 832 2664 916; x_wconf 84' lang='lat' dir='ltr'>quin-</span> 
     </span>
     <span class='ocr_line' id='line_1_6' title="bbox 370 928 2661 1019; baseline -0.001 -20"><span class='ocrx_word' id='word_1_37' title='bbox 370 935 599 1019; x_wconf 82' lang='lat' dir='ltr'>quiens</span> <span class='ocrx_word' id='word_1_38' title='bbox 638 934 811 998; x_wconf 91' lang='lat' dir='ltr'>mille</span> <span class='ocrx_word' id='word_1_39' title='bbox 853 951 995 992; x_wconf 88' lang='lat' dir='ltr'>cccc</span> <span class='ocrx_word' id='word_1_40' title='bbox 1039 931 1267 1006; x_wconf 83' lang='lat' dir='ltr'>stadia,</span> <span class='ocrx_word' id='word_1_41' title='bbox 1311 930 1465 995; x_wconf 90' lang='lat' dir='ltr'>inde</span> <span class='ocrx_word' id='word_1_42' title='bbox 1504 951 1624 1016; x_wconf 90' lang='lat' dir='ltr'>per</span> <span class='ocrx_word' id='word_1_43' title='bbox 1652 928 2031 1008; x_wconf 89' lang='lat' dir='ltr'>Anariacos,</span> <span class='ocrx_word' id='word_1_44' title='bbox 2062 931 2412 1011; x_wconf 85' lang='lat' dir='ltr'>Amardos,</span> <span class='ocrx_word' id='word_1_45' title='bbox 2442 933 2661 1018; x_wconf 84' lang='lat' dir='ltr'>Hyr-</span> 
     </span>
     <span class='ocr_line' id='line_1_7' title="bbox 371 1031 2660 1114; baseline -0.001 -12"><span class='ocrx_word' id='word_1_46' title='bbox 371 1058 561 1102; x_wconf 89' lang='lat' dir='ltr'>canos</span> <span class='ocrx_word' id='word_1_47' title='bbox 605 1035 688 1098; x_wconf 89' lang='lat' dir='ltr'>ad</span> <span class='ocrx_word' id='word_1_48' title='bbox 731 1034 966 1099; x_wconf 88' lang='lat' dir='ltr'>ostium</span> <span class='ocrx_word' id='word_1_49' title='bbox 1009 1032 1170 1098; x_wconf 90' lang='lat' dir='ltr'>Zoni</span> <span class='ocrx_word' id='word_1_50' title='bbox 1216 1031 1497 1096; x_wconf 88' lang='lat' dir='ltr'>fluminis</span> <span class='ocrx_word' id='word_1_51' title='bbox 1542 1041 1771 1114; x_wconf 85' lang='lat' dir='ltr'>quater</span> <span class='ocrx_word' id='word_1_52' title='bbox 1810 1032 1984 1097; x_wconf 92' lang='lat' dir='ltr'>mille</span> <span class='ocrx_word' id='word_1_53' title='bbox 2026 1054 2192 1097; x_wconf 82' lang='lat' dir='ltr'>nccc</span> <span class='ocrx_word' id='word_1_54' title='bbox 2239 1035 2485 1113; x_wconf 86' lang='lat' dir='ltr'>stadia,</span> <span class='ocrx_word' id='word_1_55' title='bbox 2562 1035 2660 1100; x_wconf 84' lang='lat' dir='ltr'>ab</span> 
     </span>
     <span class='ocr_line' id='line_1_8' title="bbox 369 1133 2657 1218; baseline -0.002 -15"><span class='ocrx_word' id='word_1_56' title='bbox 369 1159 444 1203; x_wconf 89' lang='lat' dir='ltr'>eo</span> <span class='ocrx_word' id='word_1_57' title='bbox 475 1136 558 1200; x_wconf 92' lang='lat' dir='ltr'>ad</span> <span class='ocrx_word' id='word_1_58' title='bbox 587 1135 820 1201; x_wconf 82' lang='lat' dir='ltr'>‘ostium</span> <span class='ocrx_word' id='word_1_59' title='bbox 846 1133 1122 1198; x_wconf 88' lang='lat' dir='ltr'>Iaxartis</span> <span class='ocrx_word' id='word_1_60' title='bbox 1176 1152 1267 1192; x_wconf 77' lang='grc' dir='ltr'>ΜΜ</span> <span class='ocrx_word' id='word_1_61' title='bbox 1295 1151 1457 1211; x_wconf 88' lang='lat' dir='ltr'>cccc,</span> <span class='ocrx_word' id='word_1_62' title='bbox 1505 1153 1670 1215; x_wconf 89' lang='lat' dir='ltr'>quae</span> <span class='ocrx_word' id='word_1_63' title='bbox 1700 1155 1950 1198; x_wconf 90' lang='lat' dir='ltr'>summa</span> <span class='ocrx_word' id='word_1_64' title='bbox 1980 1133 2177 1197; x_wconf 89' lang='lat' dir='ltr'>efficit</span> <span class='ocrx_word' id='word_1_65' title='bbox 2205 1134 2657 1218; x_wconf 81' lang='lat' dir='ltr'>quindeciens</span> 
     </span>
     <span class='ocr_line' id='line_1_9' title="bbox 367 1232 2652 1322; baseline -0.002 -19"><span class='ocrx_word' id='word_1_66' title='bbox 367 1248 636 1303; x_wconf 92' lang='lat' dir='ltr'>centena</span> <span class='ocrx_word' id='word_1_67' title='bbox 678 1259 852 1301; x_wconf 80' lang='lat' dir='ltr'><strong>Lxxv</strong></span> <span class='ocrx_word' id='word_1_68' title='bbox 893 1236 1024 1303; x_wconf 92' lang='lat' dir='ltr'>mil.</span> <span class='ocrx_word' id='word_1_69' title='bbox 1069 1258 1174 1322; x_wconf 87' lang='lat' dir='ltr'>p.;</span> <span class='ocrx_word' id='word_1_70' title='bbox 1234 1232 1688 1299; x_wconf 86' lang='lat' dir='ltr'>Artemidorus</span> <span class='ocrx_word' id='word_1_71' title='bbox 1740 1233 1891 1298; x_wconf 90' lang='lat' dir='ltr'>hinc</span> <span class='ocrx_word' id='word_1_72' title='bbox 1943 1233 2223 1299; x_wconf 91' lang='lat' dir='ltr'>detrahit</span> <span class='ocrx_word' id='word_1_73' title='bbox 2273 1258 2412 1300; x_wconf 81' lang='lat' dir='ltr'>xxv</span> <span class='ocrx_word' id='word_1_74' title='bbox 2458 1261 2515 1300; x_wconf 77' lang='lat' dir='ltr'>M</span> <span class='ocrx_word' id='word_1_75' title='bbox 2574 1261 2652 1322; x_wconf 89' lang='lat' dir='ltr'>p.</span> 
     </span>
     <span class='ocr_line' id='line_1_10' title="bbox 366 1333 2752 1427; baseline -0.001 -24"><span class='ocrx_word' id='word_1_76' title='bbox 366 1338 670 1427; x_wconf 85' lang='lat' dir='ltr'>Agrippa</span> <span class='ocrx_word' id='word_1_77' title='bbox 701 1335 1014 1423; x_wconf 89' lang='lat' dir='ltr'>Caspium</span> <span class='ocrx_word' id='word_1_78' title='bbox 1051 1358 1226 1400; x_wconf 90' lang='lat' dir='ltr'>mare</span> <span class='ocrx_word' id='word_1_79' title='bbox 1266 1334 1609 1423; x_wconf 85' lang='lat' dir='ltr'>gentisque</span> <span class='ocrx_word' id='word_1_80' title='bbox 1641 1356 1807 1417; x_wconf 90' lang='lat' dir='ltr'>quae</span> <span class='ocrx_word' id='word_1_81' title='bbox 1838 1333 2008 1399; x_wconf 92' lang='lat' dir='ltr'>circa</span> <span class='ocrx_word' id='word_1_82' title='bbox 2039 1344 2188 1400; x_wconf 90' lang='lat' dir='ltr'>sunt</span> <span class='ocrx_word' id='word_1_83' title='bbox 2231 1347 2298 1400; x_wconf 90' lang='lat' dir='ltr'>et</span> <span class='ocrx_word' id='word_1_84' title='bbox 2340 1359 2485 1402; x_wconf 92' lang='lat' dir='ltr'>cum</span> <span class='ocrx_word' id='word_1_85' title='bbox 2525 1337 2650 1401; x_wconf 87' lang='lat' dir='ltr'>his</span> <span class='ocrx_word' id='word_1_86' title='bbox 2680 1355 2752 1400; x_wconf 81' lang='lat'>37</span> 
     </span>
     <span class='ocr_line' id='line_1_11' title="bbox 367 1430 2647 1516; baseline -0 -13"><span class='ocrx_word' id='word_1_87' title='bbox 367 1439 765 1516; x_wconf 82' lang='lat' dir='ltr'>Armeniam,</span> <span class='ocrx_word' id='word_1_88' title='bbox 799 1435 1232 1502; x_wconf 90' lang='lat' dir='ltr'>determinans</span> <span class='ocrx_word' id='word_1_89' title='bbox 1262 1435 1342 1500; x_wconf 91' lang='lat' dir='ltr'>ab</span> <span class='ocrx_word' id='word_1_90' title='bbox 1374 1434 1619 1499; x_wconf 89' lang='lat' dir='ltr'>oriente</span> <span class='ocrx_word' id='word_1_91' title='bbox 1641 1456 1881 1499; x_wconf 90' lang='lat' dir='ltr'>oceano</span> <span class='ocrx_word' id='word_1_92' title='bbox 1908 1430 2149 1513; x_wconf 86' lang='lat' dir='ltr'>Serico,</span> <span class='ocrx_word' id='word_1_93' title='bbox 2175 1435 2256 1501; x_wconf 86' lang='lat' dir='ltr'>ab</span> <span class='ocrx_word' id='word_1_94' title='bbox 2289 1437 2647 1502; x_wconf 84' lang='lat' dir='ltr'>occidente</span> 
     </span>
     <span class='ocr_line' id='line_1_12' title="bbox 372 1534 2639 1626; baseline -0 -22"><span class='ocrx_word' id='word_1_95' title='bbox 372 1537 655 1604; x_wconf 80' lang='lat' dir='ltr'>Caucasi</span> <span class='ocrx_word' id='word_1_96' title='bbox 696 1538 899 1626; x_wconf 91' lang='lat' dir='ltr'>iugis,</span> <span class='ocrx_word' id='word_1_97' title='bbox 946 1560 985 1601; x_wconf 90' lang='lat' dir='ltr'>a</span> <span class='ocrx_word' id='word_1_98' title='bbox 1025 1536 1293 1601; x_wconf 89' lang='lat' dir='ltr'>meridie</span> <span class='ocrx_word' id='word_1_99' title='bbox 1337 1534 1573 1613; x_wconf 89' lang='lat' dir='ltr'>Tauri,</span> <span class='ocrx_word' id='word_1_100' title='bbox 1632 1557 1673 1598; x_wconf 90' lang='lat' dir='ltr'>a</span> <span class='ocrx_word' id='word_1_101' title='bbox 1715 1534 2148 1620; x_wconf 89' lang='lat' dir='ltr'>septentrione</span> <span class='ocrx_word' id='word_1_102' title='bbox 2177 1558 2421 1601; x_wconf 88' lang='lat' dir='ltr'>oceano</span> <span class='ocrx_word' id='word_1_103' title='bbox 2453 1535 2639 1623; x_wconf 86' lang='lat' dir='ltr'>Scy-</span> 
     </span>
     <span class='ocr_line' id='line_1_13' title="bbox 370 1636 2632 1729; baseline -0.001 -23"><span class='ocrx_word' id='word_1_104' title='bbox 370 1640 563 1719; x_wconf 81' lang='lat' dir='ltr'>thicO,</span> <span class='ocrx_word' id='word_1_105' title='bbox 610 1649 830 1726; x_wconf 89' lang='lat' dir='ltr'>patere</span> <span class='ocrx_word' id='word_1_106' title='bbox 859 1660 988 1723; x_wconf 92' lang='lat' dir='ltr'>qua</span> <span class='ocrx_word' id='word_1_107' title='bbox 1016 1638 1346 1729; x_wconf 86' lang='lat' dir='ltr'>cognitum</span> <span class='ocrx_word' id='word_1_108' title='bbox 1375 1646 1474 1701; x_wconf 92' lang='lat' dir='ltr'>est</span> <span class='ocrx_word' id='word_1_109' title='bbox 1503 1657 1829 1700; x_wconf 80' lang='lat' dir='ltr'>ccchxxx</span> <span class='ocrx_word' id='word_1_110' title='bbox 1856 1660 1906 1700; x_wconf 71' lang='lat' dir='ltr'>n</span> <span class='ocrx_word' id='word_1_111' title='bbox 1924 1657 1998 1721; x_wconf 90' lang='lat' dir='ltr'>p.</span> <span class='ocrx_word' id='word_1_112' title='bbox 2028 1636 2095 1700; x_wconf 90' lang='lat' dir='ltr'>in</span> <span class='ocrx_word' id='word_1_113' title='bbox 2123 1637 2632 1726; x_wconf 82' lang='lat' dir='ltr'>longitudinem,</span> 
     </span>
     <span class='ocr_line' id='line_1_14' title="bbox 370 1735 2630 1824; baseline -0.007 -15"><span class='ocrx_word' id='word_1_114' title='bbox 370 1764 529 1809; x_wconf 85' lang='lat' dir='ltr'>ccxc</span> <span class='ocrx_word' id='word_1_115' title='bbox 549 1767 599 1807; x_wconf 75' lang='lat' dir='ltr'>M</span> <span class='ocrx_word' id='word_1_116' title='bbox 624 1742 692 1806; x_wconf 92' lang='lat' dir='ltr'>in</span> <span class='ocrx_word' id='word_1_117' title='bbox 718 1740 1122 1805; x_wconf 89' lang='lat' dir='ltr'>latitudinem</span> <span class='ocrx_word' id='word_1_118' title='bbox 1158 1737 1461 1824; x_wconf 87' lang='lat' dir='ltr'>prodidit.</span> <span class='ocrx_word' id='word_1_119' title='bbox 1501 1735 1650 1801; x_wconf 91' lang='lat' dir='ltr'>Non</span> <span class='ocrx_word' id='word_1_120' title='bbox 1679 1736 1914 1802; x_wconf 90' lang='lat' dir='ltr'>desunt</span> <span class='ocrx_word' id='word_1_121' title='bbox 1950 1760 2103 1804; x_wconf 88' lang='lat' dir='ltr'>vero</span> <span class='ocrx_word' id='word_1_122' title='bbox 2144 1741 2255 1823; x_wconf 87' lang='lat' dir='ltr'>qui</span> <span class='ocrx_word' id='word_1_123' title='bbox 2296 1740 2437 1806; x_wconf 76' lang='lat' dir='ltr'>eius</span> <span class='ocrx_word' id='word_1_124' title='bbox 2478 1764 2630 1805; x_wconf 79' lang='lat' dir='ltr'>ma..</span> 
     </span>
     <span class='ocr_line' id='line_1_15' title="bbox 368 1838 2626 1924; baseline -0.002 -13"><span class='ocrx_word' id='word_1_125' title='bbox 368 1845 460 1911; x_wconf 90' lang='lat' dir='ltr'>ris</span> <span class='ocrx_word' id='word_1_126' title='bbox 502 1845 874 1910; x_wconf 86' lang='lat' dir='ltr'>universum</span> <span class='ocrx_word' id='word_1_127' title='bbox 918 1840 1255 1907; x_wconf 88' lang='lat' dir='ltr'>circuitum</span> <span class='ocrx_word' id='word_1_128' title='bbox 1299 1861 1338 1903; x_wconf 92' lang='lat' dir='ltr'>a</span> <span class='ocrx_word' id='word_1_129' title='bbox 1366 1838 1533 1903; x_wconf 81' lang='lat' dir='ltr'>freto</span> <span class='ocrx_word' id='word_1_130' title='bbox 1575 1838 1817 1903; x_wconf 86' lang='lat' dir='ltr'>viciens</span> <span class='ocrx_word' id='word_1_131' title='bbox 1862 1848 1927 1902; x_wconf 93' lang='lat' dir='ltr'>et</span> <span class='ocrx_word' id='word_1_132' title='bbox 1967 1840 2354 1924; x_wconf 89' lang='lat' dir='ltr'>quinquiens</span> <span class='ocrx_word' id='word_1_133' title='bbox 2399 1854 2626 1907; x_wconf 79' lang='lat' dir='ltr'>cente-</span> 
     </span>
     <span class='ocr_line' id='line_1_16' title="bbox 369 1939 2729 2030; baseline -0.002 -20"><span class='ocrx_word' id='word_1_134' title='bbox 369 1946 471 2010; x_wconf 90' lang='lat' dir='ltr'>nis</span> <span class='ocrx_word' id='word_1_135' title='bbox 513 1970 563 2009; x_wconf 78' lang='grc' dir='ltr'><strong>Μ</strong></span> <span class='ocrx_word' id='word_1_136' title='bbox 600 1970 666 2030; x_wconf 89' lang='lat' dir='ltr'>p.</span> <span class='ocrx_word' id='word_1_137' title='bbox 715 1944 993 2009; x_wconf 87' lang='lat' dir='ltr'>tradunt.</span> <span class='ocrx_word' id='word_1_138' title='bbox 1056 1939 1379 2027; x_wconf 90' lang='lat' dir='ltr'>Inrumpit</span> <span class='ocrx_word' id='word_1_139' title='bbox 1430 1952 1645 2004; x_wconf 89' lang='lat' dir='ltr'>autem</span> <span class='ocrx_word' id='word_1_140' title='bbox 1689 1939 1846 2004; x_wconf 89' lang='lat' dir='ltr'>artis</span> <span class='ocrx_word' id='word_1_141' title='bbox 1899 1940 2195 2006; x_wconf 87' lang='lat' dir='ltr'>faucibus</span> <span class='ocrx_word' id='word_1_142' title='bbox 2239 1954 2306 2007; x_wconf 92' lang='lat' dir='ltr'>et</span> <span class='ocrx_word' id='word_1_143' title='bbox 2355 1943 2424 2007; x_wconf 91' lang='lat' dir='ltr'>in</span> <span class='ocrx_word' id='word_1_144' title='bbox 2477 1945 2623 2009; x_wconf 93' lang='lat' dir='ltr'>lon-</span> <span class='ocrx_word' id='word_1_145' title='bbox 2656 1963 2729 2005; x_wconf 84' lang='lat'>38</span> 
     </span>
     <span class='ocr_line' id='line_1_17' title="bbox 370 2040 2618 2135; baseline -0 -25"><span class='ocrx_word' id='word_1_146' title='bbox 370 2045 730 2135; x_wconf 90' lang='lat' dir='ltr'>gitudinem</span> <span class='ocrx_word' id='word_1_147' title='bbox 775 2042 1072 2130; x_wconf 85' lang='lat' dir='ltr'>spatiosis</span> <span class='ocrx_word' id='word_1_148' title='bbox 1116 2053 1339 2125; x_wconf 91' lang='lat' dir='ltr'>atque,</span> <span class='ocrx_word' id='word_1_149' title='bbox 1397 2040 1511 2106; x_wconf 94' lang='lat' dir='ltr'>ubi</span> <span class='ocrx_word' id='word_1_150' title='bbox 1567 2041 1780 2127; x_wconf 90' lang='lat' dir='ltr'>coepit</span> <span class='ocrx_word' id='word_1_151' title='bbox 1828 2041 1896 2105; x_wconf 92' lang='lat' dir='ltr'>in</span> <span class='ocrx_word' id='word_1_152' title='bbox 1947 2041 2355 2108; x_wconf 90' lang='lat' dir='ltr'>latitudinem</span> <span class='ocrx_word' id='word_1_153' title='bbox 2395 2046 2618 2135; x_wconf 88' lang='lat' dir='ltr'>pandi,</span> 
     </span>
     <span class='ocr_line' id='line_1_18' title="bbox 368 2139 2620 2229; baseline 0 -17"><span class='ocrx_word' id='word_1_154' title='bbox 368 2146 606 2212; x_wconf 87' lang='lat' dir='ltr'>lunatis</span> <span class='ocrx_word' id='word_1_155' title='bbox 644 2145 1008 2229; x_wconf 91' lang='lat' dir='ltr'>obliquatur</span> <span class='ocrx_word' id='word_1_156' title='bbox 1039 2141 1358 2219; x_wconf 90' lang='lat' dir='ltr'>cornibus,</span> <span class='ocrx_word' id='word_1_157' title='bbox 1403 2142 1582 2206; x_wconf 87' lang='lat' dir='ltr'>velut</span> <span class='ocrx_word' id='word_1_158' title='bbox 1619 2140 1704 2205; x_wconf 91' lang='lat' dir='ltr'>ad</span> <span class='ocrx_word' id='word_1_159' title='bbox 1731 2139 2088 2206; x_wconf 89' lang='lat' dir='ltr'>Maeotium</span> <span class='ocrx_word' id='word_1_160' title='bbox 2128 2143 2339 2209; x_wconf 90' lang='lat' dir='ltr'>lacum</span> <span class='ocrx_word' id='word_1_161' title='bbox 2382 2145 2465 2210; x_wconf 93' lang='lat' dir='ltr'>ab</span> <span class='ocrx_word' id='word_1_162' title='bbox 2507 2169 2620 2212; x_wconf 93' lang='lat' dir='ltr'>ore</span> 
     </span>
     <span class='ocr_line' id='line_1_19' title="bbox 369 2240 2616 2323; baseline 0 -12"><span class='ocrx_word' id='word_1_163' title='bbox 369 2247 765 2312; x_wconf 86' lang='lat' dir='ltr'>descendens</span> <span class='ocrx_word' id='word_1_164' title='bbox 790 2294 808 2323; x_wconf 91' lang='lat'>,</span> <span class='ocrx_word' id='word_1_165' title='bbox 877 2243 1104 2322; x_wconf 90' lang='lat' dir='ltr'>sicilis‚</span> <span class='ocrx_word' id='word_1_166' title='bbox 1163 2251 1238 2307; x_wconf 91' lang='lat' dir='ltr'>ut</span> <span class='ocrx_word' id='word_1_167' title='bbox 1290 2250 1514 2307; x_wconf 91' lang='lat' dir='ltr'>auctor</span> <span class='ocrx_word' id='word_1_168' title='bbox 1565 2251 1665 2306; x_wconf 91' lang='lat' dir='ltr'>est</span> <span class='ocrx_word' id='word_1_169' title='bbox 1718 2240 1814 2306; x_wconf 94' lang='lat' dir='ltr'>M.</span> <span class='ocrx_word' id='word_1_170' title='bbox 1877 2242 2121 2322; x_wconf 88' lang='lat' dir='ltr'>Varr0,</span> <span class='ocrx_word' id='word_1_171' title='bbox 2184 2246 2616 2312; x_wconf 84' lang='lat' dir='ltr'>similitudine.</span> 
     </span>
     <span class='ocr_line' id='line_1_20' title="bbox 365 2339 2617 2432; baseline -0.001 -19"><span class='ocrx_word' id='word_1_172' title='bbox 365 2347 623 2413; x_wconf 90' lang='lat' dir='ltr'>Primus</span> <span class='ocrx_word' id='word_1_173' title='bbox 668 2347 844 2413; x_wconf 90' lang='lat' dir='ltr'>sinus</span> <span class='ocrx_word' id='word_1_174' title='bbox 896 2343 1257 2432; x_wconf 86' lang='lat' dir='ltr'>appellatur</span> <span class='ocrx_word' id='word_1_175' title='bbox 1300 2339 1648 2426; x_wconf 85' lang='lat' dir='ltr'>Scythicus</span> <span class='ocrx_word' id='word_1_176' title='bbox 1663 2366 1680 2418; x_wconf 87' lang='lat'><em>3</em></span> <span class='ocrx_word' id='word_1_177' title='bbox 1736 2342 2056 2427; x_wconf 90' lang='lat' dir='ltr'>utrimque</span> <span class='ocrx_word' id='word_1_178' title='bbox 2103 2345 2272 2409; x_wconf 92' lang='lat' dir='ltr'>enim</span> <span class='ocrx_word' id='word_1_179' title='bbox 2313 2346 2617 2413; x_wconf 87' lang='lat' dir='ltr'>adcolunt</span> 
     </span>
     <span class='ocr_line' id='line_1_21' title="bbox 369 2442 2616 2536; baseline -0 -20"><span class='ocrx_word' id='word_1_180' title='bbox 369 2450 656 2536; x_wconf 86' lang='lat' dir='ltr'>Scythae</span> <span class='ocrx_word' id='word_1_181' title='bbox 701 2459 766 2515; x_wconf 88' lang='lat' dir='ltr'>et</span> <span class='ocrx_word' id='word_1_182' title='bbox 807 2471 926 2535; x_wconf 90' lang='lat' dir='ltr'>per</span> <span class='ocrx_word' id='word_1_183' title='bbox 970 2444 1300 2534; x_wconf 85' lang='lat' dir='ltr'>angustias</span> <span class='ocrx_word' id='word_1_184' title='bbox 1343 2442 1511 2507; x_wconf 92' lang='lat' dir='ltr'>inter</span> <span class='ocrx_word' id='word_1_185' title='bbox 1555 2465 1625 2508; x_wconf 88' lang='lat' dir='ltr'>se</span> <span class='ocrx_word' id='word_1_186' title='bbox 1669 2456 2037 2524; x_wconf 89' lang='lat' dir='ltr'>conmeant,</span> <span class='ocrx_word' id='word_1_187' title='bbox 2098 2446 2247 2512; x_wconf 90' lang='lat' dir='ltr'>hinc</span> <span class='ocrx_word' id='word_1_188' title='bbox 2288 2446 2616 2515; x_wconf 89' lang='lat' dir='ltr'>Nomades</span> 
     </span>
    </p>
   </div>
   <div class='ocr_carea' id='block_1_3' title="bbox 361 2632 2618 3517">
    <p class='ocr_par' dir='ltr' id='par_1_3' title="bbox 361 2632 2618 3517">
     <span class='ocr_line' id='line_1_22' title="bbox 364 2632 2615 2705; baseline 0.001 -16"><span class='ocrx_word' id='word_1_189' title='bbox 364 2641 687 2705; x_wconf 87' lang='lat' dir='ltr'>potissimum</span> <span class='ocrx_word' id='word_1_190' title='bbox 718 2651 883 2699; x_wconf 85' lang='lat' dir='ltr'>neque</span> <span class='ocrx_word' id='word_1_191' title='bbox 907 2635 1008 2683; x_wconf 87' lang='lat' dir='ltr'>alio</span> <span class='ocrx_word' id='word_1_192' title='bbox 1030 2633 1148 2681; x_wconf 90' lang='lat' dir='ltr'>loco</span> <span class='ocrx_word' id='word_1_193' title='bbox 1174 2639 1608 2681; x_wconf 88' lang='lat' dir='ltr'>commemoraret.</span> <span class='ocrx_word' id='word_1_194' title='bbox 1653 2632 1859 2683; x_wconf 84' lang='lat' dir='ltr'>Scilicet</span> <span class='ocrx_word' id='word_1_195' title='bbox 1889 2634 2187 2685; x_wconf 82' lang='lat' dir='ltr'>habitabant</span> <span class='ocrx_word' id='word_1_196' title='bbox 2217 2638 2294 2686; x_wconf 92' lang='lat' dir='ltr'>illi</span> <span class='ocrx_word' id='word_1_197' title='bbox 2326 2639 2457 2689; x_wconf 82' lang='lat' dir='ltr'>inter</span> <span class='ocrx_word' id='word_1_198' title='bbox 2489 2640 2615 2704; x_wconf 77' lang='lat' dir='ltr'>Scy·</span> 
     </span>
     <span class='ocr_line' id='line_1_23' title="bbox 365 2699 2617 2769; baseline 0.001 -12"><span class='ocrx_word' id='word_1_199' title='bbox 365 2708 561 2757; x_wconf 86' lang='lat' dir='ltr'>thicum</span> <span class='ocrx_word' id='word_1_200' title='bbox 585 2719 832 2754; x_wconf 86' lang='lat' dir='ltr'>occanum</span> <span class='ocrx_word' id='word_1_201' title='bbox 863 2709 914 2751; x_wconf 87' lang='lat' dir='ltr'>et</span> <span class='ocrx_word' id='word_1_202' title='bbox 940 2700 1184 2763; x_wconf 86' lang='lat' dir='ltr'>Caspium</span> <span class='ocrx_word' id='word_1_203' title='bbox 1213 2713 1366 2759; x_wconf 86' lang='lat' dir='ltr'>mare,</span> <span class='ocrx_word' id='word_1_204' title='bbox 1401 2707 1452 2747; x_wconf 86' lang='lat' dir='ltr'>et</span> <span class='ocrx_word' id='word_1_205' title='bbox 1485 2701 1562 2748; x_wconf 89' lang='lat' dir='ltr'>uti</span> <span class='ocrx_word' id='word_1_206' title='bbox 1583 2699 1685 2749; x_wconf 90' lang='lat' dir='ltr'>hoc</span> <span class='ocrx_word' id='word_1_207' title='bbox 1718 2715 1784 2749; x_wconf 87' lang='lat' dir='ltr'>ex</span> <span class='ocrx_word' id='word_1_208' title='bbox 1815 2702 1906 2750; x_wconf 92' lang='lat' dir='ltr'>illo</span> <span class='ocrx_word' id='word_1_209' title='bbox 1937 2703 2094 2763; x_wconf 84' lang='lat' dir='ltr'>nasci,</span> <span class='ocrx_word' id='word_1_210' title='bbox 2127 2703 2200 2753; x_wconf 86' lang='lat' dir='ltr'>ita</span> <span class='ocrx_word' id='word_1_211' title='bbox 2230 2708 2452 2769; x_wconf 86' lang='lat' dir='ltr'>populos</span> <span class='ocrx_word' id='word_1_212' title='bbox 2484 2708 2617 2758; x_wconf 85' lang='lat' dir='ltr'>inter</span> 
     </span>
     <span class='ocr_line' id='line_1_24' title="bbox 365 2766 2613 2836; baseline 0.003 -16"><span class='ocrx_word' id='word_1_213' title='bbox 365 2783 634 2836; x_wconf 85' lang='lat' dir='ltr'>utrumque</span> <span class='ocrx_word' id='word_1_214' title='bbox 665 2772 954 2820; x_wconf 87' lang='lat' dir='ltr'>habitantes</span> <span class='ocrx_word' id='word_1_215' title='bbox 986 2768 1139 2817; x_wconf 85' lang='lat' dir='ltr'>etiam</span> <span class='ocrx_word' id='word_1_216' title='bbox 1171 2774 1442 2829; x_wconf 88' lang='lat' dir='ltr'>utrumque</span> <span class='ocrx_word' id='word_1_217' title='bbox 1472 2766 1702 2817; x_wconf 87' lang='lat' dir='ltr'>habitare</span> <span class='ocrx_word' id='word_1_218' title='bbox 1735 2769 1869 2817; x_wconf 83' lang='lat' dir='ltr'>dicit.</span> <span class='ocrx_word' id='word_1_219' title='bbox 1908 2809 1971 2818; x_wconf 82' lang='grc'><strong>..</strong></span> <span class='ocrx_word' id='word_1_220' title='bbox 2009 2786 2187 2821; x_wconf 84' lang='lat' dir='ltr'>aversa</span> <span class='ocrx_word' id='word_1_221' title='bbox 2212 2771 2379 2834; x_wconf 83' lang='lat' dir='ltr'>Asiae,</span> <span class='ocrx_word' id='word_1_222' title='bbox 2404 2774 2465 2824; x_wconf 89' lang='lat' dir='ltr'>R.</span> <span class='ocrx_word' id='word_1_223' title='bbox 2522 2776 2613 2826; x_wconf 79' lang='lat' dir='ltr'>ad-</span> 
     </span>
     <span class='ocr_line' id='line_1_25' title="bbox 364 2832 2610 2902; baseline 0.005 -21"><span class='ocrx_word' id='word_1_224' title='bbox 364 2856 509 2891; x_wconf 66' lang='lat' dir='ltr'>versa</span> <span class='ocrx_word' id='word_1_225' title='bbox 540 2838 715 2900; x_wconf 78' lang='lat' dir='ltr'>Asiae,</span> <span class='ocrx_word' id='word_1_226' title='bbox 747 2840 808 2888; x_wconf 86' lang='lat' dir='ltr'>P.</span> <span class='ocrx_word' id='word_1_227' title='bbox 850 2835 1009 2886; x_wconf 85' lang='lat' dir='ltr'>Asiae</span> <span class='ocrx_word' id='word_1_228' title='bbox 1042 2850 1239 2894; x_wconf 83' lang='lat' dir='ltr'>aversa,</span> <span class='ocrx_word' id='word_1_229' title='bbox 1271 2835 1378 2883; x_wconf 86' lang='lat' dir='ltr'>Td.</span> <span class='ocrx_word' id='word_1_230' title='bbox 1423 2875 1487 2882; x_wconf 84' lang='grc'><strong>-.</strong></span> <span class='ocrx_word' id='word_1_231' title='bbox 1523 2832 1819 2884; x_wconf 76' lang='lat' dir='ltr'>celtiberium</span> <span class='ocrx_word' id='word_1_232' title='bbox 1853 2844 1914 2897; x_wconf 87' lang='lat' dir='ltr'>et,</span> <span class='ocrx_word' id='word_1_233' title='bbox 1947 2836 2105 2887; x_wconf 86' lang='lat' dir='ltr'>RPd.</span> <span class='ocrx_word' id='word_1_234' title='bbox 2145 2879 2207 2888; x_wconf 83' lang='grc'>..</span> <span class='ocrx_word' id='word_1_235' title='bbox 2245 2857 2279 2888; x_wconf 87' lang='lat' dir='ltr'>a</span> <span class='ocrx_word' id='word_1_236' title='bbox 2313 2841 2516 2902; x_wconf 84' lang='lat' dir='ltr'>duobus,</span> <span class='ocrx_word' id='word_1_237' title='bbox 2549 2844 2610 2892; x_wconf 90' lang='grc' dir='ltr'>Ρ.</span> 
     </span>
     <span class='ocr_line' id='line_1_26' title="bbox 366 2900 2613 2972; baseline 0.002 -19"><span class='ocrx_word' id='word_1_238' title='bbox 366 2949 430 2958; x_wconf 80' lang='grc'>,-</span> <span class='ocrx_word' id='word_1_239' title='bbox 470 2903 703 2972; x_wconf 83' lang='lat' dir='ltr'>Caspium</span> <span class='ocrx_word' id='word_1_240' title='bbox 738 2915 780 2955; x_wconf 87' lang='lat' dir='ltr'>et</span> <span class='ocrx_word' id='word_1_241' title='bbox 810 2902 1129 2969; x_wconf 77' lang='lat' dir='ltr'>Hyrcanium,</span> <span class='ocrx_word' id='word_1_242' title='bbox 1155 2901 1323 2951; x_wconf 84' lang='lat' dir='ltr'>RPd.</span> <span class='ocrx_word' id='word_1_243' title='bbox 1349 2942 1413 2951; x_wconf 85' lang='lat'>...</span> <span class='ocrx_word' id='word_1_244' title='bbox 1448 2900 1699 2952; x_wconf 77' lang='lat' dir='ltr'>Euxinum</span> <span class='ocrx_word' id='word_1_245' title='bbox 1719 2944 1782 2951; x_wconf 80' lang='grc'>.-</span> <span class='ocrx_word' id='word_1_246' title='bbox 1798 2912 1944 2967; x_wconf 80' lang='lat' dir='ltr'>putat</span> <span class='ocrx_word' id='word_1_247' title='bbox 1976 2919 2078 2954; x_wconf 92' lang='lat' dir='ltr'>om.</span> <span class='ocrx_word' id='word_1_248' title='bbox 2111 2903 2171 2955; x_wconf 80' lang='lat' dir='ltr'>P.</span> <span class='ocrx_word' id='word_1_249' title='bbox 2207 2947 2270 2955; x_wconf 82' lang='grc'>-.</span> <span class='ocrx_word' id='word_1_250' title='bbox 2313 2905 2613 2970; x_wconf 74' lang='lat' dir='ltr'>Clitarchus,</span> 
     </span>
     <span class='ocr_line' id='line_1_27' title="bbox 362 2968 2610 3038; baseline 0.001 -14"><span class='ocrx_word' id='word_1_251' title='bbox 362 2991 410 3026; x_wconf 82' lang='lat' dir='ltr'>v.</span> <span class='ocrx_word' id='word_1_252' title='bbox 453 2975 619 3027; x_wconf 85' lang='lat' dir='ltr'>Geier.</span> <span class='ocrx_word' id='word_1_253' title='bbox 662 2975 852 3038; x_wconf 86' lang='lat' dir='ltr'>scriptt.</span> <span class='ocrx_word' id='word_1_254' title='bbox 893 2972 1049 3021; x_wconf 86' lang='lat' dir='ltr'>Alex.</span> <span class='ocrx_word' id='word_1_255' title='bbox 1089 2972 1164 3020; x_wconf 91' lang='lat' dir='ltr'>M.</span> <span class='ocrx_word' id='word_1_256' title='bbox 1207 2984 1257 3033; x_wconf 87' lang='lat' dir='ltr'>p.</span> <span class='ocrx_word' id='word_1_257' title='bbox 1305 2972 1416 3020; x_wconf 88' lang='grc'><strong>164.</strong></span> <span class='ocrx_word' id='word_1_258' title='bbox 1465 3010 1529 3018; x_wconf 80' lang='grc'>-.</span> <span class='ocrx_word' id='word_1_259' title='bbox 1579 2968 1940 3031; x_wconf 77' lang='lat' dir='ltr'>Eratosthenes,</span> <span class='ocrx_word' id='word_1_260' title='bbox 1986 2986 2036 3034; x_wconf 90' lang='lat' dir='ltr'>p.</span> <span class='ocrx_word' id='word_1_261' title='bbox 2080 2978 2160 3023; x_wconf 88' lang='grc'>90.</span> <span class='ocrx_word' id='word_1_262' title='bbox 2203 2975 2282 3024; x_wconf 86' lang='lat' dir='ltr'>ed.</span> <span class='ocrx_word' id='word_1_263' title='bbox 2318 2976 2509 3026; x_wconf 85' lang='lat' dir='ltr'>Bernh.</span> <span class='ocrx_word' id='word_1_264' title='bbox 2548 3017 2610 3026; x_wconf 80' lang='grc'>.-</span> 
     </span>
     <span class='ocr_line' id='line_1_28' title="bbox 364 3036 2611 3107; baseline 0.001 -15"><span class='ocrx_word' id='word_1_265' title='bbox 364 3053 423 3107; x_wconf 84' lang='lat' dir='ltr'>et,</span> <span class='ocrx_word' id='word_1_266' title='bbox 457 3059 557 3093; x_wconf 89' lang='lat' dir='ltr'>om.</span> <span class='ocrx_word' id='word_1_267' title='bbox 591 3044 650 3092; x_wconf 92' lang='grc' dir='ltr'>Ρ.</span> <span class='ocrx_word' id='word_1_268' title='bbox 689 3083 752 3091; x_wconf 77' lang='grc'>-.</span> <span class='ocrx_word' id='word_1_269' title='bbox 798 3050 844 3090; x_wconf 84' lang='lat' dir='ltr'>et</span> <span class='ocrx_word' id='word_1_270' title='bbox 873 3037 1090 3099; x_wconf 84' lang='lat' dir='ltr'>meridie,</span> <span class='ocrx_word' id='word_1_271' title='bbox 1124 3038 1315 3087; x_wconf 84' lang='lat' dir='ltr'>TPdr.</span> <span class='ocrx_word' id='word_1_272' title='bbox 1372 3046 1418 3087; x_wconf 84' lang='lat' dir='ltr'>et</span> <span class='ocrx_word' id='word_1_273' title='bbox 1446 3036 1666 3098; x_wconf 72' lang='lat' dir='ltr'>meridie,</span> <span class='ocrx_word' id='word_1_274' title='bbox 1701 3038 1764 3086; x_wconf 90' lang='grc' dir='ltr'>Β.</span> <span class='ocrx_word' id='word_1_275' title='bbox 1819 3037 1890 3087; x_wconf 85' lang='lat' dir='ltr'>acl</span> <span class='ocrx_word' id='word_1_276' title='bbox 1919 3039 2178 3101; x_wconf 82' lang='lat' dir='ltr'>meridiem,</span> <span class='ocrx_word' id='word_1_277' title='bbox 2209 3036 2269 3101; x_wconf 78' lang='grc' dir='ltr'>β.</span> <span class='ocrx_word' id='word_1_278' title='bbox 2307 3084 2370 3093; x_wconf 85' lang='grc'>.-.</span> <span class='ocrx_word' id='word_1_279' title='bbox 2420 3041 2611 3094; x_wconf 70' lang='lat' dir='ltr'>Canda-</span> 
     </span>
     <span class='ocr_line' id='line_1_29' title="bbox 364 3102 2618 3173; baseline 0 -13"><span class='ocrx_word' id='word_1_280' title='bbox 364 3111 489 3173; x_wconf 88' lang='lat' dir='ltr'>siae,</span> <span class='ocrx_word' id='word_1_281' title='bbox 511 3112 570 3161; x_wconf 90' lang='lat' dir='ltr'>P.</span> <span class='ocrx_word' id='word_1_282' title='bbox 598 3151 661 3159; x_wconf 79' lang='grc'>-</span> <span class='ocrx_word' id='word_1_283' title='bbox 700 3124 902 3173; x_wconf 85' lang='lat' dir='ltr'>equora,</span> <span class='ocrx_word' id='word_1_284' title='bbox 925 3109 984 3157; x_wconf 93' lang='grc' dir='ltr'>Ρ.</span> <span class='ocrx_word' id='word_1_285' title='bbox 1012 3147 1075 3155; x_wconf 82' lang='grc'><strong>..</strong></span> <span class='ocrx_word' id='word_1_286' title='bbox 1113 3103 1371 3172; x_wconf 81' lang='lat' dir='ltr'>quinquies</span> <span class='ocrx_word' id='word_1_287' title='bbox 1397 3102 1526 3154; x_wconf 81' lang='lat' dir='ltr'>mille</span> <span class='ocrx_word' id='word_1_288' title='bbox 1557 3102 1728 3155; x_wconf 87' lang='lat' dir='ltr'>CCCC</span> <span class='ocrx_word' id='word_1_289' title='bbox 1747 3103 1931 3168; x_wconf 80' lang='lat' dir='ltr'>stadia,</span> <span class='ocrx_word' id='word_1_290' title='bbox 1957 3109 2005 3156; x_wconf 90' lang='lat' dir='ltr'>d.</span> <span class='ocrx_word' id='word_1_291' title='bbox 2042 3108 2302 3171; x_wconf 73' lang='lat' dir='ltr'>quinquies</span> <span class='ocrx_word' id='word_1_292' title='bbox 2325 3108 2455 3159; x_wconf 84' lang='lat' dir='ltr'>mille</span> <span class='ocrx_word' id='word_1_293' title='bbox 2487 3109 2618 3160; x_wconf 87' lang='lat' dir='ltr'>CCC</span> 
     </span>
     <span class='ocr_line' id='line_1_30' title="bbox 364 3171 2608 3241; baseline 0.003 -18"><span class='ocrx_word' id='word_1_294' title='bbox 364 3179 552 3240; x_wconf 69' lang='lat' dir='ltr'>stadia,</span> <span class='ocrx_word' id='word_1_295' title='bbox 576 3179 683 3241; x_wconf 73' lang='lat' dir='ltr'>Rr.</span> <span class='ocrx_word' id='word_1_296' title='bbox 722 3174 897 3226; x_wconf 83' lang='lat' dir='ltr'>stadia</span> <span class='ocrx_word' id='word_1_297' title='bbox 923 3171 1283 3237; x_wconf 77' lang='lat' dir='ltr'>quadrinyenta</span> <span class='ocrx_word' id='word_1_298' title='bbox 1308 3172 1523 3235; x_wconf 85' lang='lat' dir='ltr'>quinque</span> <span class='ocrx_word' id='word_1_299' title='bbox 1555 3171 1726 3231; x_wconf 85' lang='lat' dir='ltr'>millia,</span> <span class='ocrx_word' id='word_1_300' title='bbox 1749 3172 1808 3222; x_wconf 91' lang='lat' dir='ltr'>P.</span> <span class='ocrx_word' id='word_1_301' title='bbox 1847 3213 1906 3222; x_wconf 82' lang='grc'><strong>..</strong></span> <span class='ocrx_word' id='word_1_302' title='bbox 1939 3188 2037 3238; x_wconf 83' lang='lat' dir='ltr'>per</span> <span class='ocrx_word' id='word_1_303' title='bbox 2066 3174 2367 3239; x_wconf 83' lang='lat' dir='ltr'>Anariacas,</span> <span class='ocrx_word' id='word_1_304' title='bbox 2390 3176 2608 3228; x_wconf 81' lang='lat' dir='ltr'>Salmas.</span> 
     </span>
     <span class='ocr_line' id='line_1_31' title="bbox 364 3241 2612 3309; baseline 0.001 -18"><span class='ocrx_word' id='word_1_305' title='bbox 364 3261 528 3296; x_wconf 80' lang='lat' dir='ltr'>exerc.</span> <span class='ocrx_word' id='word_1_306' title='bbox 563 3260 613 3307; x_wconf 89' lang='lat' dir='ltr'>p.</span> <span class='ocrx_word' id='word_1_307' title='bbox 655 3250 766 3294; x_wconf 88' lang='lat'>148.</span> <span class='ocrx_word' id='word_1_308' title='bbox 800 3245 851 3292; x_wconf 90' lang='lat' dir='ltr'>b.</span> <span class='ocrx_word' id='word_1_309' title='bbox 882 3242 950 3308; x_wconf 83' lang='lat' dir='ltr'>A.</span> <span class='ocrx_word' id='word_1_310' title='bbox 982 3242 1073 3302; x_wconf 89' lang='lat' dir='ltr'>B.,</span> <span class='ocrx_word' id='word_1_311' title='bbox 1118 3242 1257 3303; x_wconf 85' lang='lat' dir='ltr'>quod</span> <span class='ocrx_word' id='word_1_312' title='bbox 1291 3254 1387 3302; x_wconf 89' lang='lat' dir='ltr'>ego</span> <span class='ocrx_word' id='word_1_313' title='bbox 1438 3241 1494 3289; x_wconf 88' lang='lat' dir='ltr'>in</span> <span class='ocrx_word' id='word_1_314' title='bbox 1536 3256 1590 3289; x_wconf 84' lang='lat' dir='ltr'>os</span> <span class='ocrx_word' id='word_1_315' title='bbox 1631 3241 1837 3289; x_wconf 85' lang='lat' dir='ltr'>mutavi.</span> <span class='ocrx_word' id='word_1_316' title='bbox 1891 3242 2200 3306; x_wconf 79' lang='lat' dir='ltr'>paretiacos,</span> <span class='ocrx_word' id='word_1_317' title='bbox 2241 3246 2337 3295; x_wconf 54' lang='grc' dir='ltr'>ΒΚ</span> <span class='ocrx_word' id='word_1_318' title='bbox 2395 3247 2612 3309; x_wconf 66' lang='lat' dir='ltr'>peratia-</span> 
     </span>
     <span class='ocr_line' id='line_1_32' title="bbox 364 3299 2606 3374; baseline 0.002 -17"><span class='ocrx_word' id='word_1_319' title='bbox 364 3329 461 3373; x_wconf 83' lang='lat' dir='ltr'>cos,</span> <span class='ocrx_word' id='word_1_320' title='bbox 485 3312 576 3361; x_wconf 80' lang='lat' dir='ltr'>R2.</span> <span class='ocrx_word' id='word_1_321' title='bbox 609 3326 701 3374; x_wconf 85' lang='lat' dir='ltr'>per</span> <span class='ocrx_word' id='word_1_322' title='bbox 722 3310 946 3367; x_wconf 70' lang='lat' dir='ltr'>Actaeos,</span> <span class='ocrx_word' id='word_1_323' title='bbox 970 3310 1074 3358; x_wconf 84' lang='lat' dir='ltr'>Td.</span> <span class='ocrx_word' id='word_1_324' title='bbox 1107 3306 1347 3373; x_wconf 86' lang='lat' dir='ltr'>patiacos,</span> <span class='ocrx_word' id='word_1_325' title='bbox 1370 3308 1428 3357; x_wconf 89' lang='lat' dir='ltr'>P.</span> <span class='ocrx_word' id='word_1_326' title='bbox 1463 3322 1559 3369; x_wconf 87' lang='lat' dir='ltr'>per</span> <span class='ocrx_word' id='word_1_327' title='bbox 1580 3299 1900 3368; x_wconf 72' lang='lat' dir='ltr'>Aratiaticoe,</span> <span class='ocrx_word' id='word_1_328' title='bbox 1922 3303 1981 3369; x_wconf 80' lang='grc' dir='ltr'>β.</span> <span class='ocrx_word' id='word_1_329' title='bbox 2009 3349 2071 3358; x_wconf 79' lang='grc'><strong>-</strong></span> <span class='ocrx_word' id='word_1_330' title='bbox 2105 3310 2367 3372; x_wconf 82' lang='lat' dir='ltr'>Amardos,</span> <span class='ocrx_word' id='word_1_331' title='bbox 2392 3312 2606 3363; x_wconf 85' lang='lat' dir='ltr'>Casaub.</span> 
     </span>
     <span class='ocr_line' id='line_1_33' title="bbox 364 3369 2604 3444; baseline 0.003 -19"><span class='ocrx_word' id='word_1_332' title='bbox 364 3380 431 3428; x_wconf 87' lang='lat' dir='ltr'>ad</span> <span class='ocrx_word' id='word_1_333' title='bbox 463 3378 699 3429; x_wconf 88' lang='lat' dir='ltr'>Strabon.</span> <span class='ocrx_word' id='word_1_334' title='bbox 745 3383 823 3425; x_wconf 90' lang='lat'>11.</span> <span class='ocrx_word' id='word_1_335' title='bbox 865 3391 914 3439; x_wconf 90' lang='lat' dir='ltr'>p.</span> <span class='ocrx_word' id='word_1_336' title='bbox 944 3381 1058 3426; x_wconf 85' lang='lat'>508.</span> <span class='ocrx_word' id='word_1_337' title='bbox 1101 3373 1356 3434; x_wconf 85' lang='lat' dir='ltr'>Amarbos,</span> <span class='ocrx_word' id='word_1_338' title='bbox 1390 3369 1600 3435; x_wconf 80' lang='grc' dir='ltr'><strong>ΒΡᾱβ.</strong></span> <span class='ocrx_word' id='word_1_339' title='bbox 1655 3415 1718 3423; x_wconf 83' lang='grc'>-.</span> <span class='ocrx_word' id='word_1_340' title='bbox 1772 3375 1913 3436; x_wconf 81' lang='lat' dir='ltr'>Zoni,</span> <span class='ocrx_word' id='word_1_341' title='bbox 1946 3378 2107 3426; x_wconf 87' lang='lat' dir='ltr'>RPd.</span> <span class='ocrx_word' id='word_1_342' title='bbox 2157 3377 2271 3438; x_wconf 78' lang='lat' dir='ltr'>Oxi,</span> <span class='ocrx_word' id='word_1_343' title='bbox 2305 3378 2521 3430; x_wconf 86' lang='lat' dir='ltr'>Casaub.</span> <span class='ocrx_word' id='word_1_344' title='bbox 2556 3394 2604 3444; x_wconf 83' lang='lat' dir='ltr'>r.</span> 
     </span>
     <span class='ocr_line' id='line_1_34' title="bbox 361 3435 2610 3517; baseline 0.001 -21"><span class='ocrx_word' id='word_1_345' title='bbox 361 3446 485 3496; x_wconf 86' lang='lat' dir='ltr'>Vid.</span> <span class='ocrx_word' id='word_1_346' title='bbox 507 3445 727 3496; x_wconf 82' lang='lat' dir='ltr'>Parisot.</span> <span class='ocrx_word' id='word_1_347' title='bbox 753 3446 818 3493; x_wconf 85' lang='lat' dir='ltr'>ad</span> <span class='ocrx_word' id='word_1_348' title='bbox 841 3444 893 3492; x_wconf 93' lang='lat' dir='ltr'>h.</span> <span class='ocrx_word' id='word_1_349' title='bbox 917 3444 953 3493; x_wconf 92' lang='lat' dir='ltr'>l.</span> <span class='ocrx_word' id='word_1_350' title='bbox 978 3458 1029 3507; x_wconf 94' lang='lat' dir='ltr'>p.</span> <span class='ocrx_word' id='word_1_351' title='bbox 1056 3448 1171 3517; x_wconf 55' lang='lat'>224:</span> <span class='ocrx_word' id='word_1_352' title='bbox 1208 3483 1272 3492; x_wconf 80' lang='grc'><strong>-</strong></span> <span class='ocrx_word' id='word_1_353' title='bbox 1316 3439 1561 3502; x_wconf 88' lang='lat' dir='ltr'>DCCCC,</span> <span class='ocrx_word' id='word_1_354' title='bbox 1595 3435 1806 3493; x_wconf 80' lang='grc' dir='ltr'><strong>ΒθΤᾱ.</strong></span> <span class='ocrx_word' id='word_1_355' title='bbox 1852 3458 2011 3493; x_wconf 74' lang='lat' dir='ltr'>novem</span> <span class='ocrx_word' id='word_1_356' title='bbox 2033 3452 2220 3495; x_wconf 82' lang='lat' dir='ltr'>centum</span> <span class='ocrx_word' id='word_1_357' title='bbox 2242 3445 2398 3497; x_wconf 77' lang='lat' dir='ltr'>millia</span> <span class='ocrx_word' id='word_1_358' title='bbox 2413 3464 2610 3512; x_wconf 70' lang='lat' dir='ltr'>passus,</span> 
     </span>
    </p>
   </div>
   <div class='ocr_carea' id='block_1_4' title="bbox 363 3509 2609 3592">
    <p class='ocr_par' dir='ltr' id='par_1_4' title="bbox 363 3509 2609 3592">
     <span class='ocr_line' id='line_1_35' title="bbox 363 3509 2609 3592; baseline -0 -11"><span class='ocrx_word' id='word_1_359' title='bbox 363 3531 422 3581; x_wconf 88' lang='lat' dir='ltr'>P.</span> <span class='ocrx_word' id='word_1_360' title='bbox 460 3571 523 3581; x_wconf 83' lang='grc'>.-</span> <span class='ocrx_word' id='word_1_361' title='bbox 561 3527 809 3589; x_wconf 74' lang='lat' dir='ltr'>Iaxartis,</span> <span class='ocrx_word' id='word_1_362' title='bbox 854 3528 902 3577; x_wconf 89' lang='lat' dir='ltr'>d.</span> <span class='ocrx_word' id='word_1_363' title='bbox 956 3509 1222 3588; x_wconf 63' lang='lat' dir='ltr'>Iaxastiri,</span> <span class='ocrx_word' id='word_1_364' title='bbox 1264 3527 1327 3576; x_wconf 84' lang='lat' dir='ltr'>R.</span> <span class='ocrx_word' id='word_1_365' title='bbox 1382 3524 1689 3587; x_wconf 82' lang='lat' dir='ltr'>lasatissum,</span> <span class='ocrx_word' id='word_1_366' title='bbox 1722 3528 1782 3577; x_wconf 91' lang='lat' dir='ltr'>P.</span> <span class='ocrx_word' id='word_1_367' title='bbox 1842 3525 2083 3591; x_wconf 78' lang='lat' dir='ltr'>laxarsie,</span> <span class='ocrx_word' id='word_1_368' title='bbox 2107 3530 2169 3578; x_wconf 89' lang='lat' dir='ltr'>T.</span> <span class='ocrx_word' id='word_1_369' title='bbox 2217 3570 2281 3578; x_wconf 83' lang='grc'>..-</span> <span class='ocrx_word' id='word_1_370' title='bbox 2328 3528 2471 3592; x_wconf 83' lang='grc' dir='ltr'>ΜΜ,</span> <span class='ocrx_word' id='word_1_371' title='bbox 2502 3532 2609 3580; x_wconf 89' lang='lat' dir='ltr'>Td.</span> 
     </span>
    </p>
   </div>
   <div class='ocr_carea' id='block_1_5' title="bbox 257 3587 2609 3659">
    <p class='ocr_par' dir='ltr' id='par_1_5' title="bbox 257 3587 2609 3659">
     <span class='ocr_line' id='line_1_36' title="bbox 257 3587 2609 3659; baseline -0 -12"><span class='ocrx_word' id='word_1_372' title='bbox 257 3587 264 3591; x_wconf 16' lang='grc' dir='ltr'>ὁ</span> <span class='ocrx_word' id='word_1_373' title='bbox 364 3596 459 3657; x_wconf 75' lang='lat' dir='ltr'>M,</span> <span class='ocrx_word' id='word_1_374' title='bbox 483 3597 585 3648; x_wconf 84' lang='grc' dir='ltr'>ΒΡ</span> <span class='ocrx_word' id='word_1_375' title='bbox 593 3591 651 3657; x_wconf 75' lang='grc' dir='ltr'>β</span> <span class='ocrx_word' id='word_1_376' title='bbox 679 3636 742 3644; x_wconf 82' lang='grc'>-.</span> <span class='ocrx_word' id='word_1_377' title='bbox 769 3593 1038 3659; x_wconf 82' lang='lat' dir='ltr'>quindecim</span> <span class='ocrx_word' id='word_1_378' title='bbox 1061 3603 1263 3655; x_wconf 85' lang='lat' dir='ltr'>centum,</span> <span class='ocrx_word' id='word_1_379' title='bbox 1286 3594 1346 3643; x_wconf 89' lang='lat' dir='ltr'>P.</span> <span class='ocrx_word' id='word_1_380' title='bbox 1374 3634 1436 3642; x_wconf 80' lang='grc'><strong>.-</strong></span> <span class='ocrx_word' id='word_1_381' title='bbox 1463 3594 1804 3657; x_wconf 70' lang='lat' dir='ltr'>quadraqinta</span> <span class='ocrx_word' id='word_1_382' title='bbox 1826 3592 1982 3645; x_wconf 77' lang='lat' dir='ltr'>millia</span> <span class='ocrx_word' id='word_1_383' title='bbox 2005 3596 2187 3657; x_wconf 80' lang='lat' dir='ltr'>stadia,</span> <span class='ocrx_word' id='word_1_384' title='bbox 2210 3598 2277 3647; x_wconf 90' lang='lat' dir='ltr'>K.</span> <span class='ocrx_word' id='word_1_385' title='bbox 2302 3638 2366 3647; x_wconf 85' lang='grc'><strong>.-</strong></span> <span class='ocrx_word' id='word_1_386' title='bbox 2395 3595 2526 3659; x_wconf 75' lang='lat' dir='ltr'>huic,</span> <span class='ocrx_word' id='word_1_387' title='bbox 2549 3599 2609 3647; x_wconf 89' lang='lat' dir='ltr'>P.</span> 
     </span>
    </p>
   </div>
   <div class='ocr_carea' id='block_1_6' title="bbox 359 3661 2609 4332">
    <p class='ocr_par' dir='ltr' id='par_1_6' title="bbox 359 3661 2609 4262">
     <span class='ocr_line' id='line_1_37' title="bbox 430 3661 2609 3726; baseline -0.001 -11"><span class='ocrx_word' id='word_1_388' title='bbox 430 3664 460 3726; x_wconf 65' lang='grc' dir='ltr'><strong>ξ</strong></span> <span class='ocrx_word' id='word_1_389' title='bbox 487 3669 568 3715; x_wconf 85' lang='grc'>37.</span> <span class='ocrx_word' id='word_1_390' title='bbox 605 3663 691 3724; x_wconf 88' lang='lat' dir='ltr'>eis,</span> <span class='ocrx_word' id='word_1_391' title='bbox 715 3665 777 3713; x_wconf 84' lang='lat' dir='ltr'>T.</span> <span class='ocrx_word' id='word_1_392' title='bbox 816 3704 879 3711; x_wconf 84' lang='grc'>-</span> <span class='ocrx_word' id='word_1_393' title='bbox 915 3661 1197 3713; x_wconf 88' lang='lat' dir='ltr'>Armeniam</span> <span class='ocrx_word' id='word_1_394' title='bbox 1219 3662 1463 3721; x_wconf 81' lang='lat' dir='ltr'>maiorem,</span> <span class='ocrx_word' id='word_1_395' title='bbox 1487 3662 1670 3724; x_wconf 84' lang='lat' dir='ltr'>legisse</span> <span class='ocrx_word' id='word_1_396' title='bbox 1692 3662 1888 3712; x_wconf 83' lang='lat' dir='ltr'>videtur</span> <span class='ocrx_word' id='word_1_397' title='bbox 1909 3663 2098 3712; x_wconf 89' lang='lat' dir='ltr'>Dicuil.</span> <span class='ocrx_word' id='word_1_398' title='bbox 2122 3666 2164 3714; x_wconf 94' lang='lat'>1.</span> <span class='ocrx_word' id='word_1_399' title='bbox 2191 3671 2239 3725; x_wconf 86' lang='lat'>8,</span> <span class='ocrx_word' id='word_1_400' title='bbox 2265 3670 2311 3713; x_wconf 88' lang='grc'>2.</span> <span class='ocrx_word' id='word_1_401' title='bbox 2347 3706 2411 3715; x_wconf 91' lang='lat'>....</span> <span class='ocrx_word' id='word_1_402' title='bbox 2450 3664 2609 3714; x_wconf 82' lang='lat' dir='ltr'>deter-</span> 
     </span>
     <span class='ocr_line' id='line_1_38' title="bbox 361 3726 2609 3793; baseline 0 -11"><span class='ocrx_word' id='word_1_403' title='bbox 361 3733 565 3792; x_wconf 81' lang='lat' dir='ltr'>minans,</span> <span class='ocrx_word' id='word_1_404' title='bbox 591 3733 640 3781; x_wconf 80' lang='lat' dir='ltr'>d.</span> <span class='ocrx_word' id='word_1_405' title='bbox 678 3727 1042 3793; x_wconf 83' lang='lat' dir='ltr'>determinatas,</span> <span class='ocrx_word' id='word_1_406' title='bbox 1066 3731 1129 3779; x_wconf 87' lang='grc' dir='ltr'>Β.</span> <span class='ocrx_word' id='word_1_407' title='bbox 1168 3726 1460 3787; x_wconf 81' lang='lat' dir='ltr'>determinat,</span> <span class='ocrx_word' id='word_1_408' title='bbox 1483 3730 1544 3777; x_wconf 89' lang='lat' dir='ltr'>P.</span> <span class='ocrx_word' id='word_1_409' title='bbox 1572 3768 1636 3777; x_wconf 80' lang='grc'>.-</span> <span class='ocrx_word' id='word_1_410' title='bbox 1672 3727 1857 3789; x_wconf 84' lang='lat' dir='ltr'>Serico,</span> <span class='ocrx_word' id='word_1_411' title='bbox 1887 3730 2078 3780; x_wconf 87' lang='lat' dir='ltr'>Dicuil.</span> <span class='ocrx_word' id='word_1_412' title='bbox 2116 3729 2309 3793; x_wconf 77' lang='lat' dir='ltr'>Per-ico,</span> <span class='ocrx_word' id='word_1_413' title='bbox 2334 3733 2439 3782; x_wconf 86' lang='lat' dir='ltr'>Rd.</span> <span class='ocrx_word' id='word_1_414' title='bbox 2476 3731 2609 3782; x_wconf 88' lang='lat' dir='ltr'>Par-</span> 
     </span>
     <span class='ocr_line' id='line_1_39' title="bbox 364 3794 2609 3862; baseline -0 -14"><span class='ocrx_word' id='word_1_415' title='bbox 364 3800 503 3861; x_wconf 79' lang='lat' dir='ltr'>thico,</span> <span class='ocrx_word' id='word_1_416' title='bbox 534 3801 592 3851; x_wconf 90' lang='lat' dir='ltr'>P.</span> <span class='ocrx_word' id='word_1_417' title='bbox 633 3839 693 3848; x_wconf 81' lang='grc'>.-</span> <span class='ocrx_word' id='word_1_418' title='bbox 732 3808 778 3847; x_wconf 84' lang='lat' dir='ltr'>et</span> <span class='ocrx_word' id='word_1_419' title='bbox 809 3801 887 3859; x_wconf 87' lang='lat' dir='ltr'>ab,</span> <span class='ocrx_word' id='word_1_420' title='bbox 920 3798 979 3847; x_wconf 91' lang='lat' dir='ltr'>P.</span> <span class='ocrx_word' id='word_1_421' title='bbox 1018 3838 1080 3846; x_wconf 86' lang='lat'>...</span> <span class='ocrx_word' id='word_1_422' title='bbox 1121 3794 1347 3855; x_wconf 83' lang='lat' dir='ltr'>Caucasi,</span> <span class='ocrx_word' id='word_1_423' title='bbox 1379 3795 1497 3845; x_wconf 88' lang='grc' dir='ltr'>ΒΡ.</span> <span class='ocrx_word' id='word_1_424' title='bbox 1563 3794 1821 3858; x_wconf 83' lang='lat' dir='ltr'>Caucasis,</span> <span class='ocrx_word' id='word_1_425' title='bbox 1856 3800 1903 3847; x_wconf 90' lang='lat' dir='ltr'>d.</span> <span class='ocrx_word' id='word_1_426' title='bbox 1957 3796 2236 3858; x_wconf 70' lang='lat' dir='ltr'>Cauca-siis,</span> <span class='ocrx_word' id='word_1_427' title='bbox 2271 3800 2333 3850; x_wconf 79' lang='lat' dir='ltr'>T.</span> <span class='ocrx_word' id='word_1_428' title='bbox 2371 3840 2436 3849; x_wconf 81' lang='grc'>-</span> <span class='ocrx_word' id='word_1_429' title='bbox 2472 3799 2609 3862; x_wconf 68' lang='lat' dir='ltr'>fuya,</span> 
     </span>
     <span class='ocr_line' id='line_1_40' title="bbox 361 3860 2607 3929; baseline 0 -13"><span class='ocrx_word' id='word_1_430' title='bbox 361 3867 427 3916; x_wconf 88' lang='grc' dir='ltr'>Β.</span> <span class='ocrx_word' id='word_1_431' title='bbox 474 3907 538 3916; x_wconf 82' lang='grc'>-..</span> <span class='ocrx_word' id='word_1_432' title='bbox 585 3875 629 3915; x_wconf 84' lang='lat' dir='ltr'>et</span> <span class='ocrx_word' id='word_1_433' title='bbox 659 3882 709 3927; x_wconf 86' lang='lat' dir='ltr'>a,</span> <span class='ocrx_word' id='word_1_434' title='bbox 740 3866 799 3914; x_wconf 89' lang='lat' dir='ltr'>P.</span> <span class='ocrx_word' id='word_1_435' title='bbox 837 3906 900 3915; x_wconf 87' lang='grc'><strong>...</strong></span> <span class='ocrx_word' id='word_1_436' title='bbox 940 3862 1109 3924; x_wconf 83' lang='lat' dir='ltr'>latere,</span> <span class='ocrx_word' id='word_1_437' title='bbox 1140 3865 1205 3913; x_wconf 89' lang='grc' dir='ltr'>Β.</span> <span class='ocrx_word' id='word_1_438' title='bbox 1261 3860 1543 3920; x_wconf 79' lang='lat' dir='ltr'>latitudine,</span> <span class='ocrx_word' id='word_1_439' title='bbox 1573 3864 1634 3912; x_wconf 89' lang='lat' dir='ltr'>P.</span> <span class='ocrx_word' id='word_1_440' title='bbox 1682 3904 1744 3912; x_wconf 83' lang='grc'>-</span> <span class='ocrx_word' id='word_1_441' title='bbox 1791 3881 1951 3929; x_wconf 86' lang='lat' dir='ltr'>quam,</span> <span class='ocrx_word' id='word_1_442' title='bbox 1981 3866 2047 3916; x_wconf 87' lang='grc' dir='ltr'>Β.</span> <span class='ocrx_word' id='word_1_443' title='bbox 2085 3906 2150 3915; x_wconf 86' lang='grc'>-..</span> <span class='ocrx_word' id='word_1_444' title='bbox 2190 3862 2607 3926; x_wconf 86' lang='lat' dir='ltr'>CCCCLXXX,</span> 
     </span>
     <span class='ocr_line' id='line_1_41' title="bbox 360 3928 2606 3998; baseline 0 -15"><span class='ocrx_word' id='word_1_445' title='bbox 360 3933 512 3984; x_wconf 87' lang='lat' dir='ltr'>BTd</span> <span class='ocrx_word' id='word_1_446' title='bbox 554 3929 794 3997; x_wconf 86' lang='lat' dir='ltr'>(Dicuil.)</span> <span class='ocrx_word' id='word_1_447' title='bbox 861 3929 1166 3994; x_wconf 87' lang='lat' dir='ltr'>CCCCXX,</span> <span class='ocrx_word' id='word_1_448' title='bbox 1204 3932 1264 3981; x_wconf 89' lang='lat' dir='ltr'>P.</span> <span class='ocrx_word' id='word_1_449' title='bbox 1331 3929 1806 3992; x_wconf 89' lang='lat' dir='ltr'>CCCCLXXXX,</span> <span class='ocrx_word' id='word_1_450' title='bbox 1844 3928 1945 3996; x_wconf 78' lang='grc' dir='ltr'><strong>βγ.</strong></span> <span class='ocrx_word' id='word_1_451' title='bbox 1993 3973 2056 3981; x_wconf 83' lang='grc'>-.</span> <span class='ocrx_word' id='word_1_452' title='bbox 2105 3932 2416 3998; x_wconf 73' lang='lat' dir='ltr'>lonyitudine,</span> <span class='ocrx_word' id='word_1_453' title='bbox 2456 3936 2506 3984; x_wconf 85' lang='lat' dir='ltr'>d.</span> <span class='ocrx_word' id='word_1_454' title='bbox 2545 3974 2606 3984; x_wconf 85' lang='grc'>-.</span> 
     </span>
     <span class='ocr_line' id='line_1_42' title="bbox 367 3995 2607 4062; baseline 0.001 -14"><span class='ocrx_word' id='word_1_455' title='bbox 367 3997 556 4051; x_wconf 90' lang='grc' dir='ltr'>0οΧ0</span> <span class='ocrx_word' id='word_1_456' title='bbox 576 3998 654 4049; x_wconf 89' lang='lat' dir='ltr'>M.</span> <span class='ocrx_word' id='word_1_457' title='bbox 681 3999 730 4047; x_wconf 85' lang='lat' dir='ltr'>in</span> <span class='ocrx_word' id='word_1_458' title='bbox 756 3999 1076 4060; x_wconf 84' lang='lat' dir='ltr'>latitudinem,</span> <span class='ocrx_word' id='word_1_459' title='bbox 1099 4002 1162 4049; x_wconf 93' lang='grc' dir='ltr'>Β.</span> <span class='ocrx_word' id='word_1_460' title='bbox 1201 3999 1252 4048; x_wconf 85' lang='lat' dir='ltr'>in</span> <span class='ocrx_word' id='word_1_461' title='bbox 1277 3995 1541 4048; x_wconf 82' lang='lat' dir='ltr'>latitudine</span> <span class='ocrx_word' id='word_1_462' title='bbox 1569 3996 1767 4060; x_wconf 89' lang='lat' dir='ltr'>CCXC,</span> <span class='ocrx_word' id='word_1_463' title='bbox 1786 4002 1834 4049; x_wconf 91' lang='lat' dir='ltr'>d.</span> <span class='ocrx_word' id='word_1_464' title='bbox 1871 4000 1922 4049; x_wconf 76' lang='lat' dir='ltr'>in</span> <span class='ocrx_word' id='word_1_465' title='bbox 1948 3997 2248 4050; x_wconf 81' lang='lat' dir='ltr'>latitudinem</span> <span class='ocrx_word' id='word_1_466' title='bbox 2277 3997 2607 4062; x_wconf 79' lang='lat' dir='ltr'>CCLXXX,</span> 
     </span>
     <span class='ocr_line' id='line_1_43' title="bbox 359 4064 2609 4132; baseline 0 -15"><span class='ocrx_word' id='word_1_467' title='bbox 359 4068 548 4117; x_wconf 90' lang='lat' dir='ltr'>Dicuil.</span> <span class='ocrx_word' id='word_1_468' title='bbox 602 4066 750 4117; x_wconf 87' lang='lat' dir='ltr'>CCX</span> <span class='ocrx_word' id='word_1_469' title='bbox 753 4066 796 4117; x_wconf 93' lang='grc'><em>0</em></span> <span class='ocrx_word' id='word_1_470' title='bbox 812 4066 948 4117; x_wconf 78' lang='lat' dir='ltr'>milia</span> <span class='ocrx_word' id='word_1_471' title='bbox 964 4083 1161 4131; x_wconf 84' lang='lat' dir='ltr'>passus.</span> <span class='ocrx_word' id='word_1_472' title='bbox 1214 4064 1277 4115; x_wconf 90' lang='lat' dir='ltr'>In</span> <span class='ocrx_word' id='word_1_473' title='bbox 1301 4064 1595 4132; x_wconf 75' lang='lat' dir='ltr'>lonqitudine</span> <span class='ocrx_word' id='word_1_474' title='bbox 1618 4075 1797 4116; x_wconf 83' lang='lat' dir='ltr'>centum</span> <span class='ocrx_word' id='word_1_475' title='bbox 1820 4066 1991 4131; x_wconf 77' lang='lat' dir='ltr'>viyinti</span> <span class='ocrx_word' id='word_1_476' title='bbox 2011 4067 2164 4130; x_wconf 84' lang='lat' dir='ltr'>milia,</span> <span class='ocrx_word' id='word_1_477' title='bbox 2187 4069 2247 4118; x_wconf 91' lang='lat' dir='ltr'>P.</span> <span class='ocrx_word' id='word_1_478' title='bbox 2286 4109 2350 4117; x_wconf 87' lang='grc'><strong>-.</strong></span> <span class='ocrx_word' id='word_1_479' title='bbox 2385 4068 2500 4119; x_wconf 89' lang='lat' dir='ltr'>Non</span> <span class='ocrx_word' id='word_1_480' title='bbox 2525 4067 2609 4118; x_wconf 80' lang='lat' dir='ltr'>de·</span> 
     </span>
     <span class='ocr_line' id='line_1_44' title="bbox 360 4129 2607 4198; baseline 0.001 -15"><span class='ocrx_word' id='word_1_481' title='bbox 360 4143 640 4195; x_wconf 51' lang='lat' dir='ltr'>sunt‘vero,</span> <span class='ocrx_word' id='word_1_482' title='bbox 677 4136 724 4184; x_wconf 85' lang='lat' dir='ltr'>d.</span> <span class='ocrx_word' id='word_1_483' title='bbox 770 4134 867 4184; x_wconf 72' lang='lat' dir='ltr'>nor&#39;i</span> <span class='ocrx_word' id='word_1_484' title='bbox 890 4134 1025 4194; x_wconf 78' lang='lat' dir='ltr'>desit,</span> <span class='ocrx_word' id='word_1_485' title='bbox 1065 4134 1129 4183; x_wconf 89' lang='grc' dir='ltr'>Β.</span> <span class='ocrx_word' id='word_1_486' title='bbox 1176 4132 1390 4184; x_wconf 84' lang='lat' dir='ltr'>Nomina</span> <span class='ocrx_word' id='word_1_487' title='bbox 1422 4149 1534 4183; x_wconf 85' lang='lat' dir='ltr'>vero</span> <span class='ocrx_word' id='word_1_488' title='bbox 1568 4129 1755 4196; x_wconf 84' lang='lat' dir='ltr'>desunt,</span> <span class='ocrx_word' id='word_1_489' title='bbox 1788 4135 1847 4186; x_wconf 90' lang='lat' dir='ltr'>P.</span> <span class='ocrx_word' id='word_1_490' title='bbox 1885 4176 1948 4185; x_wconf 82' lang='lat'>..</span> <span class='ocrx_word' id='word_1_491' title='bbox 1983 4136 2136 4185; x_wconf 86' lang='lat' dir='ltr'>maris</span> <span class='ocrx_word' id='word_1_492' title='bbox 2167 4135 2454 4198; x_wconf 81' lang='lat' dir='ltr'>universum,</span> <span class='ocrx_word' id='word_1_493' title='bbox 2488 4137 2607 4186; x_wconf 84' lang='grc' dir='ltr'>ΒΡ.</span> 
     </span>
     <span class='ocr_line' id='line_1_45' title="bbox 365 4199 1113 4262; baseline 0.001 -12"><span class='ocrx_word' id='word_1_494' title='bbox 365 4199 521 4250; x_wconf 82' lang='lat' dir='ltr'>maris</span> <span class='ocrx_word' id='word_1_495' title='bbox 545 4216 675 4250; x_wconf 84' lang='lat' dir='ltr'>nunc</span> <span class='ocrx_word' id='word_1_496' title='bbox 698 4200 984 4262; x_wconf 81' lang='lat' dir='ltr'>universum,</span> <span class='ocrx_word' id='word_1_497' title='bbox 1007 4203 1113 4251; x_wconf 86' lang='lat' dir='ltr'>Td.</span> 
     </span>
    </p>

    <p class='ocr_par' dir='ltr' id='par_1_7' title="bbox 429 4265 2607 4332">
     <span class='ocr_line' id='line_1_46' title="bbox 429 4265 2607 4332; baseline 0.001 -16"><span class='ocrx_word' id='word_1_498' title='bbox 429 4265 460 4326; x_wconf 66' lang='grc' dir='ltr'>ξ</span> <span class='ocrx_word' id='word_1_499' title='bbox 486 4272 566 4316; x_wconf 85' lang='grc'>38.</span> <span class='ocrx_word' id='word_1_500' title='bbox 604 4267 746 4326; x_wconf 76' lang='lat' dir='ltr'>artis,</span> <span class='ocrx_word' id='word_1_501' title='bbox 771 4269 930 4319; x_wconf 84' lang='lat' dir='ltr'>RPd.</span> <span class='ocrx_word' id='word_1_502' title='bbox 976 4270 1119 4317; x_wconf 86' lang='lat' dir='ltr'>Haec</span> <span class='ocrx_word' id='word_1_503' title='bbox 1155 4271 1311 4331; x_wconf 87' lang='lat' dir='ltr'>petita</span> <span class='ocrx_word' id='word_1_504' title='bbox 1345 4277 1462 4318; x_wconf 87' lang='lat' dir='ltr'>sunt</span> <span class='ocrx_word' id='word_1_505' title='bbox 1496 4284 1562 4318; x_wconf 82' lang='lat' dir='ltr'>cx</span> <span class='ocrx_word' id='word_1_506' title='bbox 1592 4269 1733 4321; x_wconf 80' lang='lat' dir='ltr'>Mela</span> <span class='ocrx_word' id='word_1_507' title='bbox 1763 4269 1877 4320; x_wconf 90' lang='grc' dir='ltr'><strong>ΙΙΙ.·</strong></span> <span class='ocrx_word' id='word_1_508' title='bbox 1899 4276 1944 4332; x_wconf 85' lang='grc'>5,</span> <span class='ocrx_word' id='word_1_509' title='bbox 1970 4277 2016 4319; x_wconf 86' lang='grc'>3.</span> <span class='ocrx_word' id='word_1_510' title='bbox 2055 4312 2117 4320; x_wconf 86' lang='grc'>.-</span> <span class='ocrx_word' id='word_1_511' title='bbox 2157 4281 2212 4332; x_wconf 80' lang='lat' dir='ltr'>et,</span> <span class='ocrx_word' id='word_1_512' title='bbox 2234 4271 2451 4321; x_wconf 81' lang='lat' dir='ltr'>RTPd.</span> <span class='ocrx_word' id='word_1_513' title='bbox 2490 4271 2607 4322; x_wconf 87' lang='lat' dir='ltr'>Om.</span> 
     </span>
    </p>
   </div>
  </div>
 </body>
</html>
