2961 4861
420 326 548 390 370
1126 341 1533 389 nummus
1578 341 1970 389 ms'romAs

416 494 758 559 cohaerent
786 489 1293 579 Mesopotamiae
1328 490 1915 556 Rhoan-vocantur.
1974 490 2071 554 At
2108 491 2177 556 in
2204 487 2402 575 Syria
2428 494 2709 579 oppida

415 592 771 680 Europum,
832 592 1237 677 Thapsacum
1290 591 1634 674 quondam,
1689 614 1864 656 nunc
1905 590 2333 678 Amphipolis.
2406 593 2706 660 Arabes

420 692 743 761 Scenitae.
813 692 917 757 Ita
975 693 1182 758 fertur
1233 712 1437 774 usque
1480 690 1687 756 Uram
1737 693 1968 769 locum,
2025 692 2095 756 i1i
2144 713 2272 776 quo
2314 714 2704 761 conversus

414 795 499 860 ad
550 795 861 865 orientem
915 791 1217 876 relinquit
1273 790 1505 874 Syriae
1561 790 1980 875 Palmyrenae
2052 792 2426 859 solitudines
2504 816 2701 878 quae

413 915 618 980 usque
662 894 748 957 ad
785 891 1050 957 Petram
1092 891 1320 958 urbem
1367 902 1434 956 et
1472 891 1808 978 regionem
1848 893 2132 959 Arabiae
2182 892 2391 959 felicis
2434 897 2696 980 appel*

410 995 579 1057 latae
621 992 965 1078 pertinent.

494 1092 728 1159 XXV.
796 1091 1105 1176 Palmyra
1153 1092 1311 1157 urbs
1367 1091 1602 1157 nobilis
1658 1093 1816 1170 situ,
1883 1093 2127 1158 divitiis
2186 1093 2304 1161 soli
2358 1104 2426 1159 et
2481 1096 2691 1180 aquis
2720 1118 2793 1162 ss

413 1193 726 1272 amoenis,
772 1188 957 1259 vasto
999 1193 1286 1278 undique
1330 1193 1575 1259 ambitu
1617 1192 1876 1259 harenis
1904 1193 2177 1259 includit
2202 1214 2392 1282 agros
2421 1218 2501 1262 ac
2529 1199 2684 1264 vel-

411 1305 487 1379 ut
530 1295 717 1361 terris
763 1304 1064 1380 exempta
1106 1317 1146 1358 a
1184 1315 1399 1358 rerum
1454 1303 1715 1371 natura,
1773 1294 2028 1379 privata
2080 1305 2252 1360 sorte
2309 1295 2480 1361 inter
2540 1297 2684 1364 duo

410 1396 660 1481 inperia
718 1417 965 1460 summa
1007 1394 1441 1460 Romanorum
1480 1391 1998 1478 Parthorumque
2043 1404 2109 1460 et
2148 1396 2361 1482 prima
2401 1397 2470 1462 in
2529 1398 2677 1465 dis·-

412 1495 630 1561 cordia
685 1516 938 1580 semper
979 1493 1300 1578 utrimque
1346 1515 1531 1572 cura,
1588 1494 1772 1561 abest
1814 1495 1897 1561 ab
1940 1491 2241 1562 Seleucia
2276 1496 2676 1567 Parthorum

415 1617 580 1680 quae
623 1606 889 1661 vocatur
931 1594 1017 1660 ad
1057 1594 1308 1683 Tigrim
1347 1615 1705 1659 cccxxxvn
1747 1595 1879 1660 mil.
1920 1617 2011 1681 p.,
2069 1619 2109 1660 a
2150 1617 2467 1683 proxumo
2509 1622 2672 1666 vero

418 1696 648 1784 Syriae
689 1698 877 1764 litore
921 1717 1073 1761 com
1113 1695 1371 1762 milibus
1416 1706 1484 1760 et
1524 1719 1564 1759 a
1605 1695 1928 1762 Damasco
1970 1718 2157 1761 xxvn
2198 1699 2488 1783 propius.

497 1797 766 1864 XXVI.
831 1797 1016 1863 Infra
1053 1794 1395 1880 Palmyrae
1452 1796 1831 1863 solitudines
1876 1793 2271 1867 Stelendena
2326 1801 2511 1887 regio
2566 1811 2667 1865 est
2696 1824 2770 1869 ss

414 1899 754 1981 dictaeque
796 1898 928 1983 iam
968 1895 1338 1980 Hierapolis
1397 1917 1472 1960 ac
1514 1894 1766 1960 Beroea
1808 1907 1874 1960 et
1917 1894 2196 1963 Chalcis.
2236 1904 2241 1907 ⁴
2271 1896 2465 1971 Ultra
2504 1899 2662 1966 Pal-

413 2019 663 2081 myram
717 2016 973 2080 quoque
1025 2017 1110 2059 ex
1163 1994 1614 2060 solitudinibus
1667 1994 1748 2060 iis
1802 1996 2045 2080 aliquid
2096 1998 2349 2083 optinet
2397 1998 2658 2080 Emesa,

411 2099 568 2163 item
609 2096 914 2173 Elatium,
973 2095 1254 2189 dimidio⁸
1291 2097 1555 2182 propior
1594 2094 1829 2162 Petrae
1890 2120 2084 2183 quam
2133 2098 2517 2166 Damascus.
2592 2102 2660 2166 A

414 2197 585 2264 Sura
627 2208 843 2264 autem
886 2217 1198 2282 proxume
1243 2207 1341 2261 est
1382 2196 1757 2276 Philiscum,
1804 2198 2113 2288 oppidum
2148 2198 2536 2267 Parthorum
2577 2203 2662 2268 ad

416 2299 814 2386 Euphraten.
860 2297 971 2362 Ab
1016 2319 1090 2362 eo
1137 2294 1502 2361 Seleuciam
1545 2296 1792 2362 dierum
1820 2321 1867 2361 x
1895 2298 2224 2386 navigatio
2270 2301 2661 2387 totidemque

418 2403 555 2468 fere
598 2400 1017 2485 Babylonem.
1064 2394 1397 2463 Scinditur
1423 2395 1796 2483 Euphrates
1838 2420 1891 2463 a-
1919 2397 2272 2486 Zeugmate
2313 2423 2664 2468 anxxxrv

417 2504 676 2569 milibus
719 2524 784 2586 p.
835 2501 1005 2565 circa
1045 2500 1260 2564 vicum
1300 2498 1628 2563 Massicen
1682 2508 1746 2563 et
1797 2509 1979 2586 parte
2020 2500 2204 2566 laeva
2242 2502 2312 2567 in
2351 2501 2662 2592 Mesopo-

486 2657 515 2717 ξ
542 2661 621 2707 87.
656 2656 927 2714 cohaerent,
950 2654 1060 2707 Da.
1097 2649 1334 2713 cohaeret,
1356 2653 1480 2702 ΒΤ.
1516 2650 1780 2715 coherceret,
1805 2655 1852 2703 d.
1881 2694 1945 2704 ...
1971 2651 2172 2717 Rhodi,
2194 2657 2301 2708 Da.
2348 2655 2575 2722 rohocch,
2598 2660 2665 2712 R.

422 2722 589 2784 Rhoa,
613 2723 674 2773 T.
711 2720 899 2781 Rohoa,
924 2722 972 2770 d.
1011 2759 1075 2768 ...
1109 2729 1362 2780 vocantur,
1385 2721 1550 2770 RDa.
1588 2729 1810 2782 vocatur,
1833 2722 1937 2772 Td.
1974 2762 2037 2771 -
2079 2721 2237 2803 Syrie,
2261 2726 2309 2774 d.
2356 2765 2418 2773 -..
2471 2725 2665 2792 Tapsa-

421 2824 543 2868 cum,
567 2821 617 2856 σ.
656 2847 718 2855 .-.
756 2802 1002 2865 Scenitae,
1024 2804 1231 2853 Bai-bar.
1255 2802 1405 2853 Dad.
1442 2802 1719 2866 Scaenitae,
1742 2818 1791 2855 σ.
1831 2802 2050 2866 Cenitae,
2072 2806 2136 2856 R.
2174 2845 2239 2856 ...
2284 2807 2438 2870 Πναη,
2461 2812 2511 2860 d.

487 2874 518 2935 ἕ
541 2882 625 2926 88.
663 2873 807 2933 dives,
831 2872 921 2922 Νι.
958 2911 1022 2921 ...
1058 2868 1194 2931 solis,
1219 2871 1268 2919 d.
1296 2910 1361 2920 ....
1396 2880 1550 2932 vasto,
1571 2872 1763 2923 DTad
1785 2869 1971 2935 (Rob.)
2007 2882 2169 2935 vasta,
2192 2869 2336 2935 1³²ss.
2373 2876 2549 2939 vastia,
2572 2878 2667 2929 12¹.

423 2984 487 2993 ...
522 2939 809 2999 includitur,
833 2942 881 2989 d.
936 2978 1000 2988 ...
1050 2946 1197 2998 sorte,
1224 2952 1325 2987 om.
1349 2939 1399 2989 N
1410 2940 1440 2988 ¹.
1496 2978 1560 2988 ..
1612 2938 1752 2988 cuius
1776 2955 1978 3001 semper,
2001 2940 2093 2990 N2.
2143 2980 2209 2989 .-.
2262 2941 2472 3005 utrique,
2491 2945 2562 2994 D.
2601 2985 2667 2994 .-

425 3013 505 3070 ab,
528 3012 636 3061 Rd.
691 3026 740 3068 a,
764 3003 966 3070 Dassr.
1022 3046 1085 3056 -
1148 3005 1341 3068 Tiqrin,
1363 3000 1422 3066 β.
1476 3046 1539 3054 -.
1602 3005 2048 3064 CCCXXXVII,
2080 2998 2211 3057 Gar.
2251 3005 2566 3074 CCCXXX
2574 3010 2669 3072 VI,

421 3079 544 3128 RD.
586 3073 894 3126 CCCXXX
903 3074 960 3135 V,
985 3075 1090 3123 Td.
1135 3069 1536 3125 CCCCGXXX
1543 3072 1668 3134 VII,
1688 3069 1747 3133 β.
1786 3112 1850 3122 ...
1890 3070 2079 3135 CCIII,
2103 3075 2400 3127 RDTadr.
2442 3075 2668 3140 CCLLl,

420 3139 479 3203 β.
518 3184 582 3193 -,
613 3142 857 3207 proprius,
882 3143 946 3192 R.
981 3142 1186 3193 Novum
1209 3148 1363 3203 caput
1383 3141 1448 3189 ab
1470 3141 1569 3189 hac
1590 3155 1715 3190 voce
1737 3141 1915 3203 incipit
1936 3157 1976 3191 r.

490 3212 519 3272 ξ
545 3215 626 3259 89.
681 3207 991 3268 Stelendena,
1014 3210 1119 3258 Da.
1181 3205 1470 3267 Telendena,
1506 3207 1570 3256 R.
1631 3205 1936 3269 Tellendena,
1971 3209 2021 3257 d.
2074 3205 2385 3272 Stelenclena,
2415 3212 2553 3263 Rob.
2600 3252 2667 3263 .-

423 3274 697 3336 dictaeque,
720 3276 870 3325 RDa
892 3272 1065 3336 (codd.
1087 3272 1342 3335 Barbari.)
1378 3273 1622 3337 dictaque,
1644 3290 1684 3324 r.
1721 3273 1851 3325 dicta
1906 3290 2014 3337 uae,
2039 3276 2086 3326 d.
2120 3277 2240 3326 vid.
2267 3276 2296 3337 ἓ
2322 3284 2402 3328 82.
2438 3317 2504 3328 ...
2538 3279 2668 3330 Hie-

426 3340 627 3405 ropoliS,
650 3342 740 3391 R'.
789 3380 850 3389 ...
896 3339 968 3389 At
992 3355 1105 3390 vero
1129 3355 1192 3389 ea
1216 3348 1262 3389 et
1291 3338 1490 3391 Calchis
1512 3339 1662 3402 ultra,
1685 3358 1726 3391 r.
1774 3381 1838 3391 ....
1918 3341 1978 3403 is,
2002 3344 2050 3393 d.
2096 3382 2159 3391 -.
2206 3341 2433 3406 Hemesa,
2458 3340 2560 3406 σβ.
2599 3387 2666 3397 -

422 3408 534 3458 item
554 3406 796 3467 Elatium,
829 3409 976 3457 codd.
1008 3407 1234 3457 Barbari.
1290 3406 1630 3469 themelatium,
1654 3409 1816 3459 RDa.
1872 3408 2173 3468 temelatium,
2197 3413 2245 3461 d.
2300 3451 2364 3461 ...
2408 3415 2665 3476 proprior,

423 3478 486 3526 R.
524 3514 587 3523 -.
622 3472 916 3534 Damasco-⁹,
939 3475 1101 3524 RTd.
1138 3513 1204 3522 .-.
1237 3472 1288 3522 Α
1312 3473 1466 3536 Sura,
1491 3475 1648 3524 Hard.
1670 3477 1820 3527 Dad.
1865 3474 2051 3537 Asara,
2077 3478 2123 3526 Τ
2150 3475 2322 3538 (codd.
2344 3477 2581 3542 Bai-bar.)
2601 3476 2664 3542 β.

421 3542 605 3602 Asure,
629 3543 718 3592 R2.
761 3540 913 3601 Asur,
937 3542 1027 3591 R'.
1070 3538 1236 3589 Assur
1284 3532 1339 3589 Θ.
1384 3538 1572 3602 Arum,
1596 3555 1643 3590 σ.
1681 3583 1743 3592 ..
1776 3542 2008 3605 proxime,
2031 3545 2141 3594 RD
2161 3537 2299 3596 θοὰ.
2329 3546 2574 3611 proxima,
2599 3549 2662 3600 T.

424 3649 490 3659 -.
524 3607 799 3660 Philiscum
821 3606 1066 3671 oppidum,
1091 3607 1197 3658 RD
1217 3575 1312 3655 ba.
1348 3605 1564 3657 Philisco
1589 3608 1783 3672 oppido,
1808 3611 1911 3660 Td.
1956 3650 2022 3661 -
2065 3610 2375 3676 Euphraten,
2397 3616 2507 3665 nd.
2552 3612 2663 3664 Ε..-

417 3678 656 3741 phratem,
679 3670 881 3738 Rassr.
908 3715 972 3723 ...
995 3672 1266 3739 Babylone,
1289 3674 1396 3723 Rd.
1421 3714 1486 3723 .-
1513 3672 1785 3738 Scinditur,
1808 3677 1931 3727 RD.
1969 3677 2221 3728 Scinditur
2245 3679 2384 3741 enim,
2410 3675 2659 3734 OSTad.

426 3783 490 3792 ...
524 3741 910 3794 DLXXXXI
918 3741 975 3803 V,
999 3742 1163 3791 RDa.
1198 3740 1631 3802 DLXXXIIII,
1657 3745 1761 3794 Td.
1794 3742 2197 3808 DLXXXIII,
2229 3739 2285 3796 Θ.
2326 3746 2660 3810 LXXXIV,

423 3812 519 3859 her.
558 3810 797 3877 octoqinta
821 3809 991 3871 tribus,
1013 3803 1072 3870 β.
1112 3848 1175 3857 -.
1211 3807 1347 3859 circa
1365 3808 1538 3871 vicum,
1560 3811 1667 3861 RD
1680 3814 1794 3861 a2d.
1839 3810 2020 3862 circum
2042 3813 2212 3873 vicum,
2237 3816 2300 3865 Τ.
2345 3815 2462 3866 Om.
2486 3817 2557 3865 a¹.
2594 3856 2660 3867 -

424 3874 671 3938 Masicen,
693 3879 756 3928 R.
812 3874 1066 3938 Masicem,
1096 3876 1230 3950 Robg
1283 3915 1348 3926 ....
1400 3874 1532 3940 lffia,
1561 3878 1626 3928 R.
1681 3916 1741 3927 ...
1798 3878 1949 3940 circa,
1977 3880 2045 3928 D.
2099 3878 2268 3944 cirq;.,
2300 3883 2361 3933 R.
2414 3882 2660 3946 circaque,

432 3936 615 3994 &Tae
638 3940 822 4005 (Rob.)
856 3983 921 3994 ...
960 3943 1124 4007 tyr-idi.
1149 3943 1403 4004 exteriore,
1427 3947 1475 3994 d.
1592 3991 1599 3994 7

492 4009 522 4069 ξ
548 4016 626 4062 90.
664 4020 831 4072 autem,
855 4011 1145 4061 RDN²ad.
1199 4010 1323 4070 hinc,
1347 4013 1437 4063 N¹.
1489 4050 1555 4061 .-.
1613 4009 1977 4074 ocrim,R¹N².
2036 4012 2236 4076 Othrim,
2259 4018 2347 4068 R2.
2385 4013 2660 4080 Mothtn'm,

423 4075 489 4125 D.
525 4076 703 4137 Mami,
739 4078 811 4126 a¹.
850 4074 993 4138 Moti,
1024 4077 1158 4128 Rob.
1204 4076 1439 4139 Mestum,
1471 4081 1545 4128 αἳ.
1588 4076 1815 4141 ΜοτΙιίηι,
1849 4081 1897 4129 d.
1939 4079 2172 4142 IncotiaS,
2196 4084 2287 4133 N1.
2336 4081 2474 4148 Opia,
2498 4085 2657 4136 Hem-

425 4143 578 4191 sterh.
602 4146 668 4193 ad
689 4144 898 4193 Lucian.
922 4145 1146 4206 Necyon.
1173 4151 1220 4195 9.
1244 4160 1295 4208 p.
1317 4151 1434 4196 345.
1455 4146 1572 4209 Bip.
1627 4184 1691 4195 -
1743 4156 1848 4206 aut,
1871 4148 1936 4197 R.
1991 4186 2056 4197 ...
2106 4149 2267 4210 status,
2301 4151 2450 4202 RDa
2472 4148 2657 4214 (Rob.)

425 4208 653 4269 aestatis,
676 4210 767 4258 Td
790 4208 1003 4270 (Dicuil.
1026 4211 1123 4260 VI.
1149 4219 1196 4271 4,
1221 4210 1295 4273 2.)
1332 4251 1396 4262 .-
1426 4213 1642 4276 paulum,
1665 4214 1813 4265 RDa
1835 4210 2016 4278 (Rob.)
2091 4215 2321 4278 antalam,
2352 4220 2387 4269 d
2418 4215 2661 4282 (Dicuil.)

423 4269 482 4334 β.
535 4274 801 4336 Excerpsit
824 4276 965 4336 hunc
983 4276 1154 4328 locum
1178 4277 1339 4329 Solin.
1365 4282 1446 4338 37,
1471 4285 1519 4329 2.
1574 4319 1637 4330 ...
1691 4297 1765 4341 ac,
1796 4281 2014 4335 R²Dad
2071 4280 2228 4345 Rob.)
2281 4302 2330 4346 a,
2354 4286 2445 4337 R'.
2496 4286 2560 4336 ab
2582 4299 2653 4347 eo,
