2961 4861
972 338 1115 387 mn.
1145 340 1240 387 ιν.
1301 338 1455 385 cAP.
1487 339 1611 386 111.
1675 337 1871 385 snc'r.
1900 340 1965 383 26.
2468 315 2594 380 313

350 490 585 557 isthmo
629 487 740 573 qui
782 490 960 555 locus
1004 487 1305 576 Taphrae
1349 499 1617 554 vocatur
1658 488 1741 552 ad
1782 510 1855 553 os
1896 486 2170 573 Bospori
2214 507 2377 552 conx
2416 508 2485 551 u.
2531 507 2596 572 p.

351 590 683 679 longitudo
741 588 1079 677 colligitur.
1153 588 1222 652 A
1282 586 1561 673 Taphris
1616 610 1735 673 per
1800 587 2233 654 continentem
2288 586 2600 651 introrsus
2626 604 2692 649 ss

355 701 574 756 tenent
623 689 964 755 Auchetae
1021 687 1198 775 apud
1251 710 1413 772 quos
1468 687 1771 773 Hypanis
1826 688 2028 753 oritur
2041 737 2059 768 ,
2120 686 2377 752 Neuroe
2428 684 2605 771 apud

354 814 516 878 quos
544 789 1002 874 Borysthenes,
1051 786 1305 867 Geloni,
1352 788 1823 877 Thyssagetae,
1868 788 2133 866 Rudini,
2178 787 2505 853 Basilidas
2540 796 2607 852 et

358 893 653 959 caeruleo
696 890 923 976 capillo
964 888 1342 975 Agathyrsi.
1400 886 1614 975 Super
1657 911 1765 955 eos
1806 889 2151 967 Nomades,
2198 888 2430 954 deinde
2459 881 2606 950 An-

355 991 783 1080 thropophagi
799 1039 817 1070 ,
884 1012 925 1054 a
972 988 1160 1077 Bu'ge
1215 1011 1368 1054 vero
1428 1011 1624 1075 super
1680 988 1997 1056 Maeotim
2054 986 2475 1055 Sauromatae
2545 997 2612 1051 et

355 1094 746 1160 Essedones.
792 1091 889 1156 At
929 1111 1048 1175 per
1091 1110 1269 1154 oram
1311 1089 1396 1154 ad
1439 1088 1713 1154 Tanaim
1755 1111 1961 1174 usque
2003 1088 2327 1167 Maeotae,
2384 1110 2425 1153 a
2466 1088 2609 1172 qui-

358 1192 482 1258 bus
524 1195 704 1258 lacus
745 1212 979 1257 nomen
1018 1190 1286 1277 accepit,
1330 1189 1669 1273 ultimique
1712 1211 1751 1253 a
1796 1199 1976 1277 tergo
2006 1211 2224 1257 eorum
2254 1188 2609 1272 Arimaspi.

358 1293 524 1359 Mox
565 1291 797 1378 Ripaei
850 1300 1097 1355 montes
1155 1300 1221 1356 et
1273 1289 1544 1355 adsiduo
1597 1290 1764 1355 nivis
1808 1311 1963 1356 casu
2005 1290 2344 1376 pinnarum
2387 1288 2613 1355 simili-

363 1393 586 1461 tudine
629 1390 1062 1477 Pterophoros
1119 1390 1439 1477 appellata
1490 1390 1694 1477 regi0,
1751 1412 1904 1474 pars
1956 1390 2180 1456 mundi
2235 1390 2534 1455 damnata
2577 1411 2618 1451 a

360 1516 578 1561 rerum
631 1502 862 1558 natura
915 1501 980 1557 et
1033 1489 1236 1556 densa
1284 1510 1499 1554 mersa
1550 1483 1823 1576 ealigine
1881 1512 2091 1575 neque
2134 1491 2202 1555 in
2257 1490 2380 1556 alio
2426 1511 2619 1573 quam

361 1594 595 1683 rigoris
649 1614 845 1680 opere
898 1591 1263 1680 gelidisque
1325 1589 1644 1674 aquilonis
1701 1590 2196 1676 conceptaculis.
2269 1589 2453 1656 Pone
2509 1611 2618 1654 eos
2646 1608 2710 1654 ss

364 1695 596 1761 montis
637 1694 933 1778 ultraque
977 1690 1342 1776 aquilonem
1370 1710 1531 1777 gens
1561 1689 1720 1755 felix
1750 1689 1840 1775 (si
1868 1690 2241 1774 credimus),
2275 1710 2437 1774 quos
2466 1687 2618 1774 Hy-

365 1796 712 1881 perboreos
755 1792 1188 1877 appellavere,
1233 1810 1472 1855 annoso
1502 1788 1686 1876 degit.
1712 1810 1892 1868 aem,
1939 1789 2249 1855 fabulosis
2295 1789 2621 1855 celebrata

364 1895 709 1962 miraculis.
754 1892 858 1958 Ibi
902 1890 1253 1957 creduntur
1294 1910 1437 1956 esse
1482 1888 1774 1954 cardines
1816 1890 2041 1956 mundi
2085 1890 2484 1974 extremique
2528 1889 2616 1955 si-

369 1996 598 2062 derum
650 1993 952 2071 ambitus,
1008 1990 1300 2057 semestri
1341 1991 1486 2056 luce
1530 1999 1597 2054 et
1637 2010 1768 2054 una
1811 1989 1917 2056 die
1976 1989 2127 2056 solis
2169 1990 2401 2068 aversi,
2461 2011 2615 2070 non,

369 2108 445 2163 ut
484 2094 742 2181 inperiti
788 2092 1031 2170 dixere,
1080 2091 1162 2157 ab
1208 2088 1611 2176 aequinoctio
1641 2111 1839 2155 verno
1867 2089 1935 2155 in
1963 2099 2359 2156 autumnum.
2404 2087 2625 2157 Semel

370 2201 439 2264 in
481 2220 651 2264 anno
696 2194 964 2262 solstitio
1007 2193 1303 2259 oriuntur
1341 2191 1425 2258 iis
1467 2191 1638 2258 soles
1679 2191 2036 2278 brumaque
2068 2192 2268 2261 semel
2294 2191 2620 2261 occidunt.

374 2388 505 2451 tudo,
526 2387 662 2439 Pint.
700 2425 764 2437 ...
798 2384 1107 2443 Hermisium,
1131 2381 1243 2446 Ap.
1287 2378 1628 2441 Ther-mesiam,
1653 2383 1700 2430 d.
1744 2380 2055 2445 Termesiuvn,
2078 2382 2143 2432 Β.
2182 2422 2245 2434 ....
2293 2380 2625 2448 Myrmecium,

370 2457 576 2507 Barbar.
603 2457 694 2519 dp.
743 2450 1068 2512 Mirmecium,
1091 2450 1218 2500 ΒΑ.
1265 2488 1330 2498 ...
1373 2459 1435 2510 et,
1458 2449 1731 2511 BApo.
1769 2449 1946 2499 Omitt.
1970 2444 2071 2514 βγ.
2110 2488 2174 2499 .-
2217 2448 2521 2516 Αῑορενίαπι,
2554 2453 2625 2501 K.

371 2565 435 2573 .-
462 2521 696 2583 Maeotin,
718 2520 787 2571 A.
814 2517 1072 2578 Macotem,
1096 2518 1203 2567 Rd.
1232 2515 1490 2575 imacotem,
1507 2530 1558 2578 p.
1584 2515 1692 2566 Nos
1714 2515 1936 2565 litteram
1958 2532 2003 2564 m
2024 2518 2333 2568 restituimus
2356 2533 2385 2569 e
2403 2518 2627 2583 vestigiis

372 2591 625 2640 codicum.
663 2628 728 2638 -.
763 2585 980 2647 isthemo,
1003 2586 1092 2635 R'.
1137 2591 1307 2645 stamo,
1330 2582 1400 2633 A.
1449 2622 1514 2631 -
1569 2580 1784 2646 Tap-ae,
1807 2582 1877 2633 A.
1933 2582 2114 2648 Tapre,
2136 2585 2226 2636 3².
2279 2584 2402 2650 Tap,
2426 2586 2517 2637 Βῐ.
2555 2626 2620 2634 -.

373 2672 446 2723 ad
466 2690 537 2734 os,
559 2672 629 2723 A.
665 2673 744 2733 ab,
766 2672 830 2723 Β.
857 2670 941 2732 ad,
965 2685 1015 2734 p.
1053 2668 1117 2719 ab
1142 2682 1241 2728 ore,
1266 2668 1372 2717 Td.
1409 2706 1474 2716 .-
1511 2662 1741 2730 Hesperi,
1765 2666 1830 2717 Β.
1869 2707 1932 2716 ...
1973 2664 2133 2728 GC'X',
2158 2667 2221 2719 Β.

439 2738 470 2800 5
497 2746 578 2791 88.
620 2737 687 2799 Α,
710 2739 776 2789 A.
824 2738 1003 2789 Omitt.
1027 2737 1135 2786 Rd.
1184 2775 1247 2784 ...
1299 2732 1533 2799 Thapris,
1565 2734 1656 2782 Βῑ.
1703 2774 1766 2783 ....
1810 2731 2083 2798 Auchetae,
2113 2735 2183 2787 A.
2226 2734 2528 2797 Auchaetae,
2561 2739 2624 2789 Β.

370 2805 616 2867 micheae,
639 2807 744 2857 Td.
799 2845 862 2854 ...
914 2802 1141 2869 Hypanis
1167 2843 1229 2852 -.
1255 2818 1378 2866 quos
1419 2815 1524 2850 om.
1550 2802 1597 2850 d.
1652 2841 1716 2850 -
1767 2799 1981 2862 Neuroe,
2011 2803 2220 2853 Barbar.
2255 2805 2323 2854 R.
2372 2801 2622 2865 Neuroae,

369 2874 528 2926 A2K.
581 2873 804 2932 Neurae,
836 2871 932 2922 A¹.
983 2869 1166 2932 Nem-i,
1197 2865 1299 2933 βγ.
1355 2908 1419 2918 -.
1480 2867 1846 2933 Thyssayetae,
1878 2869 1951 2917 ita
1981 2870 2299 2920 scribendum
2334 2886 2401 2921 ex
2435 2871 2624 2922 Herod.

373 2948 423 3002 4,
447 2947 529 2990 22.
573 2939 878 3002 Tissaqetae,
899 2937 969 2988 A.
1014 2936 1349 2998 ssissayetae,
1369 2936 1436 2985 Β.
1483 2935 1820 2998 Tauqasetae‚
1843 2948 1891 2984 σ.
1946 2934 2268 2999 Tussayetae,
2292 2933 2441 3001 ᾶβν.
2495 2936 2626 2988 Thu-

373 3017 583 3072 saqetae,
605 3006 814 3057 Barbar.
853 3042 915 3053 ....
948 3002 1141 3062 Batini,
1166 3003 1214 3051 d.
1261 3040 1323 3051 ...
1368 2999 1648 3067 Ayarcissi,
1670 3003 1733 3051 Β.
1781 3040 1845 3050 -.
1892 2999 2080 3062 deinde,
2103 3003 2272 3053 RAo.
2320 3000 2449 3062 dein,
2476 2999 2565 3065 ᾶβ
2573 3017 2624 3068 r.

375 3114 438 3123 ...
475 3090 526 3135 a,
551 3089 653 3122 om.
677 3075 739 3122 Β.
796 3111 859 3121 ...
910 3069 1072 3136 Buqe,
1096 3070 1195 3120 Tr.
1247 3069 1404 3129 Buce,
1427 3069 1598 3119 RAd.
1647 3107 1711 3116 -
1767 3067 2124 3126 vero,ATdr.
2162 3068 2339 3120 Omitt.
2362 3065 2523 3132 Ββγ.
2561 3110 2626 3120 .-

374 3138 634 3201 Maeotim,
657 3138 764 3189 Rd.
798 3136 1041 3198 Maeotin,
1062 3131 1228 3199 Assr.
1266 3175 1329 3185 -
1367 3134 1699 3193 Hessedones‚
1722 3146 1770 3181 σ.
1809 3173 1873 3182 -.
1907 3132 2009 3195 Aa,
2032 3137 2096 3185 Β.
2138 3174 2195 3182 ..
2237 3150 2344 3194 ora,
2368 3137 2431 3187 Β.
2456 3176 2521 3185 -.
2557 3135 2631 3199 ad

380 3207 610 3270 Tanaim,
632 3206 701 3257 A.
737 3204 925 3266 adtam,
948 3206 1011 3254 Β.
1049 3203 1293 3264 attanain‚
1317 3204 1366 3252 d.
1421 3200 1645 3263 Tanaim,
1671 3215 1854 3263 operae
1876 3200 2034 3260 Hard.
2060 3210 2111 3251 et
2131 3203 2328 3252 Broter.
2355 3242 2418 3252 -
2445 3219 2496 3264 a,
2519 3204 2625 3254 Rd.

372 3276 437 3335 in,
460 3275 529 3326 A.
568 3315 632 3325 -.
669 3273 831 3334 iacus‚
853 3275 917 3325 Β.
956 3312 1019 3322 ...
1055 3268 1253 3334 accipit,
1274 3270 1344 3320 A.
1384 3308 1447 3317 -.
1483 3278 1674 3331 uroque,
1698 3268 1788 3316 ΒῙ.
1826 3276 2039 3331 utroque,
2062 3270 2152 3318 R2.
2177 3309 2240 3319 -
2280 3285 2315 3317 a
2340 3278 2489 3335 temo,
2514 3272 2624 3321 Rd.

372 3351 554 3406 terayo,
571 3343 640 3392 A.
679 3381 742 3390 ...
775 3337 1019 3400 Arimasi,
1041 3338 1165 3389 ΒΤ.
1204 3377 1268 3385 -.
1304 3333 1510 3399 Ripaei,
1532 3336 1597 3384 Β.
1637 3333 1876 3384 Ceterum
1900 3350 2013 3384 cum
2038 3337 2119 3386 his
2144 3335 2372 3386 conferas
2405 3339 2528 3388 Mel.
2552 3340 2624 3390 11.

376 3415 421 3470 1,
450 3415 494 3458 1.
520 3416 572 3458 et
592 3408 756 3459 Solin.
785 3412 865 3468 15,
890 3413 971 3457 20.
999 3445 1056 3455 -
1094 3402 1392 3470 pinnarium,
1416 3403 1479 3452 Β.
1520 3442 1584 3451 ...
1619 3399 1962 3465 Pterophoros,
1985 3403 2118 3453 R2d.
2154 3403 2467 3468 Pterophoro,
2492 3406 2625 3456 Rob.

372 3475 694 3539 therophoros,
716 3475 807 3524 Βῐ.
861 3474 1116 3537 therefore,
1139 3471 1210 3522 A.
1269 3470 1662 3534 Pterophozor03‚
1697 3472 1861 3519 codex
1898 3470 2123 3522 Nunnes.
2164 3473 2230 3521 ad
2268 3472 2390 3522 Mel.
2426 3472 2468 3521 L
2503 3478 2552 3534 2,
2579 3478 2623 3523 5.

370 3541 768 3605 Pterozophoros,
790 3542 1016 3593 Nunnes.
1062 3579 1126 3590 ...
1175 3553 1334 3589 rerum
1365 3546 1566 3598 natura,
1589 3537 1699 3589 BA
1715 3528 1869 3588 &Td.
1906 3546 2089 3589 natura
2109 3554 2287 3600 rerum,
2311 3539 2445 3590 Rob.
2461 3534 2522 3600 β.
2559 3580 2622 3590 -

373 3624 538 3672 neque,
556 3609 625 3658 A.
661 3622 772 3672 que,
793 3608 859 3659 Β.
895 3622 1038 3671 quae,
1062 3609 1109 3657 d.

439 3674 471 3735 §
496 3681 577 3725 89.
611 3674 746 3737 Post,
767 3691 795 3724 r
815 3672 1003 3738 (Rob.)
1040 3714 1103 3724 ...
1139 3680 1333 3734 montes,
1355 3673 1425 3724 A.
1460 3681 1624 3733 monte,
1646 3671 1754 3722 Bd.
1801 3671 2040 3724 Ceterum
2070 3687 2118 3722 v.
2151 3674 2272 3724 Mel.
2306 3673 2402 3723 111.
2430 3679 2477 3734 5,
2505 3679 2549 3723 1.
2575 3680 2625 3723 2.

374 3782 436 3793 ...
471 3740 834 3807 Hyperboreos,
856 3742 968 3792 Ad.
1007 3741 1291 3805 iperboreoS,
1312 3742 1377 3790 Β.
1412 3739 1683 3805 Hyporeos,
1706 3753 1753 3789 σ.
1789 3739 1932 3790 Haec
1956 3741 2130 3789 omnia
2150 3740 2418 3803 paululum
2440 3740 2623 3790 immu-

371 3817 479 3861 tata
502 3810 814 3873 transcripsit
835 3809 998 3859 Solin.
1028 3814 1108 3858 16.
1133 3809 1250 3857 coll.
1274 3808 1512 3859 Martian.
1539 3813 1586 3869 6,
1613 3812 1726 3857 664.
1766 3846 1828 3855 .-
1875 3823 2087 3866 amnem,
2111 3808 2179 3856 A.
2226 3846 2289 3856 -
2338 3805 2468 3870 deyit
2489 3823 2623 3870 aevo,

372 3878 484 3928 ΒΑ
519 3874 702 3939 (Βοὴ.)
749 3875 956 3940 diyetae,
990 3877 1038 3925 d.
1079 3881 1149 3924 '...
1196 3874 1429 3934 reme-stri,
1463 3875 1555 3926 Βῐ.
1600 3913 1665 3924 ....
1711 3883 1874 3923 etuna
1896 3872 1979 3923 die
2003 3876 2065 3923 ab
2089 3872 2383 3936 aequinoctio
2400 3889 2550 3924 verno
2575 3874 2624 3923 in

370 3954 666 4003 autumnum,
689 3959 799 4002 non,
824 3952 878 3991 ut
897 3941 1120 4006 imperiti
1143 3939 1325 4003 dixere,
1348 3942 1466 3991 solis
1492 3939 1678 3999 aversi,
1701 3941 1925 4004 Rhodig.
1942 3941 2082 3991 lectt.
2101 3949 2204 3991 ant.
2234 3947 2312 4003 16,
2338 3947 2419 3991 22.
2440 3980 2505 3990 -.
2524 3958 2624 3992 una

370 4008 472 4070 die,
495 4012 629 4060 male
653 4023 771 4060 cum
793 4011 1128 4060 intellexisset
1149 4010 1212 4057 de
1231 4008 1375 4057 unius
1395 4006 1500 4057 diei
1513 4006 1679 4072 spatio
1695 4007 1867 4068 Kalb„
1892 4022 1984 4070 pro
2009 4008 2091 4057 his
2113 4024 2192 4057 vv.
2218 4009 2433 4058 coniecit
2457 4017 2623 4072 nocte,-

370 4079 460 4128 sed
484 4092 589 4126 una
611 4085 689 4127 est
709 4078 1017 4139 adverbium,
1038 4077 1123 4126 vel
1146 4075 1189 4126 si
1211 4076 1513 4126 adiectivum
1537 4074 1723 4124 habere
1745 4075 1909 4135 malis,
1934 4075 2146 4125 notione
2167 4075 2399 4126 continua
2420 4091 2620 4126 sumen-

370 4146 507 4195 dum.
549 4185 612 4194 ....
649 4145 878 4205 aduersu,
901 4145 966 4196 Β.
1014 4184 1076 4194 -
1122 4151 1172 4193 ut
1194 4157 1304 4203 non,
1327 4143 1547 4192 Vadian.
1571 4142 1637 4192 ad
1656 4141 1780 4193 Mel.
1812 4143 1909 4194 111.
1945 4147 1993 4204 5,
2020 4148 2064 4193 1.
2109 4184 2173 4193 .-
2223 4143 2434 4207 inperiti,
2459 4144 2621 4207 carpit

369 4213 491 4262 Mel.
511 4212 712 4330 llislh..
750 4222 994 4273 autumno,
1021 4214 1067 4262 d.
1109 4251 1168 4260 ..
1208 4208 1272 4270 in,
1297 4209 1422 4261 ΒΑ.
1461 4208 1640 4261 Omitt.
1666 4210 1770 4260 Td.
1810 4249 1871 4261 ..
1908 4208 1989 4272 iis,
2013 4210 2081 4261 A.
2118 4208 2212 4271 Itis,
2236 4212 2342 4263 Rd.
2390 4208 2459 4271 hi,
2483 4210 2616 4261 Βοὴ.

373 4318 435 4328 ...
459 4295 512 4328 so
576 4316 589 4339 ‚
664 4316 675 4328 .
