2961 4861
1091 342 1234 389 Lm.
1266 342 1333 388 v,
1393 341 1551 389 cAP.
1581 344 1627 390 1.
1687 342 1881 390 sacr.
1918 347 1952 387 1.
2510 327 2634 392 333

398 497 686 561 inmenso
732 501 942 556 tractu
983 491 1067 556 ab
1108 490 1305 577 Tingi
1349 512 1641 575 quaeque
1684 491 1809 555 alia
1855 488 2194 559 Cornelius
2236 491 2456 580 Nepos
2499 496 2634 561 avi-

398 596 660 661 dissime
704 591 995 658 credidit.
1062 591 1173 656 Ab
1214 590 1387 656 Lixo
1428 613 1518 655 x1.
1559 614 1609 655 Μ
1648 591 1716 656 in
1757 592 2225 657 mediterraneo
2268 595 2467 660 altera
2491 596 2635 660 Au·
2667 625 2696 667 5

395 696 573 783 gusti
616 692 860 759 colonia
901 700 1003 757 est
1040 690 1270 757 Babba
1309 689 1476 755 Iulia
1516 687 1916 775 Campestris
1960 693 2299 778 appellata,
2347 705 2413 761 et
2456 697 2641 760 tertia

402 795 664 860 Banasa
718 814 897 856 Lxxv
952 814 1021 856 u.
1079 790 1384 856 Valentia
1435 791 1914 879 cognominata3
1975 792 2058 859 ab
2115 815 2191 859 ea
2240 816 2432 858 xxxv
2482 819 2534 860 u
2573 820 2639 882 p.

399 895 703 964 Volubile
732 892 1065 979 oppidum,
1113 891 1490 956 tantundem
1531 913 1572 955 a
1611 892 1771 956 mari
1814 902 2087 976 utroque
2131 893 2397 961 distans.
2449 894 2548 960 At
2573 897 2643 962 in

400 1020 515 1063 ora
556 1020 597 1061 a
635 994 807 1059 Lixo
849 1016 890 1056 1.
930 1016 981 1056 Μ
1022 992 1226 1056 amnis
1257 987 1478 1058 Subur
1519 1002 1776 1076 praeter
1808 990 2130 1058 Banasam
2173 995 2482 1061 coloniam
2526 996 2641 1062 de-

397 1098 629 1176 fluens,
673 1093 1052 1182 magnificus
1096 1102 1162 1157 et
1203 1091 1607 1179 navigabilis.
1665 1091 1776 1156 Ab
1823 1114 1898 1157 eo
1941 1093 2207 1160 totidem
2248 1119 2300 1160 Μ
2340 1121 2406 1183 p.
2452 1098 2641 1185 oppi-

400 1198 558 1262 dum
592 1194 746 1261 Sala
775 1193 1062 1259 eiusdem
1089 1191 1361 1256 nominis
1389 1191 1585 1255 fluvio
1611 1190 1984 1276 inpositum,
2027 1193 2157 1258 iam
2196 1196 2647 1263 solitudinibus

399 1296 686 1361 vicinum
742 1292 1350 1378 elephantorumque
1403 1290 1714 1378 gregibus
1770 1291 2078 1356 infestum
2094 1340 2114 1371 ,
2178 1296 2378 1360 multo
2433 1307 2647 1361 tamen

401 1395 609 1481 magis
638 1392 1018 1463 Autololum
1060 1400 1274 1477 gente,
1319 1411 1438 1475 per
1484 1411 1676 1472 quam
1716 1390 1840 1455 iter
1884 1401 1984 1455 est
2026 1392 2110 1456 ad
2150 1405 2434 1460 montem
2460 1396 2647 1461 Afri-

404 1516 518 1559 cae
561 1493 667 1558 vel
709 1490 1256 1557 fabulosissimum
1297 1487 1652 1554 Atlantem.
1697 1489 1759 1553 E
1800 1491 2028 1556 mediis
2068 1492 2241 1559 hunc
2281 1495 2539 1562 harenis
2580 1498 2648 1562 in
2675 1522 2705 1573 ρ,

405 1595 653 1662 caelum
694 1591 898 1658 attolli
938 1589 1311 1677 prodidere,
1372 1611 1673 1677 asperum
1688 1637 1706 1668 ‚
1768 1592 2197 1674 squalentem,
2255 1617 2382 1678 qua
2421 1608 2652 1685 vergat

406 1694 490 1760 ad
542 1693 734 1759 litora
789 1690 1016 1756 oceani
1075 1688 1180 1754 cui
1236 1709 1595 1776 cognomen
1652 1689 1938 1775 inposuit
1959 1738 1979 1770 ,
2047 1693 2324 1758 eundem
2378 1718 2651 1781 opacum

404 1811 938 1874 nemorosumque
970 1799 1034 1854 et
1063 1787 1371 1853 scatebris
1405 1788 1680 1852 fontium
1708 1788 1987 1876 riguum,
2033 1796 2160 1874 qua
2188 1805 2436 1878 spectet
2463 1796 2650 1860 Afri-

408 1917 580 1970 cam,
636 1891 956 1957 fructibus
1009 1887 1294 1953 omnium
1347 1909 1661 1974 generum
1714 1900 1940 1974 sponte
1991 1891 2080 1955 ita
2122 1894 2651 1962 subnascentibus

407 2005 483 2060 ut
532 2013 883 2076 numquam
937 1988 1132 2054 satias
1183 1987 1624 2072 voluptatibus
1679 1987 1862 2053 desit.
1926 1989 2291 2058 Incolarum
2332 1997 2653 2062 neminem
2682 2030 2708 2076 7

409 2094 691 2159 interdiu
733 2091 931 2169 cerni,
978 2090 1163 2154 silere
1206 2089 1418 2154 omnia
1457 2088 1634 2152 haud
1676 2090 1799 2155 alio
1840 2111 2034 2174 quam
2062 2094 2474 2162 solitudinum
2500 2097 2652 2162 hor-

412 2218 557 2261 rore
571 2244 589 2273 ,
638 2193 852 2259 subire
897 2191 1156 2257 tacitam
1197 2188 1574 2276 religionem
1616 2190 1861 2256 animos
1902 2194 2171 2278 propius
2212 2190 2653 2265 accedentium

409 2359 1033 2428 ADNPadtuxyzssr.
1058 2403 1120 2412 -.
1150 2375 1415 2425 nuperque,
1439 2360 1994 2427 RDNPTaduxyz.
2031 2380 2187 2430 nuper
2211 2385 2354 2432 quae,
2377 2371 2443 2420 A.
2480 2385 2654 2437 nuper,

413 2432 541 2501 ιβγ.
597 2474 662 2483 ..
715 2432 1043 2496 monstrifera,
1067 2438 1103 2479 t.
1158 2469 1223 2479 .-.
1277 2426 1475 2489 hisdem,
1499 2432 1566 2479 D.
1620 2426 1714 2489 his,
1737 2429 1797 2478 P.
1842 2429 1926 2491 eis,
1952 2439 2026 2480 tz.
2073 2434 2263 2497 eisdem,
2287 2452 2336 2486 u.
2374 2478 2437 2486 ..-
2472 2455 2656 2506 maqna

415 2499 736 2568 Carthayine,
752 2499 1287 2559 RDNPTadtuyz.
1320 2511 1502 2559 mayna
1523 2493 1858 2560 Karthaqine,
1874 2496 1944 2548 A.
1975 2496 2272 2567 Carthaqine
2289 2519 2483 2568 mayna,
2501 2523 2539 2555 x
2548 2502 2653 2571 βγ.

411 2608 478 2620 -.
510 2568 667 2629 situm,
689 2568 733 2618 P
757 2563 813 2628 (e
834 2562 991 2627 corr.)
1033 2604 1098 2614 ...
1134 2562 1296 2628 abtiyi,
1319 2579 1369 2611 u.
1424 2561 1608 2628 attinqt’,
1639 2563 1810 2627 Ptyz.
1854 2604 1917 2613 .-
1955 2583 2143 2630 quoque
2174 2569 2294 2632 alia,
2326 2587 2415 2622 uz.
2469 2590 2656 2638 quoque

413 2637 579 2697 aliam,
601 2637 736 2699 Pty.
774 2674 838 2682 .-
873 2629 1057 2696 Nepos,
1080 2630 1314 2693 fragmm.
1339 2644 1389 2694 p.
1416 2634 1530 2680 369.
1555 2629 1712 2679 Heus.
1748 2671 1813 2681 ...
1849 2630 2196 2697 audacissime,
2217 2638 2327 2701 ΚΥ.

480 2701 510 2763 §
538 2708 582 2752 5.
617 2700 684 2763 A,
706 2702 886 2750 Ntuz.
925 2739 988 2748 ...
1024 2698 1262 2761 Auyusto,
1285 2699 1349 2748 R.
1374 2696 1492 2747 Om.
1517 2712 1566 2760 y.
1608 2737 1665 2745 -
1707 2706 1796 2757 est,
1819 2714 1953 2762 pone
1974 2701 2220 2753 mediterr.
2256 2706 2479 2756 collocat
2500 2708 2561 2758 P.
2588 2749 2652 2758 ...

411 2766 601 2831 Bulba,
622 2769 729 2819 Px.
764 2765 934 2828 Baba,
957 2774 993 2816 t.
1031 2806 1093 2815 .-
1136 2761 1479 2828 Campestries‘,
1503 2764 1572 2814 A.
1610 2805 1674 2814 ....
1712 2775 1767 2824 et,
1793 2781 1892 2816 om.
1917 2768 1976 2818 P.
2014 2809 2078 2818 -
2113 2769 2341 2835 Panasa,
2365 2788 2412 2823 σ.
2447 2772 2661 2825 Banas-

412 2854 488 2897 sa,
509 2838 570 2887 P.
624 2835 855 2896 Banasa,
877 2850 929 2883 u.
983 2873 1047 2881 -.
1103 2831 1470 2897 quinquaqinta,
1495 2831 1635 2881 Puz.
1686 2831 1870 2893 LXX,
1896 2842 1930 2882 t.
1977 2875 2040 2884 -..
2101 2836 2349 2900 Valentia,
2375 2856 2476 2890 om.
2500 2858 2553 2890 x.

415 2901 682 2968 appellata,
722 2917 771 2965 y.
825 2941 889 2949 -.
941 2898 1115 2961 viqinti
1152 2898 1377 2962 quinque,
1416 2900 1478 2949 Ρ.
1533 2938 1597 2947 ...
1652 2900 1854 2959 tandem,
1893 2902 2069 2952 Daui.
2126 2909 2299 2969 tanots,
2340 2908 2404 2957 R.
2460 2948 2523 2957 ...
2575 2907 2658 2968 At,

414 2969 811 3030 ANTadxyz.
846 2963 947 3024 Ad,
970 2967 1093 3015 RD.
1128 2965 1214 3024 Et,
1237 2966 1373 3014 Ptu.
1410 3005 1473 3043 .-
1514 2964 1691 3026 Subur‚
1716 2967 2057 3045 vid3Ptolem.
2083 2983 2256 3033 geogr.
2281 2971 2376 3022 IV.
2405 2978 2451 3035 l,
2477 2980 2523 3023 2.
2560 2973 2657 3024 Su-

417 3037 580 3097 bubus,
603 3034 714 3111 BA
730 3025 1251 3109 ODNPTadtyaq:
1288 3028 1534 3090 Sububus,
1559 3048 1608 3080 u.
1645 3028 1840 3091 Sububa,
1865 3049 1917 3081 x.
1953 3033 2173 3094 Sububa,
2196 3038 2296 3087 Kr.
2324 3079 2388 3087 .-
2412 3048 2460 3088 et
2482 3057 2659 3104 mayn„

417 3111 540 3152 tuo.
576 3101 847 3164 munficus,
871 3100 937 3150 K.
975 3139 1038 3178 -·
1074 3095 1269 3175 nobilis,
1291 3099 1351 3147 P.
1389 3138 1453 3147 -
1491 3097 1627 3214 διὀῑιὶ,
1652 3106 1734 3147 tx.
1773 3098 2011 3149 Ceterum
2034 3115 2080 3149 v.
2105 3102 2223 3181 ad}
2250 3110 2296 3153 9.
2335 3145 2399 3154 ...-
2433 3105 2658 3203 ιιιίσίπωη,

415 3167 2080 3298 affl&3423‘0322221301221113312·.:-A⁶.21.0023;²;3;²21”÷ff2ff.
2133 3170 2432 3299 wi}
2458 3191 2659 3292 2323&

417 3303 542 3366 dum,
566 3312 603 3353 t.
638 3300 933 3363 Autololum,
956 3317 1006 3351 u.
1042 3296 1370 3361 Antododum,
1392 3314 1445 3348 x.
1479 3296 1780 3360 Autolorum,
1813 3316 1856 3349 z.
1894 3341 1958 3351 ..
1991 3312 2146 3365 qente,
2169 3305 2279 3357 AD
2291 3310 2420 3372 ady.
2453 3317 2661 3372 qentem,

417 3388 705 3438 RPNtuz.
739 3394 916 3450 qentes,
938 3402 991 3435 x.
1028 3424 1093 3434 .-.
1131 3399 1278 3446 quam
1301 3382 1411 3444 iter,
1433 3382 1922 3447 ADNPadtxyz.
1968 3402 2113 3450 quam
2137 3387 2250 3450 itur,
2274 3406 2324 3440 u.
2362 3377 2574 3455 qul—V‘Y,
2598 3396 2661 3446 R.

417 3493 482 3503 -.
506 3452 733 3518 fabulosi
751 3468 997 3513 summum,
1019 3468 1069 3502 u.
2604 3507 2608 3509 ,

488 3518 518 3579 ξ
544 3526 590 3570 6.
625 3519 851 3579 emadiis,
872 3521 939 3569 D.
973 3520 1110 3570 Hinc
1133 3533 1227 3568 sua
1246 3518 1525 3580 hauserunt
1546 3517 1708 3570 Solin.
1735 3524 1815 3580 24,
1843 3523 2024 3572 7..10.
2048 3530 2100 3573 et.
2119 3525 2357 3574 Martian.
2384 3532 2432 3587 6,
2458 3531 2572 3577 667.
2597 3567 2662 3578 ..-

419 3588 548 3647 hinc,
573 3602 622 3649 y.
660 3626 725 3635 ....
761 3584 939 3648 attolli,
966 3602 1067 3636 om.
1093 3587 1166 3635 (1¹.
1203 3625 1268 3635 -.
1305 3582 1593 3649 prodidere,
1616 3586 2047 3653 RADNadtxy
2079 3586 2265 3652 (Rob.)
2303 3608 2576 3657 procerum,
2599 3596 2659 3645 Ρ.

414 3650 699 3719 prociderit,
723 3669 773 3702 u.
819 3670 913 3718 pro
937 3654 1176 3717 syderum,
1200 3669 1243 3701 z.
1290 3651 1630 3717 prodiderunt,
1651 3648 1755 3718 βγ.
1802 3695 1866 3704 ....
1918 3666 2128 3719 aspectu,
2150 3659 2351 3707 Ptuxz
2377 3655 2560 3722 (Rob.)
2595 3703 2660 3712 -

424 3718 692 3785 squalente,
717 3737 760 3769 z.
798 3760 862 3769 -.
896 3720 1063 3784 verqit,
1086 3720 1219 3771 Rob.
1258 3758 1321 3767 -.
1357 3735 1769 3784 nemorosumque,
1791 3721 2185 3789 ANPa²tuyz
2219 3720 2400 3788 (Rob.)
2447 3742 2662 3779 nemoro-

420 3805 542 3850 sum,
565 3787 906 3838 RDTa¹dx.
933 3828 997 3836 .-
1022 3796 1085 3847 et,
1110 3787 1272 3837 omitt.
1294 3788 1339 3837 P
1365 3784 1551 3850 (Rob.)
1572 3828 1641 3855 ,.-
1679 3787 1937 3851 irriyuum,
1960 3791 2115 3853 ny.
2154 3830 2217 3840 -
2254 3808 2396 3855 quas,
2420 3795 2514 3844 dx.
2552 3812 2663 3859 quo,

420 3874 554 3923 Rob.
591 3912 655 3922 ...
692 3878 883 3936 spectet,
905 3862 1287 3947 AQDdey.
1341 3879 1550 3935 spectat,
1581 3872 1895 3922 RNPatnz
1929 3868 2114 3935 (Rob.)
2136 3870 2238 3938 βγ.
2276 3915 2341 3925 -.
2376 3859 2484 3940 omi,
2506 3896 2559 3929 x.
2595 3921 2659 3931 ...

419 3940 691 4004 finer-ihus,
717 3941 811 3987 dx.
866 3978 929 3987 ...
984 3946 1071 3998 eta,
1095 3952 1197 3986 om.
1222 3948 1259 3985 t.
1316 3977 1406 4006 -x
1430 3936 1605 3997 satias,
1628 3931 1894 3989 RAODa
1927 3935 2099 4000 (codd.
2125 3942 2355 3993 Oudend.
2379 3946 2445 3995 ad
2465 3946 2660 4011 Appul.

421 4010 630 4058 Metam.
655 4020 705 4069 p.
731 4003 872 4068 609.)
909 4004 1136 4064 satietas,
1159 4004 1504 4066 NPdtuxyz
1530 4002 1711 4065 (nob.)
1732 4000 1833 4069 ,Βν-
1871 4047 1934 4055 -
1973 4005 2121 4068 desit,
2146 4023 2248 4059 01¹1·
2272 4025 2323 4059 ¹1·

492 4072 522 4133 ξ
551 4078 595 4124 7.
630 4070 944 4132 Incolarum;
984 4073 1119 4121 hanc
1148 4085 1330 4120 vocem
1361 4073 1427 4120 ad
1458 4072 1716 4133 superiora
1747 4072 1973 4123 referunt
2000 4076 2248 4127 DNPau
2281 4075 2464 4142 (Rob.)
2499 4082 2660 4133 Inter-

422 4141 754 4254 pnnctionem
786 4141 950 4190 omitt.
986 4154 1083 4204 xy.
1133 4138 1255 4187 Vid.
1289 4138 1506 4189 Salmas.
1542 4152 1705 4188 exerc.
1739 4155 1791 4203 p.
1826 4146 1941 4190 208.
1975 4158 2020 4208 a.
2045 4142 2112 4191 A.
2167 4183 2231 4193 ...
2284 4145 2489 4208 silentio,
2514 4166 2557 4200 z.
2596 4190 2659 4199 ..-

459 4206 578 4267 aud,
602 4223 703 4258 om.
726 4206 796 4256 A.
850 4248 913 4257 .-
967 4206 1200 4270 aliquam,
1224 4220 1271 4269 y.
1328 4244 1391 4253 -.
1442 4202 1772 4267 solitudinem,
1797 4208 1905 4271 Ay.
1959 4250 2021 4259 -.
2078 4209 2392 4276 releqeonem‚
2419 4216 2540 4266 RD.
2597 4257 2659 4266 -

425 4273 640 4334 animm),
662 4277 751 4326 3¹,
789 4314 853 4323 —
881 4276 1127 4340 proprius,
1151 4273 1275 4322 AD.
1312 4313 1376 4321 -.
1413 4272 1706 4331 accedentia,
1727 4275 1816 4324 R¹.
1854 4275 2189 4341 accidentium,
2210 4279 2275 4330 D.
