2961 4861
343 303 468 368 362
1046 318 1454 365 NA'runAms
1498 318 1893 365 merom

341 471 538 550 intus,
598 470 756 558 Iope
809 468 1227 547 Phoenicum,
1286 468 1608 553 antiquior
1662 482 1979 534 terrarum
2028 469 2495 548 inundatione,
2584 482 2681 536 ut

342 575 578 640 ferunt.
643 572 892 637 Insidet
934 571 1161 637 collem
1200 570 1611 656 praeiacente
1655 593 1846 648 saxo,
1900 571 1970 635 in
2010 593 2142 655 quo
2195 574 2676 638 vinculorum
2706 597 2782 643 59

339 675 796 741 Andromedae
838 674 1114 761 vestigia
1153 671 1532 751 ostendunt3
1595 673 1824 738 colitur
1875 673 2010 738 illic
2064 675 2361 741 sabulosa
2406 673 2667 741 Ceto,

339 779 504 845 Inde
533 777 896 864 Apollonia,
944 773 1264 840 Stratonis
1308 775 1526 853 turris,
1572 775 1801 841 eadem
1834 773 2159 842 Caesarea
2199 779 2282 844 ab
2324 778 2661 844 Herode

339 903 496 967 rege
549 878 837 955 condita,
892 899 1066 941 nnnc
1119 875 1369 941 colonia
1409 874 1633 940 Prima
1672 875 1908 942 Flavia
1957 902 1998 942 a
2037 878 2448 965 Vespasiano
2504 880 2656 944 in-

340 991 639 1067 peratore
683 978 963 1043 deducta
974 1002 993 1053 3
1035 977 1183 1041 finis
1222 976 1622 1042 Palaestines
1664 999 2025 1043 cnmvnn
2066 982 2201 1045 mil.
2244 1004 2312 1067 p.
2357 1006 2397 1046 a
2439 1005 2647 1047 eon-

339 1082 492 1148 finio
532 1080 841 1157 Arabiae,
887 1079 1041 1145 dein
1081 1077 1427 1143 Phoenice.
1494 1078 1680 1142 Intus
1722 1090 1938 1144 autem
1983 1077 2317 1147 Samariae
2359 1083 2645 1169 oppida

337 1183 668 1269 Neapolis,
713 1182 889 1266 quod
926 1190 1118 1245 antea
1143 1179 1515 1245 Mamortha
1543 1179 1903 1260 dicebatur,
1951 1179 2229 1249 Sebaste
2270 1184 2341 1248 in
2376 1195 2634 1249 monte

339 1297 408 1352 et
448 1287 674 1351 altiore
719 1281 1013 1349 Gamala.
2368 1334 2375 1339 ,

421 1386 620 1452 XIV.
700 1386 801 1450 15.
871 1380 1089 1469 Supra
1136 1381 1515 1448 Idumaeam
1571 1394 1638 1448 et
1692 1381 2052 1449 Samariam
2101 1385 2350 1463 Iudaea
2398 1387 2619 1474 longe
2659 1411 2737 1456 70

337 1492 596 1573 lateque
640 1486 954 1551 funditur.
1018 1484 1185 1550 Pars
1229 1485 1368 1549 eius
1412 1481 1648 1568 Syriae
1700 1485 1923 1550 iuncta
1966 1484 2264 1554 Galilaea
2302 1499 2609 1566 vocatur,

337 1589 628 1655 Arabiae
671 1608 827 1653 vero
873 1597 941 1651 et
981 1585 1293 1676 Aegypto
1335 1608 1653 1671 proxuma
1691 1584 1943 1651 Peraea
1999 1591 2246 1674 asperis
2299 1591 2607 1675 dispersa

339 1692 662 1759 montibus
701 1700 767 1755 et
805 1712 846 1753 a
884 1688 1113 1754 ceteris
1139 1687 1403 1752 Iudaeis
1429 1687 1705 1753 Iordane
1743 1711 1931 1753 amne
1969 1690 2271 1756 discreta.
2314 1691 2603 1774 Reliqua

338 1793 585 1859 Iudaea
626 1790 937 1857 dividitur
979 1791 1048 1855 in
1092 1789 1455 1875 toparchias
1497 1812 1545 1853 x
1588 1812 1716 1873 quo
1750 1790 2038 1856 dicemus
2067 1792 2291 1856 ordine
2305 1817 2324 1856 ε
2369 1792 2596 1856 Hieri-

341 1905 601 1960 cuntem
643 1891 941 1979 palmetis
985 1891 1316 1967 consitam,
1361 1890 1647 1955 fontibus
1688 1889 1963 1977 riguam,
2001 1891 2368 1971 Emmaum,
2405 1892 2596 1977 Lyd-

337 1994 489 2063 dam
510 2040 531 2070 ,
586 1992 873 2078 Iopicam
895 2041 914 2070 ,
967 1991 1451 2056 Acrabatenam
1472 2039 1492 2068 ,
1552 1987 2046 2076 Gophniticam,
2102 1992 2595 2072 Thamniticam,

339 2092 938 2178 Bethleptephenen
949 2139 968 2169 ,
1027 2088 1273 2155 Orinen
1284 2138 1303 2169 ,
1359 2091 1429 2155 in
1483 2113 1612 2175 qua
1662 2091 1847 2156 fuere
1896 2091 2355 2178 Hierosolyma
2402 2095 2596 2181 longe

340 2194 691 2261 clarissima
716 2193 974 2257 urbium
1001 2191 1283 2269 orientis,
1327 2214 1459 2256 non
1485 2191 1768 2258 Iudaeae
1796 2193 2008 2272 modo,
2052 2194 2418 2260 Herodium
2448 2218 2595 2260 cum

340 2295 579 2383 oppido
619 2293 872 2360 inlustri
917 2292 1206 2357 eiusdem
1248 2293 1544 2358 nominis.

423 2396 585 2466 XV.
626 2395 923 2464 Iordanis
966 2395 1170 2461 amnis
1213 2394 1415 2460 oritur
1457 2417 1494 2461 e
1538 2394 1717 2461 fonte
1749 2395 2041 2463 Paniade
2081 2398 2196 2482 qui
2232 2420 2591 2486 cognomen
2623 2423 2683 2469 71

343 2502 526 2577 dedit
557 2500 920 2568 Caesareae
949 2498 1031 2563 de
1061 2518 1191 2581 qua
1219 2497 1530 2575 dicemus,
1576 2497 1783 2563 amnis
1822 2521 2132 2566 amoenus
2176 2511 2242 2565 et
2278 2510 2594 2583 quatenus

407 2676 560 2736 intus,
589 2673 832 2789 quado
859 2668 1031 2733 (codd.
1057 2666 1265 2731 Gelen.)
1301 2667 1454 2731 vicus,
1475 2667 1685 2719 Bai-bar.
1710 2670 1777 2720 Κ.
1804 2710 1868 2719 .-
1892 2669 2032 2736 Iope,
2053 2672 2165 2722 Ddz
2191 2671 2362 2738 Ioppe,
2385 2669 2589 2738 Rassr.

345 2783 409 2793 ....
473 2751 655 2800 uerunt,
739 2743 794 2789 'a
823 2775 836 2788 .
1693 2767 1701 2776 .

405 2744 543 2873 ξεί).
577 2806 705 2868 colli,
727 2807 792 2856 K.
820 2846 883 2855 -.
916 2804 1184 2863 ostendunt,
1208 2819 1254 2853 a.
1291 2803 1517 2866 ostendit,
1539 2804 1696 2854 RDd
1720 2800 1908 2868 (Rob.)
1946 2806 2047 2857 Cui
2068 2807 2278 2858 lectioni
2302 2808 2345 2858 si
2370 2810 2494 2872 quid
2515 2817 2590 2859 est

339 2878 676 2936 tribuendum,
701 2875 922 2939 suspicio
949 2874 1108 2929 oritur
1127 2872 1353 2922 Plinium
1375 2887 1484 2921 non
1507 2872 1557 2922 in
1580 2889 1690 2936 quo,
1712 2874 1804 2922 sed
1827 2872 1962 2936 quod
1981 2876 2255 2938 scripsisse.
2283 2915 2346 2925 -
2381 2875 2591 2937 collitur,

337 2945 431 2996 Νι.
458 2941 784 3009 -fabulosa
814 2942 939 3002 Ceto,
959 2941 1110 2994 TDa
1133 2937 1305 3002 (codd.
1330 2938 1548 2990 Salmas.
1573 2955 1738 2990 exerc.
1762 2955 1813 3003 p.
1839 2947 1955 2990 404.
1972 2942 2023 2991 b.
2045 2941 2135 3006 G.)
2154 2942 2406 3006 fabulosa
2428 2941 2593 3004 Caeto,

346 3006 403 3063 θ.
422 3010 680 3078 sabulosa
707 3008 864 3073 Odor,
887 3024 936 3059 σ.
963 3008 1168 3074 sabulis
1193 3017 1342 3068 aceto,
1365 3008 1431 3062 R.
1458 3006 1687 3071 famulos
1712 3016 1862 3069 aceto,
1886 3010 1919 3058 d
1942 3005 2159 3073 (Rigalt.
2185 3009 2465 3073 Salmasii.)
2495 3012 2593 3074 sa-

340 3082 511 3132 bulosa
532 3078 761 3140 Derceto,
784 3074 844 3140 β.
873 3118 937 3127 .-
957 3076 1239 3140 Apollonia,
1263 3077 1396 3126 Rob.
1431 3073 1701 3140 Apollinia,
1725 3075 1817 3124 R2.
1852 3074 2117 3139 Apollinia
2141 3084 2190 3138 d,
2213 3079 2305 3128 R'.
2340 3076 2594 3143 Apollinis

340 3167 389 3210 a,
412 3150 566 3199 Dad.
605 3189 670 3198 ....
705 3145 909 3206 Flavia,
933 3148 1004 3195 αἳ.
1048 3143 1255 3205 Flabia,
1279 3144 1368 3199 R2.
1412 3140 1593 3204 Fabia,
1616 3143 1877 3193 R¹Da¹d.
1914 3184 1979 3193 .-.
2015 3144 2336 3205 Palaestinis,
2358 3149 2408 3197 d.
2457 3146 2595 3197 Pha-

340 3217 523 3276 latine,
547 3217 611 3265 R.
649 3255 713 3264 -.
753 3212 1027 3264 CLXXX
1035 3210 1230 3272 VIIII,
1253 3211 1409 3261 RDa
1431 3207 1619 3274 (Rob.)
1658 3208 2095 3272 CLXXXVIII,
2119 3214 2225 3264 Td.
2252 3253 2317 3262 ...
2352 3231 2401 3274 a,
2428 3215 2593 3263 omitt.

343 3283 471 3332 RD.
509 3322 573 3331 .-.
609 3279 825 3340 Arabia,
847 3282 911 3330 R.
947 3321 1013 3329 -.
1050 3280 1174 3340 deon,
1205 3279 1415 3328 RDad.
1463 3278 1653 3338 deinde,
1675 3273 1778 3341 βγ.
1816 3317 1881 3327 .....
1916 3276 2175 3341 Phoenice,
2206 3282 2342 3331 Da‘2.
2387 3280 2593 3332 Phoeni-

341 3366 434 3411 ces,
468 3349 628 3398 Ra¹d
660 3345 845 3409 (Rob.)
881 3387 945 3397 ...
983 3357 1157 3408 autem,
1190 3347 1483 3397 RDN²ad.
1537 3344 1667 3406 hinc,
1690 3346 1791 3397 N¹.
1834 3386 1899 3395 .-.
1937 3345 2194 3408 Samaria,
2229 3343 2326 3397 Oa.
2362 3388 2428 3398 ..
2473 3347 2594 3402 Ma-

340 3414 552 3476 mortha,
578 3431 624 3464 a.
647 3413 950 3474 Amamorta,
972 3414 1080 3463 RD
1093 3416 1140 3464 d.
1171 3454 1231 3462 -.
1257 3413 1507 3474 Sebasten,
1533 3412 1646 3464 ST.
1674 3453 1737 3463 ...
1763 3422 1808 3462 et
1829 3412 2028 3477 altiore,
2051 3415 2369 3466 RDSTad.
2407 3416 2592 3476 altiore,

339 3480 401 3547 β.
435 3523 500 3535 .-.
545 3481 793 3543 Gamalia,
817 3482 906 3530 132.
951 3478 1161 3543 Gaalia,
1184 3482 1274 3531 R‘.

408 3554 439 3616 5
467 3556 547 3603 70.
602 3549 900 3610 Samariam,
924 3562 974 3596 σ.
1028 3546 1340 3609 Samaridin,
1362 3548 1576 3599 RDad.
1615 3587 1678 3597 -.
1724 3547 1897 3609 Iudee,
1918 3550 2008 3599 R'-
2047 3590 2111 3599 ...
2154 3549 2296 3600 Pars
2321 3591 2386 3600 ...
2411 3551 2596 3612 iuncta,

342 3621 490 3671 codd.
516 3618 697 3670 Gelon.
746 3657 811 3667 ....
853 3616 1068 3677 Peraea,
1099 3616 1306 3666 Barbar.
1338 3616 1476 3665 Dad
1508 3613 1693 3679 (Rob.)
1738 3615 1928 3678 Parca,
1946 3617 2086 3667 N20.
2129 3634 2264 3683 pere,
2299 3622 2361 3670 R.
2401 3635 2493 3683 per
2516 3635 2594 3680 ea,

342 3689 433 3740 N‘.
477 3687 718 3747 Petraea,
750 3686 816 3746 K,
852 3686 991 3748 quod
1022 3685 1208 3747 probat
1240 3683 1457 3734 Salmas.
1492 3698 1656 3733 exerc.
1691 3699 1741 3748 p.
1778 3690 1893 3733 434.
1926 3701 1972 3734 a.
1996 3684 2065 3734 A.
2109 3685 2335 3737 Arabiae
2359 3702 2472 3736 vero
2495 3686 2593 3736 Pe-

345 3765 519 3806 traeae
542 3763 586 3803 et
606 3752 828 3818 Aeqypto
852 3749 1016 3801 altera
1035 3750 1278 3816 proxima,
1304 3751 1486 3801 Dalec.
1513 3792 1577 3801 .-.
1613 3749 1793 3816 asperi,
1816 3753 1906 3801 R1.
1947 3792 2010 3802 ...
2049 3770 2098 3814 a,
2124 3769 2225 3802 om.
2251 3756 2324 3804 αἱ.
2350 3794 2414 3802 -
2450 3752 2595 3814 XII,

343 3839 369 3873 r
393 3820 581 3885 (Rob.)
620 3862 682 3872 ...
727 3821 1100 3882 Hierichuntem,
1130 3819 1232 3876 N2.
1277 3818 1615 3878 Ierichuntem‚
1647 3820 1739 3871 ΙΨ.
1782 3817 2125 3883 Hiericontem,
2160 3822 2253 3871 do.
2299 3820 2595 3881 Iericontem,

343 3891 476 3941 Rob.
526 3929 589 3938 -.
647 3888 849 3955 riquam,
881 3890 1092 3939 DTad.
1136 3886 1368 3953 eriquam,
1403 3889 1467 3938 R.
1513 3885 1775 3950 iniquam,
1807 3888 1941 3937 Rob.
1973 3883 2076 3951 βγ.
2123 3928 2189 3938 -.
2232 3886 2487 3952 Lyddam,
2519 3885 2619 3938 ad'

345 3953 530 4019 (Rob.)
574 3953 807 4018 Liddam,
829 3959 929 4007 3².
974 3953 1228 4021 Hyddam,
1249 3957 1319 4008 D.
1370 3952 1597 4016 Glaidam,
1620 3957 1711 4006 R1.
1760 3995 1823 4003 ...
1868 3952 2108 4018 Iopicam,
2130 3957 2265 4007 R‘D
2279 3958 2368 4006 ad.
2413 3955 2594 4020 lopeci-

345 4041 469 4085 cam,
491 4024 543 4075 R
559 4026 594 4073 ².
630 4019 1150 4089 Ioppicam‚Rob.ssr.
1173 4065 1235 4073 -.
1254 4024 1641 4084 Acrabatenam,
1673 4022 1831 4072 Hard.
1867 4031 1918 4072 et
1949 4024 2083 4073 Rob.
2101 4022 2513 4086 Acerabatenam,
2533 4018 2593 4083 β.

346 4089 754 4152 Acrabatennam,
789 4095 871 4141 a2.
905 4092 1296 4153 Acrebitennam,
1331 4091 1501 4141 RDd.
1536 4089 1880 4150 Acrebitenam,
1909 4082 1968 4140 θ.
2003 4108 2064 4140 ac
2096 4091 2408 4157 repitennam,
2432 4093 2504 4140 a'.
2531 4131 2594 4139 -

356 4154 742 4224 Gophaniticam,
765 4159 896 4209 Rob.
942 4157 1330 4223 Zophaniticam,
1362 4151 1690 4209 RODTad.
1740 4199 1805 4207 -
1859 4156 2235 4221 Thamnitt'cam,
2269 4161 2350 4209 αἳ.
2403 4157 2594 4207 Tamni-

353 4224 518 4285 tt‘cam,
541 4226 671 4276 Rob.
714 4225 991 4286 Z’hanicam,
1014 4226 1140 4277 RD.
1185 4226 1235 4276 T
1229 4226 1521 4288 hamnicam,
1546 4227 1662 4276 a¹d.
1707 4224 2003 4286 Thamicarm
2028 4241 2076 4274 σ.
2113 4267 2176 4276 -.
2220 4222 2596 4290 Bethleptephe-

356 4309 467 4355 nen,
488 4293 645 4344 Hard.
682 4292 1092 4355 betoletheplaenen‚
1117 4295 1196 4344 αἳ.
1235 4291 1680 4358 ὁετοὶειΙιτΙιερεηεη,
1704 4295 1808 4348 Td.
1847 4294 2300 4358 betoleulnenepenen,
2324 4294 2391 4343 D.
2429 4293 2594 4345 betole-

845 4521 966 4590 Ἣ
