2961 4861
411 379 553 421 XXX
1336 342 1716 419 PRAERA‘rlo.

409 533 595 592 letalis
615 541 758 609 potu
786 533 958 602 sicut,
989 548 1124 589 cum
1153 531 1334 589 ceteri
1361 548 1564 588 omnes
1594 529 1761 588 codd.
1792 537 1853 587 et
1879 527 2012 586 edd.
2042 528 2321 605 vulgatae
2348 529 2671 588 exhibant

280 638 288 647 ”
407 644 591 702 letalis
611 651 786 719 potus
813 644 980 713 sicut,
1008 641 1206 698 littera
1231 660 1261 698 s
1288 658 1366 698 ex
1393 639 1655 714 sequenti
1682 656 1826 697 voce
1852 646 2254 714 pmesumpta.
2295 636 2531 697 Pariter
2551 635 2667 711 35,

411 747 513 811 79.
551 770 705 811 unus
744 750 797 809 B
837 751 889 809 ei
930 749 1147 808 addicit
1181 748 1239 806 in
1283 748 1575 824 scriptura
1616 750 1720 807 hac
1758 751 1880 807 sola
1918 766 1999 806 sc.
2031 749 2284 819 charite,
2316 766 2451 807 cum
2479 751 2669 807 ceteri

407 862 576 920 codd.
608 863 742 919 haec
770 861 898 931 soli,
930 859 1027 917 hec
1054 861 1197 929 sola,
1228 859 1329 917 hoc
1359 859 1497 928 solo,
1529 858 1591 915 1ιὶ
1617 860 1745 930 soli,
1776 859 1913 915 solis
1942 858 2041 928 ibi,
2080 858 2186 916 hac
2226 861 2336 917 soli
2374 858 2661 931 habeant,

408 988 559 1045 quae
586 969 795 1027 ultima
822 968 1111 1044 scriptura
1138 967 1325 1041 vulgo
1350 973 1589 1044 recepta
1616 964 1963 1024 modestiam
1990 964 2248 1044 Apellis,
2278 985 2399 1042 qua
2423 976 2665 1043 praeter

405 1084 637 1137 ceteros
679 1075 1033 1148 excellebat,
1072 1075 1325 1135 multum
1364 1075 1623 1134 offendit.
1679 1073 1933 1151 Egregie
1976 1094 2109 1133 cum
2137 1075 2374 1152 optimis
2402 1077 2569 1134 libris
2596 1076 2666 1133 Κ

404 1186 588 1245 habet
614 1181 719 1258 35,
754 1182 896 1245 187.
927 1188 1217 1247 inertioris
1243 1188 1489 1261 qeneris,
1519 1185 1622 1243 ubi
1652 1202 1845 1242 sermo
1875 1191 1968 1242 est
1994 1186 2068 1243 de
2096 1186 2157 1243 vi
2184 1185 2411 1243 medica
2434 1186 2659 1243 alumi-

406 1296 517 1368 nis,
549 1313 684 1355 cum
711 1295 772 1353 in
801 1295 932 1354 aliis
959 1295 1122 1355 libris
1152 1302 1212 1353 et
1237 1294 1422 1369 vulgo
1451 1300 1644 1354 exstet
1671 1296 1961 1353 interioris
1996 1282 2244 1370 qerisris,
2286 1295 2380 1352 cui
2415 1295 2659 1353 lectioni

405 1405 457 1462 si
485 1423 661 1480 quem
690 1423 927 1464 sensum
956 1404 1206 1475 tribuae,
1237 1403 1348 1461 erit
1372 1403 1474 1461 ille
1502 1419 1814 1479 perversus
1856 1410 1917 1460 et
1951 1402 2067 1479 ipsi
2101 1403 2188 1461 rei
2222 1421 2469 1478 prorsus
2508 1422 2657 1462 con-

404 1514 647 1573 trarius.
691 1513 873 1571 Recte
901 1533 977 1572 ex
1002 1511 1065 1569 K
1095 1520 1156 1569 et
1181 1511 1235 1569 Β
1263 1508 1368 1583 36,
1404 1508 1547 1570 111.
1587 1512 1913 1587 recepimus
1950 1522 2188 1584 tantum,
2231 1513 2333 1570 ubi
2374 1531 2410 1570 e
2445 1515 2658 1571 ceteris

405 1623 572 1681 codd.
605 1623 788 1698 vulgo
816 1622 1033 1698 legitur
1060 1631 1270 1693 tantas,
1301 1638 1436 1680 cum
1464 1620 1695 1679 Plinius
1722 1620 1914 1679 dicere
1956 1620 2119 1693 velit,
2159 1621 2488 1693 Fabricios,
2533 1620 2656 1685 Gu-

402 1732 615 1806 riones,
660 1731 892 1805 Decios,
931 1731 1076 1789 alios
1114 1739 1240 1789 tum
1277 1739 1496 1789 tantum
1525 1747 1704 1804 agros
1734 1747 1874 1787 suos
1903 1729 2228 1803 reliquisse,
2260 1749 2396 1791 cum
2423 1734 2654 1790 exeun-

402 1841 543 1900 dum
572 1851 730 1901 esset
756 1842 834 1900 ad
864 1841 1176 1902 vincendas
1206 1848 1409 1915 gentes
1430 1839 1874 1914 triumphosque
1894 1837 2253 1898 referendos.
2294 1839 2462 1899 Idem
2491 1842 2657 1900 valet

402 1951 476 2009 de
504 1946 609 2021 36,
652 1944 818 2020 165„
868 1950 971 2007 ubi
1020 1948 1179 2022 quod
1228 1949 1398 2006 unice
1436 1966 1644 2006 verum
1680 1956 1770 2005 est
1803 1948 2206 2006 Laminitanae
2245 1948 2385 2007 solis
2420 1950 2482 2007 in
2524 1949 2654 2008 ΒΚ

400 2065 659 2133 prostat,
698 2057 827 2115 aliis
866 2057 1034 2116 codd.
1075 2064 1134 2113 et
1169 2056 1303 2115 edd.
1344 2056 1602 2131 vulgatis
1644 2056 1795 2114 alias
1837 2056 2158 2132 scripturas
2197 2075 2272 2115 ex
2307 2058 2414 2115 illa
2440 2057 2653 2117 leviter

400 2176 677 2242 corrupta
704 2183 909 2224 omnes
936 2165 1287 2241 prodeuntes
1315 2165 1609 2224 dantibus.
1655 2163 1799 2224 Solo
1827 2183 1904 2223 ex
1927 2163 1990 2221 K
2009 2160 2115 2238 37,
2143 2161 2287 2225 113.
2310 2168 2649 2227 creberrime

400 2276 607 2352 recepi,
640 2277 798 2352 quod
827 2277 1172 2334 confirmant
1197 2292 1408 2333 manus
1436 2275 1629 2350 prima
1657 2284 1716 2334 et
1741 2275 2000 2334 secunda
2039 2276 2254 2334 codicis
2292 2274 2347 2333 B
2383 2278 2650 2335 norober-

398 2388 535 2446 rimi
560 2395 619 2447 et
645 2387 991 2458 creberrimi,
1022 2403 1155 2444 cum
1183 2385 1340 2462 quod
1365 2384 1553 2462 'vulgo
1581 2384 1819 2461 legitur,
1847 2384 2137 2462 cylindros
2158 2404 2234 2444 ex
2252 2383 2651 2463 chrysopraso

397 2500 685 2556 celerrime
712 2497 859 2568 fieri,
889 2503 1014 2555 toto
1041 2496 1174 2554 loco
1201 2495 1478 2572 inspecto,
1505 2496 1705 2572 inepte
1731 2495 1847 2571 legi
1874 2504 2172 2570 appareat.
2217 2495 2334 2554 His
2361 2496 2650 2572 exemplis

401 2606 566 2677 satis,
589 2614 756 2682 puto,
789 2607 1067 2664 docemur
1101 2605 1159 2664 in
1179 2604 1296 2664 illis
1317 2604 1661 2664 lectionibus
1683 2623 1788 2681 per
1808 2603 1869 2662 K
1890 2605 2106 2662 notatis
2122 2604 2371 2680 optimas
2387 2606 2648 2681 scriptu-

397 2732 499 2772 ras
526 2713 730 2785 latere,
763 2731 910 2788 quas
929 2754 946 2784 ,
976 2714 1088 2771 nisi
1116 2714 1372 2771 maxime
1399 2712 1454 2771 B
1497 2713 1565 2771 iis
1604 2712 1929 2785 addiceret,
1973 2712 2135 2770 haud
2177 2714 2300 2772 scio
2339 2732 2419 2772 an
2456 2715 2649 2772 conie-

398 2831 594 2882 cturas
617 2822 880 2881 virorum
901 2823 1204 2881 doctorum
1227 2821 1593 2881 felicissimas
1617 2822 1713 2879 vel
1737 2823 1912 2881 etiam
1933 2822 2414 2898 interpolationes
2436 2825 2646 2882 existi-

396 2949 622 3002 mares3
655 2939 715 2990 et
741 2932 818 2991 ad
839 2930 1283 3009 Dalecampium
1307 2931 1465 2989 omni
1487 2930 1768 2989 mendacii
1787 2931 1885 2989 vel
1906 2931 2288 3006 malignitatis
2313 2934 2645 3009 suspicione

393 3042 760 3101 liberandum
788 3042 850 3100 id
878 3041 1214 3101 addendum
1241 3040 1491 3111 videtur,
1515 3058 1651 3098 eum
1671 3057 1790 3098 non
1811 3058 1930 3099 uno
1949 3041 2011 3098 in
2028 3041 2183 3112 loco,
2207 3040 2374 3099 velut
2394 3037 2455 3099 2.
2481 3045 2511 3110 ᾗ
2536 3037 2639 3101 61.

399 3147 563 3224 134.,
594 3171 781 3213 omnes
800 3162 1011 3213 veteres
1032 3151 1327 3222 laudasse,
1359 3150 1517 3226 quod
1537 3150 1713 3209 modo
1742 3151 1816 3208 de
1840 3150 2103 3208 codicum
2129 3151 2494 3223 lectionibus,
2524 3168 2643 3209 non

394 3260 468 3320 de
522 3262 868 3320 coniectu-ris
905 3263 1212 3320 doctorum
1251 3261 1364 3320 dici
1403 3259 1615 3337 potuit.
1681 3258 1871 3336 Saepe
1921 3277 2065 3317 vero
2097 3258 2317 3334 'plures
2368 3260 2640 3336 deinceps

393 3369 673 3428 lectiones
701 3389 734 3428 e
764 3369 827 3428 V
856 3378 915 3427 et
942 3368 1010 3426 M
1038 3368 1453 3445 Dalecampius
1483 3369 1698 3441 attulit,
1731 3386 1876 3444 quas
1904 3386 2017 3443 ego
2044 3387 2151 3444 per
2183 3366 2275 3425 K¹
2315 3369 2412 3427 vel
2448 3368 2541 3427 K²
2580 3377 2641 3428 et

391 3478 455 3534 r¹
485 3476 582 3534 vel
609 3478 674 3534 ι·2
701 3477 962 3535 distinxi.
1007 3478 1212 3535 Pauca
1238 3478 1508 3535 addenda
1533 3485 1672 3537 sunt
1704 3479 1777 3537 de
1802 3478 1877 3537 iis
1911 3478 2279 3549 lectionibus,
2323 3494 2471 3553 quas
2507 3478 2638 3535 Da-

391 3586 713 3661 lecampius
742 3585 909 3643 nulla
937 3586 1108 3661 sigla,
1139 3586 1305 3645 nullo
1348 3587 1583 3647 nomine
1624 3596 1853 3647 notatas
1894 3588 2148 3663 margini
2188 3587 2639 3646 editionis‘suae

391 3696 631 3768 adlevit,
660 3714 811 3773 quas
842 3713 1197 3770 quamquam
1218 3695 1522 3771 aliquoties
1551 3715 1681 3756 cum
1706 3698 2115 3757 collationibus
2137 3697 2283 3756 meis
2304 3697 2639 3773 conspirare

392 3806 667 3864 videbam
689 3803 804 3882 (uti
822 3802 885 3878 3,
911 3802 993 3878 2.,
1026 3804 1128 3863 ubi
1157 3816 1430 3882 qnantum
1457 3808 1635 3865 etiam
1661 3808 1722 3868 iu
1750 3807 1808 3866 R
1834 3815 2050 3878 exstat,
2081 3807 2177 3865 vel
2205 3807 2421 3866 ibidem
2449 3810 2639 3866 disce-

390 3925 477 3974 ret
518 3922 579 3972 et
612 3916 885 3990 prodibat
924 3935 964 3973 a
1001 3913 1262 3978 Roberto
1303 3913 1740 3989 Orikeladensi,
1784 3917 1858 3974 de
1884 3935 2004 3992 quo
2032 3916 2187 3975 infra
2215 3917 2635 3993 disputabitur,

389 4020 860 4105 confirmantur),
890 4043 990 4084 eas
1019 4034 1215 4085 tamen
1243 4027 1513 4085 omittere
1540 4024 1723 4085 satius
1752 4025 1953 4097 habui,
1984 4033 2044 4083 et
2072 4027 2233 4101 quod
2259 4043 2356 4085 res
2400 4026 2638 4103 saepius

389 4134 559 4192 nimis
596 4135 821 4193 incerta
860 4135 1169 4195 videbatur
1204 4143 1265 4194 et
1297 4134 1457 4213 quod
1495 4135 1634 4194 illae
1669 4135 1943 4194 lectiones
1981 4134 2106 4194 fere
2147 4136 2363 4210 ubique
2391 4136 2637 4196 minoris

389 4244 561 4320 pretii
580 4242 837 4304 ruerunt.
861 4246 989 4305 Iam
1005 4246 1329 4321 quaeritur,
1354 4263 1429 4303 ex
1451 4246 1665 4318 quibus
1685 4244 1978 4305 codicibus
1989 4245 2408 4323 Daleeampius
2428 4264 2636 4306 omnes
