<?xml version="1.0" encoding="UTF-8"?>
<!DOCTYPE html PUBLIC "-//W3C//DTD XHTML 1.0 Transitional//EN"
    "http://www.w3.org/TR/xhtml1/DTD/xhtml1-transitional.dtd">
<html xmlns="http://www.w3.org/1999/xhtml" xml:lang="en" lang="en">
 <head>
  <title>
</title>
<meta http-equiv="Content-Type" content="text/html;charset=utf-8" />
  <meta name='ocr-system' content='tesseract 3.04.00' />
  <meta name='ocr-capabilities' content='ocr_page ocr_carea ocr_par ocr_line ocrx_word'/>
</head>
<body>
  <div class='ocr_page' id='page_1' title='image "./cplinisecundina00sillgoog_0455.png"; bbox 0 0 2961 4861; ppageno 0'>
   <div class='ocr_carea' id='block_1_1' title="bbox 909 311 2651 377">
    <p class='ocr_par' dir='ltr' id='par_1_1' title="bbox 909 311 2651 377">
     <span class='ocr_line' id='line_1_1' title="bbox 909 311 2651 377; baseline 0.001 -5"><span class='ocrx_word' id='word_1_1' title='bbox 909 328 1048 373; x_wconf 82' lang='lat' dir='ltr'>LIB.</span> <span class='ocrx_word' id='word_1_2' title='bbox 1082 330 1180 374; x_wconf 89' lang='grc'><strong>111.</strong></span> <span class='ocrx_word' id='word_1_3' title='bbox 1240 326 1395 375; x_wconf 77' lang='grc' dir='ltr'><strong>οΑΡ.</strong></span> <span class='ocrx_word' id='word_1_4' title='bbox 1429 329 1552 374; x_wconf 86' lang='lat' dir='ltr'>xn.</span> <span class='ocrx_word' id='word_1_5' title='bbox 1583 330 1734 375; x_wconf 86' lang='lat' dir='ltr'>xm.</span> <span class='ocrx_word' id='word_1_6' title='bbox 1795 328 1987 374; x_wconf 72' lang='lat' dir='ltr'>snc&#39;r.</span> <span class='ocrx_word' id='word_1_7' title='bbox 2024 332 2082 373; x_wconf 77' lang='grc' dir='ltr'>ιτ.</span> <span class='ocrx_word' id='word_1_8' title='bbox 2117 329 2173 371; x_wconf 84' lang='lat'>18.</span> <span class='ocrx_word' id='word_1_9' title='bbox 2532 311 2651 377; x_wconf 82' lang='lat'>251</span> 
     </span>
    </p>
   </div>
   <div class='ocr_carea' id='block_1_2' title="bbox 414 474 2785 1065">
    <p class='ocr_par' dir='ltr' id='par_1_2' title="bbox 414 474 2785 1065">
     <span class='ocr_line' id='line_1_2' title="bbox 419 474 2656 554; baseline 0.001 -13"><span class='ocrx_word' id='word_1_10' title='bbox 419 475 704 554; x_wconf 79' lang='lat' dir='ltr'>Caedici,</span> <span class='ocrx_word' id='word_1_11' title='bbox 735 475 1078 540; x_wconf 85' lang='lat' dir='ltr'><strong>Alfaterni.</strong></span> <span class='ocrx_word' id='word_1_12' title='bbox 1138 474 1474 541; x_wconf 78' lang='lat' dir='ltr'>Gellianus</span> <span class='ocrx_word' id='word_1_13' title='bbox 1515 487 1735 543; x_wconf 82' lang='lat' dir='ltr'>auctor</span> <span class='ocrx_word' id='word_1_14' title='bbox 1767 487 1866 543; x_wconf 87' lang='lat' dir='ltr'>est</span> <span class='ocrx_word' id='word_1_15' title='bbox 1906 478 2051 541; x_wconf 90' lang='lat' dir='ltr'>lacu</span> <span class='ocrx_word' id='word_1_16' title='bbox 2078 475 2328 541; x_wconf 84' lang='lat' dir='ltr'>Fucino</span> <span class='ocrx_word' id='word_1_17' title='bbox 2355 477 2656 543; x_wconf 85' lang='lat' dir='ltr'>haustum</span> 
     </span>
     <span class='ocr_line' id='line_1_3' title="bbox 416 575 2654 662; baseline 0.001 -24"><span class='ocrx_word' id='word_1_18' title='bbox 416 575 782 641; x_wconf 83' lang='lat' dir='ltr'>Marsorum</span> <span class='ocrx_word' id='word_1_19' title='bbox 824 576 1134 662; x_wconf 90' lang='lat' dir='ltr'>oppidum</span> <span class='ocrx_word' id='word_1_20' title='bbox 1159 576 1497 661; x_wconf 88' lang='lat' dir='ltr'>Archippe</span> <span class='ocrx_word' id='word_1_21' title='bbox 1541 577 1872 641; x_wconf 76' lang='lat' dir='ltr'>conditum</span> <span class='ocrx_word' id='word_1_22' title='bbox 1913 599 1953 640; x_wconf 89' lang='lat' dir='ltr'>a</span> <span class='ocrx_word' id='word_1_23' title='bbox 1994 575 2267 661; x_wconf 84' lang='lat' dir='ltr'>Marsya</span> <span class='ocrx_word' id='word_1_24' title='bbox 2309 576 2472 641; x_wconf 89' lang='lat' dir='ltr'>duce</span> <span class='ocrx_word' id='word_1_25' title='bbox 2513 577 2654 661; x_wconf 84' lang='lat' dir='ltr'>Ly-</span> 
     </span>
     <span class='ocr_line' id='line_1_4' title="bbox 417 676 2656 755; baseline 0 -15"><span class='ocrx_word' id='word_1_26' title='bbox 417 677 663 755; x_wconf 89' lang='lat' dir='ltr'>dorum,</span> <span class='ocrx_word' id='word_1_27' title='bbox 706 678 861 742; x_wconf 91' lang='lat' dir='ltr'>item</span> <span class='ocrx_word' id='word_1_28' title='bbox 904 676 1332 745; x_wconf 83' lang='lat' dir='ltr'>Viticinorum</span> <span class='ocrx_word' id='word_1_29' title='bbox 1373 678 1442 742; x_wconf 92' lang='lat' dir='ltr'>in</span> <span class='ocrx_word' id='word_1_30' title='bbox 1483 676 1724 743; x_wconf 91' lang='lat' dir='ltr'>Piceno</span> <span class='ocrx_word' id='word_1_31' title='bbox 1768 677 2047 742; x_wconf 90' lang='lat' dir='ltr'>deletum</span> <span class='ocrx_word' id='word_1_32' title='bbox 2093 701 2132 741; x_wconf 93' lang='lat' dir='ltr'>a</span> <span class='ocrx_word' id='word_1_33' title='bbox 2171 678 2476 742; x_wconf 86' lang='lat' dir='ltr'>Romanis</span> <span class='ocrx_word' id='word_1_34' title='bbox 2519 677 2656 743; x_wconf 87' lang='lat' dir='ltr'>Va-</span> 
     </span>
     <span class='ocr_line' id='line_1_5' title="bbox 415 777 2660 865; baseline 0.001 -22"><span class='ocrx_word' id='word_1_35' title='bbox 415 780 716 843; x_wconf 87' lang='lat' dir='ltr'>lerianus.</span> <span class='ocrx_word' id='word_1_36' title='bbox 766 777 988 844; x_wconf 86' lang='lat' dir='ltr'>Sabini</span> <span class='ocrx_word' id='word_1_37' title='bbox 1028 780 1134 864; x_wconf 91' lang='lat' dir='ltr'>(ut</span> <span class='ocrx_word' id='word_1_38' title='bbox 1162 779 1423 862; x_wconf 89' lang='lat' dir='ltr'>quidam</span> <span class='ocrx_word' id='word_1_39' title='bbox 1453 780 1941 858; x_wconf 84' lang='lat' dir='ltr'>existumavere,</span> <span class='ocrx_word' id='word_1_40' title='bbox 1972 803 2011 843; x_wconf 91' lang='lat' dir='ltr'>a</span> <span class='ocrx_word' id='word_1_41' title='bbox 2036 780 2342 865; x_wconf 84' lang='lat' dir='ltr'>religione</span> <span class='ocrx_word' id='word_1_42' title='bbox 2374 792 2439 845; x_wconf 89' lang='lat' dir='ltr'>et</span> <span class='ocrx_word' id='word_1_43' title='bbox 2468 781 2660 845; x_wconf 91' lang='lat' dir='ltr'>deum</span> 
     </span>
     <span class='ocr_line' id='line_1_6' title="bbox 416 876 2660 965; baseline 0.001 -21"><span class='ocrx_word' id='word_1_44' title='bbox 416 881 594 944; x_wconf 87' lang='lat' dir='ltr'>cultu</span> <span class='ocrx_word' id='word_1_45' title='bbox 640 876 861 946; x_wconf 88' lang='lat' dir='ltr'>Sevini</span> <span class='ocrx_word' id='word_1_46' title='bbox 905 879 1239 965; x_wconf 88' lang='lat' dir='ltr'>appellati)</span> <span class='ocrx_word' id='word_1_47' title='bbox 1282 878 1550 943; x_wconf 80' lang='lat' dir='ltr'>Velinos</span> <span class='ocrx_word' id='word_1_48' title='bbox 1594 879 1893 944; x_wconf 88' lang='lat' dir='ltr'>adcolunt</span> <span class='ocrx_word' id='word_1_49' title='bbox 1932 881 2115 945; x_wconf 89' lang='lat' dir='ltr'>lacus</span> <span class='ocrx_word' id='word_1_50' title='bbox 2157 881 2431 945; x_wconf 88' lang='lat' dir='ltr'>roscidis</span> <span class='ocrx_word' id='word_1_51' title='bbox 2478 881 2660 946; x_wconf 61' lang='lat' dir='ltr'>colli-</span> 
     </span>
     <span class='ocr_line' id='line_1_7' title="bbox 414 979 2785 1065; baseline -0.001 -21"><span class='ocrx_word' id='word_1_52' title='bbox 414 979 560 1044; x_wconf 93' lang='lat' dir='ltr'>bus.</span> <span class='ocrx_word' id='word_1_53' title='bbox 624 980 758 1045; x_wconf 91' lang='lat' dir='ltr'>Nar</span> <span class='ocrx_word' id='word_1_54' title='bbox 801 981 1004 1044; x_wconf 89' lang='lat' dir='ltr'>amnis</span> <span class='ocrx_word' id='word_1_55' title='bbox 1049 979 1343 1044; x_wconf 82' lang='lat' dir='ltr'>exhaurit</span> <span class='ocrx_word' id='word_1_56' title='bbox 1382 980 1523 1044; x_wconf 90' lang='lat' dir='ltr'>illos</span> <span class='ocrx_word' id='word_1_57' title='bbox 1568 980 1928 1065; x_wconf 87' lang='lat' dir='ltr'>sulphureis</span> <span class='ocrx_word' id='word_1_58' title='bbox 1972 981 2192 1064; x_wconf 83' lang='lat' dir='ltr'>aquis3</span> <span class='ocrx_word' id='word_1_59' title='bbox 2246 979 2533 1045; x_wconf 87' lang='lat' dir='ltr'>Tiberim</span> <span class='ocrx_word' id='word_1_60' title='bbox 2580 1004 2660 1046; x_wconf 87' lang='lat' dir='ltr'>ex</span> <span class='ocrx_word' id='word_1_61' title='bbox 2690 1000 2785 1045; x_wconf 83' lang='lat'>109</span> 
     </span>
    </p>
   </div>
   <div class='ocr_carea' id='block_1_3' title="bbox 313 1081 2791 2274">
    <p class='ocr_par' dir='ltr' id='par_1_3' title="bbox 313 1081 2791 1974">
     <span class='ocr_line' id='line_1_8' title="bbox 415 1081 2658 1169; baseline 0.001 -22"><span class='ocrx_word' id='word_1_62' title='bbox 415 1083 515 1147; x_wconf 92' lang='lat' dir='ltr'>his</span> <span class='ocrx_word' id='word_1_63' title='bbox 569 1094 797 1169; x_wconf 88' lang='lat' dir='ltr'>petens</span> <span class='ocrx_word' id='word_1_64' title='bbox 854 1084 1060 1168; x_wconf 89' lang='lat' dir='ltr'>replet</span> <span class='ocrx_word' id='word_1_65' title='bbox 1126 1105 1160 1147; x_wconf 93' lang='lat' dir='ltr'>e</span> <span class='ocrx_word' id='word_1_66' title='bbox 1226 1092 1440 1148; x_wconf 89' lang='lat' dir='ltr'>monte</span> <span class='ocrx_word' id='word_1_67' title='bbox 1500 1081 1779 1149; x_wconf 86' lang='lat' dir='ltr'>Fiscello</span> <span class='ocrx_word' id='word_1_68' title='bbox 1834 1083 2057 1151; x_wconf 87' lang='lat' dir='ltr'>labens</span> <span class='ocrx_word' id='word_1_69' title='bbox 2113 1086 2297 1149; x_wconf 87' lang='lat' dir='ltr'>iuxta</span> <span class='ocrx_word' id='word_1_70' title='bbox 2342 1084 2658 1149; x_wconf 82' lang='lat' dir='ltr'>&#39;Vacunae</span> 
     </span>
     <span class='ocr_line' id='line_1_9' title="bbox 313 1170 2657 1273; baseline 0.001 -25"><span class='ocrx_word' id='word_1_71' title='bbox 313 1203 324 1215; x_wconf 50' lang='lat'><strong>⁸</strong></span> <span class='ocrx_word' id='word_1_72' title='bbox 415 1207 678 1249; x_wconf 91' lang='lat' dir='ltr'>nemora</span> <span class='ocrx_word' id='word_1_73' title='bbox 708 1195 774 1249; x_wconf 92' lang='lat' dir='ltr'>et</span> <span class='ocrx_word' id='word_1_74' title='bbox 798 1184 1003 1248; x_wconf 85' lang='lat' dir='ltr'>Reate</span> <span class='ocrx_word' id='word_1_75' title='bbox 1045 1185 1111 1247; x_wconf 91' lang='lat' dir='ltr'>in</span> <span class='ocrx_word' id='word_1_76' title='bbox 1157 1183 1415 1249; x_wconf 87' lang='lat' dir='ltr'>eosdem</span> <span class='ocrx_word' id='word_1_77' title='bbox 1460 1184 1774 1250; x_wconf 88' lang='lat' dir='ltr'>conditus.</span> <span class='ocrx_word' id='word_1_78' title='bbox 1843 1183 1941 1248; x_wconf 92' lang='lat' dir='ltr'>At</span> <span class='ocrx_word' id='word_1_79' title='bbox 1983 1207 2063 1249; x_wconf 87' lang='lat' dir='ltr'>ex</span> <span class='ocrx_word' id='word_1_80' title='bbox 2106 1185 2230 1273; x_wconf 80' lang='lat' dir='ltr'>alia</span> <span class='ocrx_word' id='word_1_81' title='bbox 2269 1170 2451 1269; x_wconf 79' lang='lat' dir='ltr'>parte</span> <span class='ocrx_word' id='word_1_82' title='bbox 2481 1186 2657 1250; x_wconf 90' lang='lat' dir='ltr'>Anio</span> 
     </span>
     <span class='ocr_line' id='line_1_10' title="bbox 415 1284 2659 1369; baseline 0.001 -20"><span class='ocrx_word' id='word_1_83' title='bbox 415 1286 483 1349; x_wconf 93' lang='lat' dir='ltr'>in</span> <span class='ocrx_word' id='word_1_84' title='bbox 521 1296 736 1349; x_wconf 89' lang='lat' dir='ltr'>monte</span> <span class='ocrx_word' id='word_1_85' title='bbox 765 1284 1207 1349; x_wconf 84' lang='lat' dir='ltr'>Trebanorum</span> <span class='ocrx_word' id='word_1_86' title='bbox 1250 1295 1428 1347; x_wconf 89' lang='lat' dir='ltr'>ortus</span> <span class='ocrx_word' id='word_1_87' title='bbox 1469 1284 1648 1348; x_wconf 88' lang='lat' dir='ltr'>lacus</span> <span class='ocrx_word' id='word_1_88' title='bbox 1693 1285 1807 1348; x_wconf 87' lang='lat' dir='ltr'>tris</span> <span class='ocrx_word' id='word_1_89' title='bbox 1851 1285 2232 1349; x_wconf 88' lang='lat' dir='ltr'>amoenitate</span> <span class='ocrx_word' id='word_1_90' title='bbox 2275 1286 2505 1350; x_wconf 92' lang='lat' dir='ltr'>nobilis</span> <span class='ocrx_word' id='word_1_91' title='bbox 2549 1288 2659 1369; x_wconf 91' lang='lat' dir='ltr'>qui</span> 
     </span>
     <span class='ocr_line' id='line_1_11' title="bbox 415 1382 2661 1475; baseline 0.001 -25"><span class='ocrx_word' id='word_1_92' title='bbox 415 1409 650 1451; x_wconf 90' lang='lat' dir='ltr'>nomen</span> <span class='ocrx_word' id='word_1_93' title='bbox 693 1386 925 1451; x_wconf 87' lang='lat' dir='ltr'>dedere</span> <span class='ocrx_word' id='word_1_94' title='bbox 959 1382 1327 1468; x_wconf 88' lang='lat' dir='ltr'>Sublaqueo</span> <span class='ocrx_word' id='word_1_95' title='bbox 1372 1385 1586 1450; x_wconf 88' lang='lat' dir='ltr'>defert</span> <span class='ocrx_word' id='word_1_96' title='bbox 1625 1384 1693 1448; x_wconf 93' lang='lat' dir='ltr'>in</span> <span class='ocrx_word' id='word_1_97' title='bbox 1721 1384 2028 1450; x_wconf 84' lang='lat' dir='ltr'>Tiberim.</span> <span class='ocrx_word' id='word_1_98' title='bbox 2083 1385 2163 1450; x_wconf 92' lang='lat' dir='ltr'>In</span> <span class='ocrx_word' id='word_1_99' title='bbox 2204 1409 2361 1475; x_wconf 86' lang='lat' dir='ltr'>agro</span> <span class='ocrx_word' id='word_1_100' title='bbox 2388 1387 2661 1452; x_wconf 85' lang='lat' dir='ltr'>Reatino</span> 
     </span>
     <span class='ocr_line' id='line_1_12' title="bbox 421 1485 2661 1570; baseline 0 -19"><span class='ocrx_word' id='word_1_101' title='bbox 421 1485 695 1552; x_wconf 88' lang='lat' dir='ltr'>Cutiliae</span> <span class='ocrx_word' id='word_1_102' title='bbox 748 1487 987 1564; x_wconf 87' lang='lat' dir='ltr'>lacum,</span> <span class='ocrx_word' id='word_1_103' title='bbox 1043 1488 1110 1550; x_wconf 91' lang='lat' dir='ltr'>in</span> <span class='ocrx_word' id='word_1_104' title='bbox 1155 1508 1283 1570; x_wconf 92' lang='lat' dir='ltr'>quo</span> <span class='ocrx_word' id='word_1_105' title='bbox 1325 1485 1674 1550; x_wconf 87' lang='lat' dir='ltr'>fluctuetur</span> <span class='ocrx_word' id='word_1_106' title='bbox 1715 1486 1956 1562; x_wconf 91' lang='lat' dir='ltr'>insula,</span> <span class='ocrx_word' id='word_1_107' title='bbox 2012 1486 2234 1551; x_wconf 91' lang='lat' dir='ltr'>Italiae</span> <span class='ocrx_word' id='word_1_108' title='bbox 2287 1488 2661 1552; x_wconf 86' lang='lat' dir='ltr'>umbilicum</span> 
     </span>
     <span class='ocr_line' id='line_1_13' title="bbox 420 1582 2662 1666; baseline 0 -13"><span class='ocrx_word' id='word_1_109' title='bbox 420 1611 561 1653; x_wconf 90' lang='lat' dir='ltr'>esse</span> <span class='ocrx_word' id='word_1_110' title='bbox 613 1587 710 1666; x_wconf 85' lang='lat' dir='ltr'>M.</span> <span class='ocrx_word' id='word_1_111' title='bbox 755 1588 964 1653; x_wconf 83' lang='lat' dir='ltr'>Varro</span> <span class='ocrx_word' id='word_1_112' title='bbox 1023 1587 1233 1651; x_wconf 85' lang='lat' dir='ltr'>tradit.</span> <span class='ocrx_word' id='word_1_113' title='bbox 1301 1586 1483 1650; x_wconf 81' lang='lat' dir='ltr'>Infra</span> <span class='ocrx_word' id='word_1_114' title='bbox 1538 1582 1812 1650; x_wconf 89' lang='lat' dir='ltr'>Sabinos</span> <span class='ocrx_word' id='word_1_115' title='bbox 1864 1585 2126 1651; x_wconf 83' lang='lat' dir='ltr'>Latium·</span> <span class='ocrx_word' id='word_1_116' title='bbox 2181 1599 2313 1664; x_wconf 90' lang='lat' dir='ltr'>est,</span> <span class='ocrx_word' id='word_1_117' title='bbox 2374 1611 2413 1652; x_wconf 93' lang='lat' dir='ltr'>a</span> <span class='ocrx_word' id='word_1_118' title='bbox 2462 1590 2662 1655; x_wconf 88' lang='lat' dir='ltr'>latere</span> 
     </span>
     <span class='ocr_line' id='line_1_14' title="bbox 416 1683 2661 1775; baseline -0 -22"><span class='ocrx_word' id='word_1_119' title='bbox 416 1689 762 1767; x_wconf 88' lang='lat' dir='ltr'>Picenum,</span> <span class='ocrx_word' id='word_1_120' title='bbox 809 1712 848 1752; x_wconf 91' lang='lat' dir='ltr'>a</span> <span class='ocrx_word' id='word_1_121' title='bbox 892 1700 1073 1775; x_wconf 86' lang='lat' dir='ltr'>tergo</span> <span class='ocrx_word' id='word_1_122' title='bbox 1117 1687 1421 1764; x_wconf 87' lang='lat' dir='ltr'>Umbria,</span> <span class='ocrx_word' id='word_1_123' title='bbox 1478 1685 1855 1771; x_wconf 88' lang='lat' dir='ltr'>Appennini</span> <span class='ocrx_word' id='word_1_124' title='bbox 1898 1685 2071 1773; x_wconf 85' lang='lat' dir='ltr'>iugis</span> <span class='ocrx_word' id='word_1_125' title='bbox 2118 1683 2390 1752; x_wconf 87' lang='lat' dir='ltr'>Sabinos</span> <span class='ocrx_word' id='word_1_126' title='bbox 2432 1690 2661 1752; x_wconf 88' lang='lat' dir='ltr'>utrim-</span> 
     </span>
     <span class='ocr_line' id='line_1_15' title="bbox 417 1788 993 1875; baseline -0.005 -20"><span class='ocrx_word' id='word_1_127' title='bbox 417 1812 542 1875; x_wconf 82' lang='lat' dir='ltr'>que</span> <span class='ocrx_word' id='word_1_128' title='bbox 585 1788 993 1854; x_wconf 59' lang='lat' dir='ltr'>vallantibus</span> 
     </span>
     <span class='ocr_line' id='line_1_16' title="bbox 501 1885 2791 1974; baseline -0.002 -20"><span class='ocrx_word' id='word_1_129' title='bbox 501 1890 698 1954; x_wconf 86' lang='lat' dir='ltr'>XIII.</span> <span class='ocrx_word' id='word_1_130' title='bbox 768 1889 869 1953; x_wconf 91' lang='lat'>18.</span> <span class='ocrx_word' id='word_1_131' title='bbox 926 1887 1175 1968; x_wconf 78' lang='lat' dir='ltr'>Quinta</span> <span class='ocrx_word' id='word_1_132' title='bbox 1226 1886 1407 1974; x_wconf 85' lang='lat' dir='ltr'>regio</span> <span class='ocrx_word' id='word_1_133' title='bbox 1457 1885 1680 1950; x_wconf 88' lang='lat' dir='ltr'>Piceni</span> <span class='ocrx_word' id='word_1_134' title='bbox 1736 1895 1866 1963; x_wconf 88' lang='lat' dir='ltr'>est,</span> <span class='ocrx_word' id='word_1_135' title='bbox 1927 1887 2275 1969; x_wconf 80' lang='lat' dir='ltr'>quondam&#39;</span> <span class='ocrx_word' id='word_1_136' title='bbox 2302 1887 2661 1955; x_wconf 84' lang='lat' dir='ltr'>uberrimae</span> <span class='ocrx_word' id='word_1_137' title='bbox 2692 1907 2791 1951; x_wconf 88' lang='lat'>110</span> 
     </span>
    </p>

    <p class='ocr_par' dir='ltr' id='par_1_4' title="bbox 417 1985 2660 2274">
     <span class='ocr_line' id='line_1_17' title="bbox 419 1985 2660 2074; baseline -0.005 -19"><span class='ocrx_word' id='word_1_138' title='bbox 419 1990 878 2067; x_wconf 85' lang='lat' dir='ltr'>multitudinis3</span> <span class='ocrx_word' id='word_1_139' title='bbox 948 2010 1151 2052; x_wconf 70' lang='lat' dir='ltr'>cconx</span> <span class='ocrx_word' id='word_1_140' title='bbox 1220 1987 1393 2051; x_wconf 90' lang='lat' dir='ltr'>milia</span> <span class='ocrx_word' id='word_1_141' title='bbox 1446 1985 1810 2050; x_wconf 77' lang='lat' dir='ltr'>Picenti-um</span> <span class='ocrx_word' id='word_1_142' title='bbox 1871 1986 1939 2050; x_wconf 92' lang='lat' dir='ltr'>in</span> <span class='ocrx_word' id='word_1_143' title='bbox 2005 1987 2199 2051; x_wconf 90' lang='lat' dir='ltr'>fidem</span> <span class='ocrx_word' id='word_1_144' title='bbox 2252 1990 2473 2074; x_wconf 91' lang='lat' dir='ltr'>populi</span> <span class='ocrx_word' id='word_1_145' title='bbox 2524 1989 2660 2055; x_wconf 87' lang='lat' dir='ltr'>Ro-</span> 
     </span>
     <span class='ocr_line' id='line_1_18' title="bbox 417 2084 2649 2157; baseline -0 0"><span class='ocrx_word' id='word_1_146' title='bbox 417 2093 589 2157; x_wconf 89' lang='lat' dir='ltr'>mani</span> <span class='ocrx_word' id='word_1_147' title='bbox 629 2113 880 2156; x_wconf 87' lang='lat' dir='ltr'>venere.</span> <span class='ocrx_word' id='word_1_148' title='bbox 951 2087 1097 2153; x_wconf 90' lang='lat' dir='ltr'>Orti</span> <span class='ocrx_word' id='word_1_149' title='bbox 1140 2099 1288 2152; x_wconf 91' lang='lat' dir='ltr'>sunt</span> <span class='ocrx_word' id='word_1_150' title='bbox 1324 2109 1363 2150; x_wconf 91' lang='lat' dir='ltr'>a</span> <span class='ocrx_word' id='word_1_151' title='bbox 1401 2084 1660 2152; x_wconf 89' lang='lat' dir='ltr'>Sabinis</span> <span class='ocrx_word' id='word_1_152' title='bbox 1698 2096 1847 2150; x_wconf 88' lang='lat' dir='ltr'>voto</span> <span class='ocrx_word' id='word_1_153' title='bbox 1890 2109 2039 2152; x_wconf 88' lang='lat' dir='ltr'>vere</span> <span class='ocrx_word' id='word_1_154' title='bbox 2080 2110 2278 2153; x_wconf 89' lang='lat' dir='ltr'>sacr0.</span> <span class='ocrx_word' id='word_1_155' title='bbox 2352 2089 2649 2156; x_wconf 90' lang='lat' dir='ltr'>Tenuere</span> 
     </span>
     <span class='ocr_line' id='line_1_19' title="bbox 418 2185 2660 2274; baseline 0 -17"><span class='ocrx_word' id='word_1_156' title='bbox 418 2194 498 2259; x_wconf 88' lang='lat' dir='ltr'>ab</span> <span class='ocrx_word' id='word_1_157' title='bbox 542 2193 791 2257; x_wconf 89' lang='lat' dir='ltr'>Aterno</span> <span class='ocrx_word' id='word_1_158' title='bbox 835 2214 1019 2256; x_wconf 91' lang='lat' dir='ltr'>amne</span> <span class='ocrx_word' id='word_1_159' title='bbox 1037 2239 1054 2268; x_wconf 95' lang='lat'>,</span> <span class='ocrx_word' id='word_1_160' title='bbox 1100 2189 1212 2254; x_wconf 93' lang='lat' dir='ltr'>ubi</span> <span class='ocrx_word' id='word_1_161' title='bbox 1256 2210 1426 2253; x_wconf 88' lang='lat' dir='ltr'>nunc</span> <span class='ocrx_word' id='word_1_162' title='bbox 1469 2210 1626 2274; x_wconf 88' lang='lat' dir='ltr'>ager</span> <span class='ocrx_word' id='word_1_163' title='bbox 1667 2185 2040 2252; x_wconf 85' lang='lat' dir='ltr'>Hadrianus</span> <span class='ocrx_word' id='word_1_164' title='bbox 2085 2199 2151 2253; x_wconf 88' lang='lat' dir='ltr'>et</span> <span class='ocrx_word' id='word_1_165' title='bbox 2191 2188 2442 2255; x_wconf 89' lang='lat' dir='ltr'>Hadria</span> <span class='ocrx_word' id='word_1_166' title='bbox 2488 2194 2660 2258; x_wconf 88' lang='lat' dir='ltr'>colo-</span> 
     </span>
    </p>
   </div>
   <div class='ocr_carea' id='block_1_4' title="bbox 373 2388 2664 4277">
    <p class='ocr_par' dir='ltr' id='par_1_5' title="bbox 415 2388 2664 2653">
     <span class='ocr_line' id='line_1_20' title="bbox 416 2388 2664 2464; baseline -0.001 -14"><span class='ocrx_word' id='word_1_167' title='bbox 416 2417 462 2452; x_wconf 87' lang='grc' dir='ltr'>σ.</span> <span class='ocrx_word' id='word_1_168' title='bbox 490 2443 553 2450; x_wconf 79' lang='grc'>.-</span> <span class='ocrx_word' id='word_1_169' title='bbox 589 2396 822 2464; x_wconf 82' lang='lat' dir='ltr'>Achirpe‚</span> <span class='ocrx_word' id='word_1_170' title='bbox 847 2399 895 2447; x_wconf 89' lang='lat' dir='ltr'>d.</span> <span class='ocrx_word' id='word_1_171' title='bbox 934 2438 996 2446; x_wconf 87' lang='grc'>.-.</span> <span class='ocrx_word' id='word_1_172' title='bbox 1033 2395 1224 2446; x_wconf 80' lang='lat' dir='ltr'>amarsi</span> <span class='ocrx_word' id='word_1_173' title='bbox 1245 2394 1400 2444; x_wconf 76' lang='lat' dir='ltr'>adhuc</span> <span class='ocrx_word' id='word_1_174' title='bbox 1435 2388 1703 2458; x_wconf 77' lang='lat' dir='ltr'>elydorum,</span> <span class='ocrx_word' id='word_1_175' title='bbox 1737 2391 1805 2442; x_wconf 90' lang='lat' dir='ltr'>A.</span> <span class='ocrx_word' id='word_1_176' title='bbox 1844 2430 1908 2441; x_wconf 69' lang='grc'><strong>-</strong></span> <span class='ocrx_word' id='word_1_177' title='bbox 1959 2391 2283 2456; x_wconf 77' lang='lat' dir='ltr'>Viticinorum,</span> <span class='ocrx_word' id='word_1_178' title='bbox 2307 2396 2519 2448; x_wconf 82' lang='lat' dir='ltr'>RSTd.</span> <span class='ocrx_word' id='word_1_179' title='bbox 2579 2397 2664 2448; x_wconf 89' lang='lat' dir='ltr'>Vi-</span> 
     </span>
     <span class='ocr_line' id='line_1_21' title="bbox 418 2460 2663 2528; baseline -0.001 -11"><span class='ocrx_word' id='word_1_180' title='bbox 418 2468 701 2527; x_wconf 82' lang='lat' dir='ltr'>dicinorum,</span> <span class='ocrx_word' id='word_1_181' title='bbox 726 2462 844 2527; x_wconf 71' lang='lat' dir='ltr'>Ass.</span> <span class='ocrx_word' id='word_1_182' title='bbox 884 2505 947 2513; x_wconf 83' lang='lat'>-.</span> <span class='ocrx_word' id='word_1_183' title='bbox 985 2465 1198 2528; x_wconf 84' lang='lat' dir='ltr'>quidam,</span> <span class='ocrx_word' id='word_1_184' title='bbox 1231 2463 1307 2511; x_wconf 89' lang='lat' dir='ltr'>uti</span> <span class='ocrx_word' id='word_1_185' title='bbox 1328 2462 1497 2510; x_wconf 84' lang='lat' dir='ltr'>Varro</span> <span class='ocrx_word' id='word_1_186' title='bbox 1532 2462 1667 2522; x_wconf 87' lang='lat' dir='ltr'>apud</span> <span class='ocrx_word' id='word_1_187' title='bbox 1689 2461 1828 2509; x_wconf 84' lang='lat' dir='ltr'>Fest.</span> <span class='ocrx_word' id='word_1_188' title='bbox 1861 2474 1912 2523; x_wconf 90' lang='lat' dir='ltr'>p.</span> <span class='ocrx_word' id='word_1_189' title='bbox 1939 2466 2053 2508; x_wconf 86' lang='lat'>343.</span> <span class='ocrx_word' id='word_1_190' title='bbox 2092 2502 2155 2509; x_wconf 89' lang='lat'>....</span> <span class='ocrx_word' id='word_1_191' title='bbox 2194 2460 2347 2523; x_wconf 84' lang='lat' dir='ltr'>deum,</span> <span class='ocrx_word' id='word_1_192' title='bbox 2371 2464 2501 2521; x_wconf 61' lang='grc' dir='ltr'>ΒΑ,</span> <span class='ocrx_word' id='word_1_193' title='bbox 2548 2464 2663 2516; x_wconf 84' lang='lat' dir='ltr'>deo-</span> 
     </span>
     <span class='ocr_line' id='line_1_22' title="bbox 415 2523 2661 2597; baseline -0.001 -12"><span class='ocrx_word' id='word_1_194' title='bbox 415 2554 535 2597; x_wconf 84' lang='lat' dir='ltr'>rum,</span> <span class='ocrx_word' id='word_1_195' title='bbox 562 2531 704 2597; x_wconf 73' lang='grc' dir='ltr'>ᾶβγ.</span> <span class='ocrx_word' id='word_1_196' title='bbox 739 2534 860 2583; x_wconf 90' lang='lat' dir='ltr'>Vid.</span> <span class='ocrx_word' id='word_1_197' title='bbox 886 2534 952 2581; x_wconf 80' lang='lat' dir='ltr'>ad</span> <span class='ocrx_word' id='word_1_198' title='bbox 973 2538 1057 2592; x_wconf 86' lang='lat'>34,</span> <span class='ocrx_word' id='word_1_199' title='bbox 1084 2538 1129 2580; x_wconf 90' lang='lat'>1.</span> <span class='ocrx_word' id='word_1_200' title='bbox 1167 2570 1231 2578; x_wconf 81' lang='grc'>.-</span> <span class='ocrx_word' id='word_1_201' title='bbox 1268 2526 1445 2588; x_wconf 83' lang='lat' dir='ltr'>Sebini,</span> <span class='ocrx_word' id='word_1_202' title='bbox 1467 2528 1518 2576; x_wconf 80' lang='lat' dir='ltr'>R</span> <span class='ocrx_word' id='word_1_203' title='bbox 1543 2523 1596 2588; x_wconf 86' lang='lat' dir='ltr'>(b</span> <span class='ocrx_word' id='word_1_204' title='bbox 1617 2527 1671 2574; x_wconf 92' lang='lat' dir='ltr'>in</span> <span class='ocrx_word' id='word_1_205' title='bbox 1695 2523 1850 2587; x_wconf 86' lang='lat' dir='ltr'>corr.)</span> <span class='ocrx_word' id='word_1_206' title='bbox 1877 2566 1939 2574; x_wconf 78' lang='grc'><strong>-</strong></span> <span class='ocrx_word' id='word_1_207' title='bbox 1978 2525 2197 2589; x_wconf 77' lang='lat' dir='ltr'>roscidis,</span> <span class='ocrx_word' id='word_1_208' title='bbox 2222 2531 2268 2579; x_wconf 90' lang='lat' dir='ltr'>d.</span> <span class='ocrx_word' id='word_1_209' title='bbox 2307 2529 2571 2594; x_wconf 76' lang='lat' dir='ltr'>proscidis,</span> <span class='ocrx_word' id='word_1_210' title='bbox 2596 2534 2661 2584; x_wconf 89' lang='lat' dir='ltr'>B.</span> 
     </span>
     <span class='ocr_line' id='line_1_23' title="bbox 416 2601 739 2653; baseline -0.006 -2"><span class='ocrx_word' id='word_1_211' title='bbox 416 2620 471 2652; x_wconf 91' lang='lat' dir='ltr'>ro</span> <span class='ocrx_word' id='word_1_212' title='bbox 506 2601 633 2653; x_wconf 85' lang='lat' dir='ltr'>cidis</span> <span class='ocrx_word' id='word_1_213' title='bbox 671 2602 739 2650; x_wconf 90' lang='lat' dir='ltr'>A.</span> 
     </span>
    </p>

    <p class='ocr_par' dir='ltr' id='par_1_6' title="bbox 373 2619 2661 4140">
     <span class='ocr_line' id='line_1_24' title="bbox 468 2619 2661 2730; baseline -0.001 -10"><span class='ocrx_word' id='word_1_214' title='bbox 468 2619 513 2730; x_wconf 54' lang='grc' dir='ltr'>’ξ</span> <span class='ocrx_word' id='word_1_215' title='bbox 542 2639 654 2720; x_wconf 79' lang='lat'>109’.</span> <span class='ocrx_word' id='word_1_216' title='bbox 692 2664 936 2727; x_wconf 75' lang='lat' dir='ltr'>exhaurit,</span> <span class='ocrx_word' id='word_1_217' title='bbox 968 2667 1018 2715; x_wconf 83' lang='lat' dir='ltr'>R</span> <span class='ocrx_word' id='word_1_218' title='bbox 1051 2663 1240 2728; x_wconf 77' lang='lat' dir='ltr'>(haurit</span> <span class='ocrx_word' id='word_1_219' title='bbox 1274 2676 1339 2712; x_wconf 88' lang='lat' dir='ltr'>ex</span> <span class='ocrx_word' id='word_1_220' title='bbox 1371 2659 1526 2722; x_wconf 90' lang='lat' dir='ltr'>corr.)</span> <span class='ocrx_word' id='word_1_221' title='bbox 1571 2700 1622 2708; x_wconf 83' lang='grc'>..</span> <span class='ocrx_word' id='word_1_222' title='bbox 1661 2658 1796 2723; x_wconf 84' lang='lat' dir='ltr'>illas,</span> <span class='ocrx_word' id='word_1_223' title='bbox 1829 2663 1897 2720; x_wconf 84' lang='lat' dir='ltr'>A.</span> <span class='ocrx_word' id='word_1_224' title='bbox 1950 2663 2045 2712; x_wconf 87' lang='lat' dir='ltr'>His</span> <span class='ocrx_word' id='word_1_225' title='bbox 2078 2664 2201 2726; x_wconf 88' lang='lat' dir='ltr'>ipsis</span> <span class='ocrx_word' id='word_1_226' title='bbox 2234 2665 2287 2712; x_wconf 92' lang='lat' dir='ltr'>in</span> <span class='ocrx_word' id='word_1_227' title='bbox 2309 2667 2474 2716; x_wconf 81' lang='lat' dir='ltr'>verbis</span> <span class='ocrx_word' id='word_1_228' title='bbox 2497 2668 2661 2718; x_wconf 77' lang='lat' dir='ltr'>multa</span> 
     </span>
     <span class='ocr_line' id='line_1_25' title="bbox 414 2730 2660 2798; baseline -0.001 -12"><span class='ocrx_word' id='word_1_229' title='bbox 414 2745 579 2787; x_wconf 83' lang='lat' dir='ltr'>mutat</span> <span class='ocrx_word' id='word_1_230' title='bbox 598 2737 791 2795; x_wconf 70' lang='lat' dir='ltr'>Dalec„</span> <span class='ocrx_word' id='word_1_231' title='bbox 817 2735 903 2798; x_wconf 94' lang='lat' dir='ltr'>qui</span> <span class='ocrx_word' id='word_1_232' title='bbox 927 2736 1030 2783; x_wconf 89' lang='lat' dir='ltr'>hoc</span> <span class='ocrx_word' id='word_1_233' title='bbox 1052 2741 1187 2782; x_wconf 86' lang='lat' dir='ltr'>recte</span> <span class='ocrx_word' id='word_1_234' title='bbox 1211 2731 1382 2791; x_wconf 88' lang='lat' dir='ltr'>sensit,</span> <span class='ocrx_word' id='word_1_235' title='bbox 1414 2730 1666 2779; x_wconf 83' lang='lat' dir='ltr'>nonnulla</span> <span class='ocrx_word' id='word_1_236' title='bbox 1687 2730 1742 2778; x_wconf 92' lang='lat' dir='ltr'>in</span> <span class='ocrx_word' id='word_1_237' title='bbox 1764 2731 1825 2780; x_wconf 88' lang='lat' dir='ltr'>iis</span> <span class='ocrx_word' id='word_1_238' title='bbox 1850 2745 1976 2791; x_wconf 87' lang='lat' dir='ltr'>esse,</span> <span class='ocrx_word' id='word_1_239' title='bbox 2011 2746 2156 2793; x_wconf 86' lang='lat' dir='ltr'>quae,</span> <span class='ocrx_word' id='word_1_240' title='bbox 2181 2734 2256 2781; x_wconf 92' lang='lat' dir='ltr'>uti</span> <span class='ocrx_word' id='word_1_241' title='bbox 2278 2734 2380 2782; x_wconf 89' lang='lat' dir='ltr'>iam</span> <span class='ocrx_word' id='word_1_242' title='bbox 2403 2735 2660 2798; x_wconf 83' lang='lat' dir='ltr'>leguntur,</span> 
     </span>
     <span class='ocr_line' id='line_1_26' title="bbox 413 2797 2660 2865; baseline -0.002 -11"><span class='ocrx_word' id='word_1_243' title='bbox 413 2806 635 2854; x_wconf 88' lang='lat' dir='ltr'>Plinium</span> <span class='ocrx_word' id='word_1_244' title='bbox 648 2803 902 2865; x_wconf 84' lang='lat' dir='ltr'>scripsisse</span> <span class='ocrx_word' id='word_1_245' title='bbox 925 2816 1032 2850; x_wconf 91' lang='lat' dir='ltr'>non</span> <span class='ocrx_word' id='word_1_246' title='bbox 1055 2808 1132 2850; x_wconf 91' lang='lat' dir='ltr'>est</span> <span class='ocrx_word' id='word_1_247' title='bbox 1155 2798 1402 2848; x_wconf 83' lang='lat' dir='ltr'>credibile.</span> <span class='ocrx_word' id='word_1_248' title='bbox 1427 2798 1561 2848; x_wconf 81' lang='lat' dir='ltr'>Nam</span> <span class='ocrx_word' id='word_1_249' title='bbox 1574 2798 1695 2859; x_wconf 90' lang='lat' dir='ltr'>quid</span> <span class='ocrx_word' id='word_1_250' title='bbox 1711 2797 1805 2847; x_wconf 90' lang='lat' dir='ltr'>sibi</span> <span class='ocrx_word' id='word_1_251' title='bbox 1828 2798 1985 2847; x_wconf 85' lang='lat' dir='ltr'>velint</span> <span class='ocrx_word' id='word_1_252' title='bbox 2001 2800 2153 2849; x_wconf 84' lang='lat' dir='ltr'>verba</span> <span class='ocrx_word' id='word_1_253' title='bbox 2176 2798 2409 2850; x_wconf 74' lang='lat' dir='ltr'>exhaurit</span> <span class='ocrx_word' id='word_1_254' title='bbox 2428 2801 2537 2852; x_wconf 80' lang='lat' dir='ltr'>illos</span> <span class='ocrx_word' id='word_1_255' title='bbox 2554 2801 2660 2850; x_wconf 85' lang='lat' dir='ltr'>sul-</span> 
     </span>
     <span class='ocr_line' id='line_1_27' title="bbox 409 2866 2656 2936; baseline 0 -18"><span class='ocrx_word' id='word_1_256' title='bbox 409 2870 611 2936; x_wconf 87' lang='lat' dir='ltr'>phureis</span> <span class='ocrx_word' id='word_1_257' title='bbox 636 2870 795 2934; x_wconf 82' lang='lat' dir='ltr'>aquis,</span> <span class='ocrx_word' id='word_1_258' title='bbox 828 2884 977 2918; x_wconf 90' lang='lat' dir='ltr'>nemo</span> <span class='ocrx_word' id='word_1_259' title='bbox 1001 2868 1150 2917; x_wconf 86' lang='lat' dir='ltr'>facile</span> <span class='ocrx_word' id='word_1_260' title='bbox 1175 2867 1358 2916; x_wconf 83' lang='lat' dir='ltr'>dixerit</span> <span class='ocrx_word' id='word_1_261' title='bbox 1381 2873 1579 2928; x_wconf 89' lang='lat' dir='ltr'>praeter</span> <span class='ocrx_word' id='word_1_262' title='bbox 1593 2866 1928 2925; x_wconf 88' lang='lat' dir='ltr'>Harduinum‚</span> <span class='ocrx_word' id='word_1_263' title='bbox 1950 2867 2035 2929; x_wconf 92' lang='lat' dir='ltr'>qui</span> <span class='ocrx_word' id='word_1_264' title='bbox 2052 2868 2179 2915; x_wconf 88' lang='lat' dir='ltr'>mire</span> <span class='ocrx_word' id='word_1_265' title='bbox 2198 2883 2257 2917; x_wconf 87' lang='lat' dir='ltr'>ea</span> <span class='ocrx_word' id='word_1_266' title='bbox 2280 2870 2656 2931; x_wconf 83' lang='lat' dir='ltr'>interpretatur:</span> 
     </span>
     <span class='ocr_line' id='line_1_28' title="bbox 415 2932 2656 2999; baseline -0.001 -11"><span class='ocrx_word' id='word_1_267' title='bbox 415 2940 588 2998; x_wconf 87' lang='lat' dir='ltr'>„lacus</span> <span class='ocrx_word' id='word_1_268' title='bbox 621 2937 898 2999; x_wconf 88' lang='lat' dir='ltr'>corrumpit</span> <span class='ocrx_word' id='word_1_269' title='bbox 923 2936 975 2984; x_wconf 89' lang='lat' dir='ltr'>in</span> <span class='ocrx_word' id='word_1_270' title='bbox 1010 2950 1138 2998; x_wconf 90' lang='lat' dir='ltr'>quos</span> <span class='ocrx_word' id='word_1_271' title='bbox 1163 2933 1440 2983; x_wconf 88' lang='lat' dir='ltr'>conditur.&#39;&#39;</span> <span class='ocrx_word' id='word_1_272' title='bbox 1492 2932 1605 2981; x_wconf 88' lang='lat' dir='ltr'>Iam</span> <span class='ocrx_word' id='word_1_273' title='bbox 1628 2947 1724 2981; x_wconf 89' lang='lat' dir='ltr'>nos</span> <span class='ocrx_word' id='word_1_274' title='bbox 1749 2933 1963 2982; x_wconf 84' lang='lat' dir='ltr'>advertit</span> <span class='ocrx_word' id='word_1_275' title='bbox 1985 2935 2232 2996; x_wconf 81' lang='lat' dir='ltr'>scriptura</span> <span class='ocrx_word' id='word_1_276' title='bbox 2256 2936 2485 2983; x_wconf 89' lang='lat' dir='ltr'>omnium</span> <span class='ocrx_word' id='word_1_277' title='bbox 2509 2939 2656 2986; x_wconf 88' lang='lat' dir='ltr'>codd.</span> 
     </span>
     <span class='ocr_line' id='line_1_29' title="bbox 415 3001 2657 3069; baseline -0.002 -16"><span class='ocrx_word' id='word_1_278' title='bbox 415 3021 540 3054; x_wconf 83' lang='lat' dir='ltr'>aves</span> <span class='ocrx_word' id='word_1_279' title='bbox 563 3020 654 3069; x_wconf 90' lang='lat' dir='ltr'>pro</span> <span class='ocrx_word' id='word_1_280' title='bbox 680 3002 857 3064; x_wconf 85' lang='lat' dir='ltr'>labens,</span> <span class='ocrx_word' id='word_1_281' title='bbox 882 3018 1033 3066; x_wconf 87' lang='lat' dir='ltr'>quam</span> <span class='ocrx_word' id='word_1_282' title='bbox 1058 3009 1347 3065; x_wconf 86' lang='lat' dir='ltr'>corruptam</span> <span class='ocrx_word' id='word_1_283' title='bbox 1372 3002 1578 3062; x_wconf 90' lang='lat' dir='ltr'>quidem</span> <span class='ocrx_word' id='word_1_284' title='bbox 1599 3001 1870 3061; x_wconf 84' lang='lat' dir='ltr'>vestigium</span> <span class='ocrx_word' id='word_1_285' title='bbox 1893 3007 2062 3047; x_wconf 88' lang='lat' dir='ltr'>tamen</span> <span class='ocrx_word' id='word_1_286' title='bbox 2094 3014 2241 3048; x_wconf 86' lang='lat' dir='ltr'>verae</span> <span class='ocrx_word' id='word_1_287' title='bbox 2275 3002 2549 3064; x_wconf 81' lang='lat' dir='ltr'>scripturae</span> <span class='ocrx_word' id='word_1_288' title='bbox 2581 3003 2657 3049; x_wconf 83' lang='lat' dir='ltr'>in-</span> 
     </span>
     <span class='ocr_line' id='line_1_30' title="bbox 415 3063 2659 3136; baseline -0.002 -14"><span class='ocrx_word' id='word_1_289' title='bbox 415 3074 579 3122; x_wconf 87' lang='lat' dir='ltr'>dicare</span> <span class='ocrx_word' id='word_1_290' title='bbox 603 3081 744 3136; x_wconf 80' lang='lat' dir='ltr'>puto,</span> <span class='ocrx_word' id='word_1_291' title='bbox 780 3072 996 3120; x_wconf 84' lang='lat' dir='ltr'>Videtur</span> <span class='ocrx_word' id='word_1_292' title='bbox 1027 3072 1218 3121; x_wconf 85' lang='lat' dir='ltr'>scilicet</span> <span class='ocrx_word' id='word_1_293' title='bbox 1239 3069 1436 3118; x_wconf 86' lang='lat' dir='ltr'>Plinius</span> <span class='ocrx_word' id='word_1_294' title='bbox 1468 3068 1573 3115; x_wconf 86' lang='lat' dir='ltr'>tale</span> <span class='ocrx_word' id='word_1_295' title='bbox 1605 3067 1727 3128; x_wconf 89' lang='lat' dir='ltr'>quid</span> <span class='ocrx_word' id='word_1_296' title='bbox 1760 3066 2036 3128; x_wconf 84' lang='lat' dir='ltr'>scripsisse:</span> <span class='ocrx_word' id='word_1_297' title='bbox 2082 3063 2203 3113; x_wconf 88' lang='lat' dir='ltr'>Nar</span> <span class='ocrx_word' id='word_1_298' title='bbox 2235 3066 2394 3114; x_wconf 85' lang='lat' dir='ltr'>amnis</span> <span class='ocrx_word' id='word_1_299' title='bbox 2429 3065 2659 3118; x_wconf 79' lang='lat' dir='ltr'>exhaurit</span> 
     </span>
     <span class='ocr_line' id='line_1_31' title="bbox 413 3130 2656 3203; baseline -0.001 -16"><span class='ocrx_word' id='word_1_300' title='bbox 413 3138 528 3190; x_wconf 86' lang='lat' dir='ltr'>illos</span> <span class='ocrx_word' id='word_1_301' title='bbox 554 3141 725 3190; x_wconf 82' lang='lat' dir='ltr'>albens</span> <span class='ocrx_word' id='word_1_302' title='bbox 748 3136 1028 3203; x_wconf 75' lang='lat' dir='ltr'>sulphureis</span> <span class='ocrx_word' id='word_1_303' title='bbox 1054 3138 1227 3201; x_wconf 81' lang='lat' dir='ltr'>aquis,-</span> <span class='ocrx_word' id='word_1_304' title='bbox 1269 3132 1479 3184; x_wconf 84' lang='lat' dir='ltr'>Tiberim</span> <span class='ocrx_word' id='word_1_305' title='bbox 1509 3151 1568 3182; x_wconf 78' lang='lat' dir='ltr'>ex</span> <span class='ocrx_word' id='word_1_306' title='bbox 1585 3132 1661 3182; x_wconf 87' lang='lat' dir='ltr'>his</span> <span class='ocrx_word' id='word_1_307' title='bbox 1675 3143 1839 3197; x_wconf 76' lang='lat' dir='ltr'>petens</span> <span class='ocrx_word' id='word_1_308' title='bbox 1865 3132 2018 3195; x_wconf 81' lang='lat' dir='ltr'>replet</span> <span class='ocrx_word' id='word_1_309' title='bbox 2036 3147 2061 3178; x_wconf 85' lang='lat' dir='ltr'>e</span> <span class='ocrx_word' id='word_1_310' title='bbox 2089 3140 2241 3181; x_wconf 84' lang='lat' dir='ltr'>monte</span> <span class='ocrx_word' id='word_1_311' title='bbox 2259 3130 2488 3194; x_wconf 75' lang='lat' dir='ltr'>Fiscello,</span> <span class='ocrx_word' id='word_1_312' title='bbox 2516 3133 2656 3183; x_wconf 78' lang='lat' dir='ltr'>iuxta</span> 
     </span>
     <span class='ocr_line' id='line_1_32' title="bbox 410 3199 2654 3269; baseline -0.002 -13"><span class='ocrx_word' id='word_1_313' title='bbox 410 3210 499 3257; x_wconf 90' lang='lat' dir='ltr'>rel.</span> <span class='ocrx_word' id='word_1_314' title='bbox 544 3210 613 3259; x_wconf 90' lang='lat' dir='ltr'>Et</span> <span class='ocrx_word' id='word_1_315' title='bbox 636 3208 804 3258; x_wconf 83' lang='lat' dir='ltr'>albens</span> <span class='ocrx_word' id='word_1_316' title='bbox 837 3208 1041 3269; x_wconf 88' lang='lat' dir='ltr'>quidem</span> <span class='ocrx_word' id='word_1_317' title='bbox 1076 3210 1368 3266; x_wconf 87' lang='lat' dir='ltr'>corruptum</span> <span class='ocrx_word' id='word_1_318' title='bbox 1403 3202 1455 3248; x_wconf 90' lang='lat' dir='ltr'>in</span> <span class='ocrx_word' id='word_1_319' title='bbox 1488 3215 1608 3247; x_wconf 80' lang='lat' dir='ltr'>aves</span> <span class='ocrx_word' id='word_1_320' title='bbox 1642 3209 1691 3248; x_wconf 94' lang='lat' dir='ltr'>et</span> <span class='ocrx_word' id='word_1_321' title='bbox 1726 3215 1849 3249; x_wconf 86' lang='lat' dir='ltr'>casu</span> <span class='ocrx_word' id='word_1_322' title='bbox 1879 3200 1960 3247; x_wconf 84' lang='lat' dir='ltr'>vel</span> <span class='ocrx_word' id='word_1_323' title='bbox 1984 3199 2374 3261; x_wconf 86' lang='lat' dir='ltr'>interpolatione</span> <span class='ocrx_word' id='word_1_324' title='bbox 2406 3202 2577 3265; x_wconf 88' lang='lat' dir='ltr'>potius</span> <span class='ocrx_word' id='word_1_325' title='bbox 2602 3204 2654 3252; x_wconf 89' lang='lat' dir='ltr'>in</span> 
     </span>
     <span class='ocr_line' id='line_1_33' title="bbox 373 3267 2652 3331; baseline -0.002 -7"><span class='ocrx_word' id='word_1_326' title='bbox 373 3307 380 3316; x_wconf 53' lang='grc' dir='ltr'><em>ι</em></span> <span class='ocrx_word' id='word_1_327' title='bbox 410 3276 567 3324; x_wconf 88' lang='lat' dir='ltr'>alium</span> <span class='ocrx_word' id='word_1_328' title='bbox 599 3277 770 3325; x_wconf 86' lang='lat' dir='ltr'>locum</span> <span class='ocrx_word' id='word_1_329' title='bbox 796 3276 1024 3323; x_wconf 85' lang='lat' dir='ltr'>delatum</span> <span class='ocrx_word' id='word_1_330' title='bbox 1047 3280 1182 3321; x_wconf 88' lang='lat' dir='ltr'>recte</span> <span class='ocrx_word' id='word_1_331' title='bbox 1203 3269 1333 3320; x_wconf 88' lang='lat' dir='ltr'>mihi</span> <span class='ocrx_word' id='word_1_332' title='bbox 1355 3268 1529 3316; x_wconf 84' lang='lat' dir='ltr'>videor</span> <span class='ocrx_word' id='word_1_333' title='bbox 1550 3267 1826 3316; x_wconf 86' lang='lat' dir='ltr'>restituisse</span> <span class='ocrx_word' id='word_1_334' title='bbox 1850 3274 2050 3316; x_wconf 88' lang='lat' dir='ltr'>secutus</span> <span class='ocrx_word' id='word_1_335' title='bbox 2073 3267 2268 3330; x_wconf 88' lang='lat' dir='ltr'>Vergil.</span> <span class='ocrx_word' id='word_1_336' title='bbox 2304 3269 2436 3318; x_wconf 90' lang='lat' dir='ltr'>Aen.</span> <span class='ocrx_word' id='word_1_337' title='bbox 2466 3272 2510 3331; x_wconf 88' lang='grc'>7,</span> <span class='ocrx_word' id='word_1_338' title='bbox 2538 3274 2652 3322; x_wconf 86' lang='grc'><strong>517.</strong></span> 
     </span>
     <span class='ocr_line' id='line_1_34' title="bbox 409 3331 2651 3406; baseline 0.002 -22"><span class='ocrx_word' id='word_1_339' title='bbox 409 3340 691 3406; x_wconf 66' lang='lat' dir='ltr'>,sulphurea</span> <span class='ocrx_word' id='word_1_340' title='bbox 726 3338 843 3392; x_wconf 81' lang='lat' dir='ltr'>Nar</span> <span class='ocrx_word' id='word_1_341' title='bbox 876 3340 1014 3389; x_wconf 81' lang='lat' dir='ltr'>albus</span> <span class='ocrx_word' id='word_1_342' title='bbox 1047 3354 1200 3400; x_wconf 85' lang='lat' dir='ltr'>aqua.</span> <span class='ocrx_word' id='word_1_343' title='bbox 1252 3336 1450 3386; x_wconf 86' lang='lat' dir='ltr'>Deinde</span> <span class='ocrx_word' id='word_1_344' title='bbox 1482 3335 1636 3383; x_wconf 84' lang='lat' dir='ltr'>verba</span> <span class='ocrx_word' id='word_1_345' title='bbox 1659 3350 1682 3381; x_wconf 88' lang='lat' dir='ltr'>e</span> <span class='ocrx_word' id='word_1_346' title='bbox 1704 3342 1863 3382; x_wconf 84' lang='lat' dir='ltr'>monte</span> <span class='ocrx_word' id='word_1_347' title='bbox 1884 3331 2094 3385; x_wconf 80' lang='lat' dir='ltr'>Fiscello</span> <span class='ocrx_word' id='word_1_348' title='bbox 2117 3335 2342 3385; x_wconf 88' lang='lat' dir='ltr'>indicant</span> <span class='ocrx_word' id='word_1_349' title='bbox 2374 3338 2651 3402; x_wconf 87' lang='lat' dir='ltr'>regionem,</span> 
     </span>
     <span class='ocr_line' id='line_1_35' title="bbox 409 3402 2650 3468; baseline -0.001 -10"><span class='ocrx_word' id='word_1_350' title='bbox 409 3410 497 3459; x_wconf 90' lang='lat' dir='ltr'>ubi</span> <span class='ocrx_word' id='word_1_351' title='bbox 520 3410 626 3458; x_wconf 85' lang='lat' dir='ltr'>Nar</span> <span class='ocrx_word' id='word_1_352' title='bbox 649 3411 702 3456; x_wconf 91' lang='lat' dir='ltr'>in</span> <span class='ocrx_word' id='word_1_353' title='bbox 726 3408 951 3456; x_wconf 88' lang='lat' dir='ltr'>Tiberim</span> <span class='ocrx_word' id='word_1_354' title='bbox 977 3406 1206 3468; x_wconf 83' lang='lat' dir='ltr'>incurrit3</span> <span class='ocrx_word' id='word_1_355' title='bbox 1225 3416 1550 3467; x_wconf 87' lang='lat' dir='ltr'>prorumpere</span> <span class='ocrx_word' id='word_1_356' title='bbox 1575 3403 1718 3464; x_wconf 85' lang='lat' dir='ltr'>quasi</span> <span class='ocrx_word' id='word_1_357' title='bbox 1739 3402 2002 3452; x_wconf 84' lang='lat' dir='ltr'>videbatur</span> <span class='ocrx_word' id='word_1_358' title='bbox 2024 3418 2085 3451; x_wconf 90' lang='lat' dir='ltr'>eo</span> <span class='ocrx_word' id='word_1_359' title='bbox 2111 3404 2163 3452; x_wconf 94' lang='lat' dir='ltr'>in</span> <span class='ocrx_word' id='word_1_360' title='bbox 2187 3404 2300 3453; x_wconf 88' lang='lat' dir='ltr'>loco</span> <span class='ocrx_word' id='word_1_361' title='bbox 2326 3419 2353 3453; x_wconf 90' lang='lat' dir='ltr'>e</span> <span class='ocrx_word' id='word_1_362' title='bbox 2378 3414 2551 3454; x_wconf 84' lang='lat' dir='ltr'>monte</span> <span class='ocrx_word' id='word_1_363' title='bbox 2561 3409 2650 3457; x_wconf 85' lang='lat' dir='ltr'>Fi-</span> 
     </span>
     <span class='ocr_line' id='line_1_36' title="bbox 410 3471 2651 3536; baseline -0.001 -12"><span class='ocrx_word' id='word_1_364' title='bbox 410 3478 582 3535; x_wconf 86' lang='lat' dir='ltr'>sce110‚</span> <span class='ocrx_word' id='word_1_365' title='bbox 614 3484 671 3524; x_wconf 89' lang='lat' dir='ltr'>ut</span> <span class='ocrx_word' id='word_1_366' title='bbox 703 3489 887 3536; x_wconf 87' lang='lat' dir='ltr'>aquam</span> <span class='ocrx_word' id='word_1_367' title='bbox 919 3490 1061 3523; x_wconf 87' lang='lat' dir='ltr'>suam</span> <span class='ocrx_word' id='word_1_368' title='bbox 1087 3473 1354 3522; x_wconf 88' lang='lat' dir='ltr'>Tiberinae</span> <span class='ocrx_word' id='word_1_369' title='bbox 1385 3471 1632 3529; x_wconf 88' lang='lat' dir='ltr'>misceret,</span> <span class='ocrx_word' id='word_1_370' title='bbox 1665 3477 1717 3519; x_wconf 92' lang='lat' dir='ltr'>et</span> <span class='ocrx_word' id='word_1_371' title='bbox 1750 3485 1866 3518; x_wconf 88' lang='lat' dir='ltr'>cum</span> <span class='ocrx_word' id='word_1_372' title='bbox 1888 3471 1938 3518; x_wconf 79' lang='lat' dir='ltr'>vi</span> <span class='ocrx_word' id='word_1_373' title='bbox 1963 3472 2135 3534; x_wconf 87' lang='lat' dir='ltr'>aliqua</span> <span class='ocrx_word' id='word_1_374' title='bbox 2155 3472 2352 3522; x_wconf 86' lang='lat' dir='ltr'>Plinius</span> <span class='ocrx_word' id='word_1_375' title='bbox 2386 3474 2533 3522; x_wconf 86' lang='lat' dir='ltr'>locos</span> <span class='ocrx_word' id='word_1_376' title='bbox 2557 3475 2651 3524; x_wconf 91' lang='lat' dir='ltr'>sibi</span> 
     </span>
     <span class='ocr_line' id='line_1_37' title="bbox 411 3538 2649 3606; baseline -0 -15"><span class='ocrx_word' id='word_1_377' title='bbox 411 3543 662 3606; x_wconf 89' lang='lat' dir='ltr'>opposuit,</span> <span class='ocrx_word' id='word_1_378' title='bbox 686 3542 774 3590; x_wconf 90' lang='lat' dir='ltr'>ubi</span> <span class='ocrx_word' id='word_1_379' title='bbox 795 3542 900 3590; x_wconf 85' lang='lat' dir='ltr'>Nar</span> <span class='ocrx_word' id='word_1_380' title='bbox 922 3542 976 3589; x_wconf 91' lang='lat' dir='ltr'>in</span> <span class='ocrx_word' id='word_1_381' title='bbox 999 3543 1140 3589; x_wconf 88' lang='lat' dir='ltr'>lacus</span> <span class='ocrx_word' id='word_1_382' title='bbox 1162 3540 1392 3597; x_wconf 88' lang='lat' dir='ltr'>Velinos,</span> <span class='ocrx_word' id='word_1_383' title='bbox 1414 3538 1503 3587; x_wconf 93' lang='lat' dir='ltr'>ubi</span> <span class='ocrx_word' id='word_1_384' title='bbox 1524 3538 1578 3586; x_wconf 92' lang='lat' dir='ltr'>in</span> <span class='ocrx_word' id='word_1_385' title='bbox 1601 3538 1825 3587; x_wconf 86' lang='lat' dir='ltr'>Tiberim</span> <span class='ocrx_word' id='word_1_386' title='bbox 1848 3538 2070 3588; x_wconf 87' lang='lat' dir='ltr'>incurrit.</span> <span class='ocrx_word' id='word_1_387' title='bbox 2118 3538 2267 3589; x_wconf 88' lang='lat' dir='ltr'>Certe</span> <span class='ocrx_word' id='word_1_388' title='bbox 2291 3542 2454 3589; x_wconf 88' lang='lat' dir='ltr'>multo</span> <span class='ocrx_word' id='word_1_389' title='bbox 2480 3541 2649 3603; x_wconf 87' lang='lat' dir='ltr'>aptius</span> 
     </span>
     <span class='ocr_line' id='line_1_38' title="bbox 409 3603 2648 3671; baseline -0.002 -12"><span class='ocrx_word' id='word_1_390' title='bbox 409 3612 514 3659; x_wconf 90' lang='lat' dir='ltr'>hoc</span> <span class='ocrx_word' id='word_1_391' title='bbox 538 3611 725 3658; x_wconf 88' lang='lat' dir='ltr'>dictum</span> <span class='ocrx_word' id='word_1_392' title='bbox 751 3615 841 3667; x_wconf 87' lang='lat' dir='ltr'>est,</span> <span class='ocrx_word' id='word_1_393' title='bbox 866 3624 1019 3671; x_wconf 84' lang='lat' dir='ltr'>quam</span> <span class='ocrx_word' id='word_1_394' title='bbox 1044 3610 1179 3671; x_wconf 88' lang='lat' dir='ltr'>quod</span> <span class='ocrx_word' id='word_1_395' title='bbox 1198 3608 1356 3669; x_wconf 85' lang='lat' dir='ltr'>vulgo</span> <span class='ocrx_word' id='word_1_396' title='bbox 1379 3606 1566 3667; x_wconf 87' lang='lat' dir='ltr'>legitur</span> <span class='ocrx_word' id='word_1_397' title='bbox 1589 3621 1613 3653; x_wconf 89' lang='lat' dir='ltr'>e</span> <span class='ocrx_word' id='word_1_398' title='bbox 1635 3615 1787 3655; x_wconf 81' lang='lat' dir='ltr'>monte</span> <span class='ocrx_word' id='word_1_399' title='bbox 1804 3603 2015 3655; x_wconf 84' lang='lat' dir='ltr'>Fiscello</span> <span class='ocrx_word' id='word_1_400' title='bbox 2040 3604 2216 3669; x_wconf 84' lang='lat' dir='ltr'>labens,</span> <span class='ocrx_word' id='word_1_401' title='bbox 2242 3611 2380 3669; x_wconf 90' lang='lat' dir='ltr'>quod</span> <span class='ocrx_word' id='word_1_402' title='bbox 2405 3622 2648 3670; x_wconf 87' lang='lat' dir='ltr'>quocum-</span> 
     </span>
     <span class='ocr_line' id='line_1_39' title="bbox 411 3673 2646 3740; baseline -0.001 -14"><span class='ocrx_word' id='word_1_403' title='bbox 411 3692 509 3740; x_wconf 91' lang='lat' dir='ltr'>que</span> <span class='ocrx_word' id='word_1_404' title='bbox 538 3676 744 3726; x_wconf 84' lang='lat' dir='ltr'>verteris</span> <span class='ocrx_word' id='word_1_405' title='bbox 770 3674 1065 3725; x_wconf 86' lang='lat' dir='ltr'>difficultate</span> <span class='ocrx_word' id='word_1_406' title='bbox 1089 3683 1139 3724; x_wconf 91' lang='lat' dir='ltr'>et</span> <span class='ocrx_word' id='word_1_407' title='bbox 1170 3676 1361 3737; x_wconf 85' lang='lat' dir='ltr'>ineptia</span> <span class='ocrx_word' id='word_1_408' title='bbox 1382 3673 1555 3736; x_wconf 88' lang='lat' dir='ltr'>aliqua</span> <span class='ocrx_word' id='word_1_409' title='bbox 1576 3673 1789 3735; x_wconf 86' lang='lat' dir='ltr'>laborat,</span> <span class='ocrx_word' id='word_1_410' title='bbox 1823 3688 1976 3736; x_wconf 87' lang='lat' dir='ltr'>quam</span> <span class='ocrx_word' id='word_1_411' title='bbox 2000 3674 2270 3723; x_wconf 85' lang='lat' dir='ltr'>sentientes</span> <span class='ocrx_word' id='word_1_412' title='bbox 2295 3691 2329 3722; x_wconf 86' lang='lat' dir='ltr'>a</span> <span class='ocrx_word' id='word_1_413' title='bbox 2351 3683 2503 3723; x_wconf 82' lang='lat' dir='ltr'>monte</span> <span class='ocrx_word' id='word_1_414' title='bbox 2527 3676 2646 3723; x_wconf 87' lang='lat' dir='ltr'>scri-</span> 
     </span>
     <span class='ocr_line' id='line_1_40' title="bbox 408 3739 2648 3810; baseline -0.001 -16"><span class='ocrx_word' id='word_1_415' title='bbox 408 3753 630 3810; x_wconf 90' lang='lat' dir='ltr'>pserunt.</span> <span class='ocrx_word' id='word_1_416' title='bbox 666 3744 821 3793; x_wconf 87' lang='lat' dir='ltr'>Ianus</span> <span class='ocrx_word' id='word_1_417' title='bbox 846 3740 1034 3805; x_wconf 88' lang='lat' dir='ltr'>(diurn.</span> <span class='ocrx_word' id='word_1_418' title='bbox 1060 3743 1213 3805; x_wconf 89' lang='lat' dir='ltr'>antiq.</span> <span class='ocrx_word' id='word_1_419' title='bbox 1243 3747 1388 3792; x_wconf 82' lang='lat'>1849.</span> <span class='ocrx_word' id='word_1_420' title='bbox 1414 3756 1487 3789; x_wconf 87' lang='lat' dir='ltr'>nr.</span> <span class='ocrx_word' id='word_1_421' title='bbox 1516 3746 1595 3789; x_wconf 85' lang='grc'>59.</span> <span class='ocrx_word' id='word_1_422' title='bbox 1619 3755 1672 3803; x_wconf 93' lang='lat' dir='ltr'>p.</span> <span class='ocrx_word' id='word_1_423' title='bbox 1699 3739 1840 3802; x_wconf 81' lang='grc'><strong>465.)</strong></span> <span class='ocrx_word' id='word_1_424' title='bbox 1867 3742 1921 3789; x_wconf 89' lang='grc'>111</span> <span class='ocrx_word' id='word_1_425' title='bbox 1950 3741 2160 3803; x_wconf 82' lang='lat' dir='ltr'>vulgata</span> <span class='ocrx_word' id='word_1_426' title='bbox 2183 3742 2472 3803; x_wconf 87' lang='lat' dir='ltr'>acquiescit,</span> <span class='ocrx_word' id='word_1_427' title='bbox 2495 3743 2648 3792; x_wconf 87' lang='lat' dir='ltr'>verba</span> 
     </span>
     <span class='ocr_line' id='line_1_41' title="bbox 407 3804 2643 3877; baseline -0.001 -15"><span class='ocrx_word' id='word_1_428' title='bbox 407 3811 687 3877; x_wconf 78' lang='lat' dir='ltr'>sulphureis</span> <span class='ocrx_word' id='word_1_429' title='bbox 730 3810 871 3874; x_wconf 80' lang='lat' dir='ltr'>aquis</span> <span class='ocrx_word' id='word_1_430' title='bbox 912 3813 976 3860; x_wconf 88' lang='lat' dir='ltr'>ad</span> <span class='ocrx_word' id='word_1_431' title='bbox 1016 3811 1277 3873; x_wconf 90' lang='lat' dir='ltr'>sequentia</span> <span class='ocrx_word' id='word_1_432' title='bbox 1314 3809 1549 3858; x_wconf 85' lang='lat' dir='ltr'>referens.</span> <span class='ocrx_word' id='word_1_433' title='bbox 1600 3848 1662 3856; x_wconf 77' lang='grc'>-..</span> <span class='ocrx_word' id='word_1_434' title='bbox 1708 3824 1746 3868; x_wconf 83' lang='lat' dir='ltr'>e,</span> <span class='ocrx_word' id='word_1_435' title='bbox 1788 3807 1898 3856; x_wconf 90' lang='lat' dir='ltr'>Ad.</span> <span class='ocrx_word' id='word_1_436' title='bbox 1953 3824 2001 3868; x_wconf 84' lang='lat' dir='ltr'>a,</span> <span class='ocrx_word' id='word_1_437' title='bbox 2041 3804 2098 3868; x_wconf 81' lang='grc' dir='ltr'>β.</span> <span class='ocrx_word' id='word_1_438' title='bbox 2154 3808 2267 3858; x_wconf 86' lang='grc'><strong>0111.</strong></span> <span class='ocrx_word' id='word_1_439' title='bbox 2309 3810 2372 3857; x_wconf 85' lang='lat' dir='ltr'>R.</span> <span class='ocrx_word' id='word_1_440' title='bbox 2412 3849 2475 3857; x_wconf 80' lang='grc'>-</span> <span class='ocrx_word' id='word_1_441' title='bbox 2514 3826 2643 3870; x_wconf 85' lang='lat' dir='ltr'>aves,</span> 
     </span>
     <span class='ocr_line' id='line_1_42' title="bbox 381 3872 2642 3938; baseline -0 -10"><span class='ocrx_word' id='word_1_442' title='bbox 381 3880 572 3929; x_wconf 68' lang='lat' dir='ltr'>vB-Ad.</span> <span class='ocrx_word' id='word_1_443' title='bbox 613 3922 674 3928; x_wconf 84' lang='grc'>-.</span> <span class='ocrx_word' id='word_1_444' title='bbox 718 3878 941 3938; x_wconf 84' lang='lat' dir='ltr'>Reatem,</span> <span class='ocrx_word' id='word_1_445' title='bbox 970 3879 1033 3927; x_wconf 84' lang='lat' dir='ltr'>R.</span> <span class='ocrx_word' id='word_1_446' title='bbox 1073 3918 1135 3926; x_wconf 83' lang='grc'>-.</span> <span class='ocrx_word' id='word_1_447' title='bbox 1172 3875 1350 3936; x_wconf 87' lang='lat' dir='ltr'>Annio,</span> <span class='ocrx_word' id='word_1_448' title='bbox 1382 3878 1445 3926; x_wconf 86' lang='lat' dir='ltr'>R.</span> <span class='ocrx_word' id='word_1_449' title='bbox 1487 3916 1543 3924; x_wconf 79' lang='grc'>..</span> <span class='ocrx_word' id='word_1_450' title='bbox 1604 3872 2004 3934; x_wconf 87' lang='lat' dir='ltr'>Trebulanorum,</span> <span class='ocrx_word' id='word_1_451' title='bbox 2036 3875 2171 3923; x_wconf 86' lang='lat' dir='ltr'>Pint.</span> <span class='ocrx_word' id='word_1_452' title='bbox 2209 3915 2272 3922; x_wconf 79' lang='grc'><strong>-</strong></span> <span class='ocrx_word' id='word_1_453' title='bbox 2319 3874 2424 3936; x_wconf 79' lang='lat' dir='ltr'>tris,</span> <span class='ocrx_word' id='word_1_454' title='bbox 2456 3877 2642 3927; x_wconf 56' lang='grc' dir='ltr'>ΒΑΚ»</span> 
     </span>
     <span class='ocr_line' id='line_1_43' title="bbox 408 3938 2643 4007; baseline -0.001 -12"><span class='ocrx_word' id='word_1_455' title='bbox 408 3956 517 4007; x_wconf 82' lang='lat' dir='ltr'>tres,</span> <span class='ocrx_word' id='word_1_456' title='bbox 544 3950 590 3996; x_wconf 88' lang='lat' dir='ltr'>d.</span> <span class='ocrx_word' id='word_1_457' title='bbox 631 3988 692 3995; x_wconf 72' lang='grc'><strong>-</strong></span> <span class='ocrx_word' id='word_1_458' title='bbox 737 3944 996 4005; x_wconf 81' lang='lat' dir='ltr'>Sublaceo,</span> <span class='ocrx_word' id='word_1_459' title='bbox 1028 3944 1167 4007; x_wconf 85' lang='lat' dir='ltr'>Lips.</span> <span class='ocrx_word' id='word_1_460' title='bbox 1193 3947 1258 3993; x_wconf 88' lang='lat' dir='ltr'>ad</span> <span class='ocrx_word' id='word_1_461' title='bbox 1291 3945 1453 3993; x_wconf 85' lang='lat' dir='ltr'>Tacit.</span> <span class='ocrx_word' id='word_1_462' title='bbox 1491 3944 1658 3991; x_wconf 88' lang='lat' dir='ltr'>annal.</span> <span class='ocrx_word' id='word_1_463' title='bbox 1695 3948 1773 4000; x_wconf 87' lang='grc'>14,</span> <span class='ocrx_word' id='word_1_464' title='bbox 1800 3947 1881 3991; x_wconf 80' lang='grc'>22,</span> <span class='ocrx_word' id='word_1_465' title='bbox 1921 3982 1983 3990; x_wconf 79' lang='grc'>-.</span> <span class='ocrx_word' id='word_1_466' title='bbox 2025 3938 2250 4002; x_wconf 83' lang='lat' dir='ltr'>Cutiliae,</span> <span class='ocrx_word' id='word_1_467' title='bbox 2273 3942 2341 3992; x_wconf 97' lang='lat' dir='ltr'>A.</span> <span class='ocrx_word' id='word_1_468' title='bbox 2404 3940 2643 4005; x_wconf 77' lang='lat' dir='ltr'>Cutiniae,</span> 
     </span>
     <span class='ocr_line' id='line_1_44' title="bbox 415 4004 2641 4076; baseline 0 -16"><span class='ocrx_word' id='word_1_469' title='bbox 415 4006 569 4064; x_wconf 75' lang='lat' dir='ltr'>GTd.</span> <span class='ocrx_word' id='word_1_470' title='bbox 622 4012 784 4063; x_wconf 77' lang='lat' dir='ltr'>Cutini</span> <span class='ocrx_word' id='word_1_471' title='bbox 813 4029 887 4073; x_wconf 87' lang='lat' dir='ltr'>ac,</span> <span class='ocrx_word' id='word_1_472' title='bbox 921 4016 983 4064; x_wconf 89' lang='lat' dir='ltr'>R.</span> <span class='ocrx_word' id='word_1_473' title='bbox 1024 4053 1085 4060; x_wconf 79' lang='grc'>.-</span> <span class='ocrx_word' id='word_1_474' title='bbox 1106 4013 1397 4076; x_wconf 75' lang='lat' dir='ltr'>fluctuetur,</span> <span class='ocrx_word' id='word_1_475' title='bbox 1430 4009 1597 4059; x_wconf 86' lang='lat' dir='ltr'>RAd.</span> <span class='ocrx_word' id='word_1_476' title='bbox 1626 4008 1916 4070; x_wconf 77' lang='lat' dir='ltr'>fluctuatur.</span> <span class='ocrx_word' id='word_1_477' title='bbox 1950 4009 2012 4057; x_wconf 91' lang='grc' dir='ltr'>Τ.</span> <span class='ocrx_word' id='word_1_478' title='bbox 2049 4008 2271 4072; x_wconf 75' lang='lat' dir='ltr'>fluctuet,</span> <span class='ocrx_word' id='word_1_479' title='bbox 2303 4004 2408 4075; x_wconf 74' lang='grc' dir='ltr'>βγ.</span> <span class='ocrx_word' id='word_1_480' title='bbox 2449 4053 2510 4066; x_wconf 64' lang='lat'>—,.</span> <span class='ocrx_word' id='word_1_481' title='bbox 2550 4009 2641 4074; x_wconf 75' lang='lat' dir='ltr'>M,</span> 
     </span>
     <span class='ocr_line' id='line_1_45' title="bbox 409 4074 2075 4140; baseline -0.003 -11"><span class='ocrx_word' id='word_1_482' title='bbox 409 4097 508 4131; x_wconf 89' lang='lat' dir='ltr'>om.</span> <span class='ocrx_word' id='word_1_483' title='bbox 533 4083 601 4131; x_wconf 89' lang='lat' dir='ltr'>A.</span> <span class='ocrx_word' id='word_1_484' title='bbox 637 4083 757 4131; x_wconf 87' lang='lat' dir='ltr'>Vid.</span> <span class='ocrx_word' id='word_1_485' title='bbox 781 4081 1017 4130; x_wconf 84' lang='lat' dir='ltr'>Martian.</span> <span class='ocrx_word' id='word_1_486' title='bbox 1046 4086 1092 4140; x_wconf 86' lang='grc'>6,</span> <span class='ocrx_word' id='word_1_487' title='bbox 1120 4085 1235 4129; x_wconf 84' lang='grc'><strong>640.</strong></span> <span class='ocrx_word' id='word_1_488' title='bbox 1275 4118 1333 4126; x_wconf 82' lang='grc'>-.</span> <span class='ocrx_word' id='word_1_489' title='bbox 1374 4075 1490 4140; x_wconf 73' lang='lat' dir='ltr'>iuqi,</span> <span class='ocrx_word' id='word_1_490' title='bbox 1513 4075 1581 4125; x_wconf 90' lang='lat' dir='ltr'>A.</span> <span class='ocrx_word' id='word_1_491' title='bbox 1621 4115 1683 4122; x_wconf 84' lang='lat'>...</span> <span class='ocrx_word' id='word_1_492' title='bbox 1720 4074 1992 4137; x_wconf 79' lang='lat' dir='ltr'>velantibus,</span> <span class='ocrx_word' id='word_1_493' title='bbox 2011 4078 2075 4126; x_wconf 90' lang='lat' dir='ltr'>K.</span> 
     </span>
    </p>

    <p class='ocr_par' dir='ltr' id='par_1_7' title="bbox 407 4137 2639 4277">
     <span class='ocr_line' id='line_1_46' title="bbox 474 4137 2639 4213; baseline -0.001 -14"><span class='ocrx_word' id='word_1_494' title='bbox 474 4152 503 4213; x_wconf 65' lang='grc' dir='ltr'><strong>ξ</strong></span> <span class='ocrx_word' id='word_1_495' title='bbox 526 4156 636 4199; x_wconf 85' lang='grc'><strong>110.</strong></span> <span class='ocrx_word' id='word_1_496' title='bbox 664 4159 749 4211; x_wconf 77' lang='lat' dir='ltr'>est,</span> <span class='ocrx_word' id='word_1_497' title='bbox 778 4148 845 4197; x_wconf 88' lang='lat' dir='ltr'>A.</span> <span class='ocrx_word' id='word_1_498' title='bbox 880 4158 936 4209; x_wconf 77' lang='lat' dir='ltr'>et,</span> <span class='ocrx_word' id='word_1_499' title='bbox 955 4141 1109 4198; x_wconf 74' lang='lat' dir='ltr'>Rod.</span> <span class='ocrx_word' id='word_1_500' title='bbox 1139 4188 1196 4194; x_wconf 72' lang='lat'>.„</span> <span class='ocrx_word' id='word_1_501' title='bbox 1208 4144 1368 4207; x_wconf 84' lang='lat' dir='ltr'>fidem</span> <span class='ocrx_word' id='word_1_502' title='bbox 1394 4144 1691 4208; x_wconf 80' lang='lat' dir='ltr'>inprvenere,</span> <span class='ocrx_word' id='word_1_503' title='bbox 1714 4142 1780 4192; x_wconf 92' lang='lat' dir='ltr'>A.</span> <span class='ocrx_word' id='word_1_504' title='bbox 1806 4184 1865 4191; x_wconf 65' lang='grc'>.-</span> <span class='ocrx_word' id='word_1_505' title='bbox 1888 4160 2016 4206; x_wconf 86' lang='lat' dir='ltr'>vere,</span> <span class='ocrx_word' id='word_1_506' title='bbox 2039 4137 2201 4194; x_wconf 78' lang='grc' dir='ltr'>ΒΑΘ</span> <span class='ocrx_word' id='word_1_507' title='bbox 2211 4148 2256 4195; x_wconf 84' lang='grc' dir='ltr'><strong>Τ</strong></span> <span class='ocrx_word' id='word_1_508' title='bbox 2267 4149 2314 4195; x_wconf 84' lang='lat' dir='ltr'>d.</span> <span class='ocrx_word' id='word_1_509' title='bbox 2342 4164 2467 4208; x_wconf 83' lang='lat' dir='ltr'>vero,</span> <span class='ocrx_word' id='word_1_510' title='bbox 2492 4143 2548 4209; x_wconf 74' lang='grc' dir='ltr'>β.</span> <span class='ocrx_word' id='word_1_511' title='bbox 2579 4188 2639 4197; x_wconf 52' lang='lat'>.-</span> 
     </span>
     <span class='ocr_line' id='line_1_47' title="bbox 407 4208 2111 4277; baseline -0.004 -14"><span class='ocrx_word' id='word_1_512' title='bbox 407 4216 619 4277; x_wconf 70' lang='lat' dir='ltr'>Auerno,</span> <span class='ocrx_word' id='word_1_513' title='bbox 643 4217 767 4266; x_wconf 81' lang='grc' dir='ltr'>ΒΑ.</span> <span class='ocrx_word' id='word_1_514' title='bbox 811 4257 868 4263; x_wconf 79' lang='grc'><strong>-</strong></span> <span class='ocrx_word' id='word_1_515' title='bbox 905 4214 1220 4275; x_wconf 82' lang='lat' dir='ltr'>Hadrianus,</span> <span class='ocrx_word' id='word_1_516' title='bbox 1245 4213 1311 4262; x_wconf 93' lang='lat' dir='ltr'>A.</span> <span class='ocrx_word' id='word_1_517' title='bbox 1353 4254 1412 4261; x_wconf 84' lang='grc'>,,.</span> <span class='ocrx_word' id='word_1_518' title='bbox 1451 4208 1672 4271; x_wconf 81' lang='lat' dir='ltr'>Hadria,</span> <span class='ocrx_word' id='word_1_519' title='bbox 1696 4209 1763 4259; x_wconf 88' lang='lat' dir='ltr'>A.</span> <span class='ocrx_word' id='word_1_520' title='bbox 2106 4223 2111 4236; x_wconf 75' lang='lat'><strong><em>¹</em></strong></span> 
     </span>
    </p>
   </div>
  </div>
 </body>
</html>
