2961 4861
813 394 952 441 Lm.
987 397 1087 441 111.
1148 396 1305 442 cAP.
1339 399 1653 446 vx-vm.
1717 400 1910 447 snc'r.
1949 405 2124 448 12-14.
2460 394 2580 456 241

342 548 449 607 tur
505 541 805 608 Herculis
823 593 840 622 ,
907 569 946 609 a
1005 543 1298 612 Sulcensi
1354 546 1624 613 Enosim
1639 597 1659 629 ,
1720 573 1769 614 a·
1821 549 2185 620 Caralitano
2242 556 2579 625 Ficariam.

342 643 627 726 Quidam
677 646 852 710 haud
905 649 1133 731 procul
1184 648 1265 713 ab
1322 672 1398 714 ea
1453 663 1519 716 et
1559 649 1858 717 Belerida
1907 667 2159 740 ponunt
2213 669 2279 724 et
2321 661 2580 728 Callode
2608 683 2671 726 s5

335 755 401 808 et
451 767 647 828 quam
698 757 931 812 vocant
970 747 1183 813 Heras
1224 749 1410 829 lutra.
1478 747 1895 818 Celeberrimi
1946 755 2014 819 in
2070 779 2146 822 ea
2196 762 2582 846 populorum

333 844 626 926 Ilienses,
670 845 906 925 Balari,
955 845 1172 927 Corsi,
1210 850 1596 935 oppidorum·
1632 875 1802 917 xvm
1847 851 2180 938 Sulcitani,
2226 860 2577 944 Valentini,

330 945 756 1032 Neapolitani,
802 946 1146 1027 Bosenses,
1194 945 1542 1016 Caralitani
1585 952 1821 1019 civium
1855 955 2289 1026 Romanorum
2335 975 2399 1029 et
2440 964 2576 1031 No-
2662 986 2669 993 “

329 1070 570 1127 renses,
618 1048 863 1113 colonia
893 1060 1108 1113 antem
1135 1072 1266 1115 una
1307 1072 1472 1134 quae
1517 1066 1783 1120 vocatur
1808 1056 1921 1121 Ad
1952 1061 2176 1126 turrim
2203 1062 2570 1149 Libysonis.

329 1145 694 1214 Sardiniam
746 1150 951 1234 ipsam
995 1149 1299 1216 Timaeus
1346 1150 1769 1222 Sandaliotim
1823 1149 2168 1246 appellavit
2219 1165 2300 1229 ab
2357 1167 2573 1255 effigie

330 1250 562 1329 soleae,
595 1248 911 1333 Myrsilus
939 1249 1283 1316 Ichnusam
1312 1276 1351 1316 a
1382 1252 1796 1322 similitudine
1827 1261 2082 1349 vestigi.
2131 1260 2376 1331 Contra
2401 1266 2570 1334 Pae-

328 1361 583 1415 stanum
637 1351 847 1415 sinum
886 1350 1207 1416 Leucasia
1252 1363 1352 1417 est
1405 1376 1444 1416 a
1489 1351 1716 1422 Sirene
1770 1359 1862 1423 ibi
1917 1364 2168 1447 sepulta
2219 1370 2568 1453 appellata3

305 1454 549 1517 'contra
589 1451 841 1517 Veliam
882 1451 1116 1516 Pontia
1158 1463 1222 1517 et
1263 1452 1502 1532 Isacia,
1539 1467 1849 1542 utraeque
1892 1485 2020 1528 uno
2063 1468 2316 1533 nomine
2348 1467 2567 1538 Oeno-

327 1552 554 1631 trides,
616 1564 1065 1639 argumentum
1117 1575 1453 1638 possessae
1509 1555 1590 1620 ab
1646 1554 1971 1627 Oenotriis
2022 1563 2279 1645 Italiae3
2351 1582 2572 1636 contra

322 1651 642 1716 Vibonem
683 1676 922 1738 parvae
967 1675 1131 1736 quae
1174 1663 1485 1719 vocantur
1519 1653 1875 1724 Ithacesiae
1918 1662 1999 1726 ab
2029 1662 2242 1730 Ulixis
2287 1673 2566 1753 specula.

405 1751 593 1818 VIH.
664 1754 764 1816 14.
819 1751 1067 1817 Verum
1121 1763 1268 1818 ante
1322 1754 1526 1818 omnis
1582 1756 1866 1823 claritate
1919 1757 2179 1842 Sicilia,
2231 1764 2489 1834 Sicania
2529 1794 2569 1836 a
2593 1790 2657 1834 86

321 1850 703 1936 Thucydide
748 1851 923 1916 dicta
938 1901 955 1930 ,
1002 1851 1334 1916 Trinacria
1378 1875 1416 1916 a
1456 1854 1749 1938 pluribus
1792 1869 1903 1922 aut
1944 1860 2243 1929 Trinacia
2284 1890 2323 1930 a
2366 1869 2563 1935 trian-

318 1955 473 2040 gula
495 1953 729 2038 specie,
762 1953 1031 2018 circuitu
1051 1963 1398 2038 patens,-ut
1418 1966 1641 2020 auctor
1665 1968 1762 2022 est
1778 1958 2097 2048 Agrippa,
2128 1988 2382 2034 noxvm
2401 1995 2453 2036 M
2474 1997 2563 2059 p.,

318 2052 639 2136 quondam
678 2051 934 2117 Bruttio
978 2076 1135 2140 agro
1181 2053 1546 2145 cohaerens,
1595 2079 1744 2121 mox
1784 2059 2099 2128 interfuso
2143 2070 2302 2133 mari
2345 2073 2564 2138 avolsa

315 2176 406 2217 xv
440 2175 490 2216 M
527 2154 596 2217 in
631 2153 1097 2247 longitudinem
1135 2154 1321 2231 freto,
1361 2153 1429 2218 in
1466 2156 1870 2224 latitudinem
1909 2174 2125 2229 autem
2153 2190 2245 2232 Mn
2277 2193 2340 2256 p.
2380 2173 2564 2239 iuxta

319 2251 699 2319 Columnam
728 2253 1063 2341 Rhegiam.
1117 2253 1226 2319 Ab
1269 2254 1392 2319 hoc
1431 2255 1800 2321 dehiscendi
1829 2278 2206 2347 argumento
2234 2268 2560 2359 Rhegium
2585 2292 2649 2339 8⁷

317 2351 555 2421 Graeci
597 2378 830 2422 nomen
881 2354 1116 2421 dedere
1160 2355 1397 2443 oppido
1439 2356 1533 2420 in,
1551 2359 1838 2447 margine
1880 2361 2106 2432 Italiae
2152 2369 2290 2435 sito.
2358 2372 2438 2438 In
2482 2397 2558 2441 eo
2636 2458 2658 2468 ⁶

311 2509 550 2572 Hier-aea,
574 2513 639 2562 K.
675 2513 945 2573 Hier-acon,
971 2510 1171 2561 Cluver.
1199 2551 1262 2558 .-
1287 2508 1513 2571 Ilienses,
1537 2514 1645 2561 Rd.
1682 2513 1926 2579 Ιῑῖἰεηεεε,
1952 2534 1998 2569 o.
2035 2521 2269 2589 htenses'
2292 2530 2344 2580 K
2365 2533 2394 2581 ι.
2430 2531 2554 2585 soa,

314 2576 490 2640 lensoe,
513 2580 614 2628 K2.
658 2578 920 2640 Iolienses,
943 2579 1145 2641 Popma
1176 2579 1241 2626 ad
1264 2578 1411 2627 Varr-
1436 2580 1500 2627 R.
1524 2582 1586 2630 R.
1612 2583 1654 2629 Ι.
1683 2587 1760 2644 16,
1786 2590 1833 2634 2.
1880 2585 2118 2652 Ιοῖεηεοε,
2146 2594 2360 2648 Salmas.
2388 2615 2550 2651 exerc.

309 2660 359 2708 p.
399 2649 477 2696 70.
514 2663 560 2695 a.
592 2648 653 2696 E.
700 2654 750 2695 et
781 2646 1071 2696 Schneider.
1106 2646 1172 2694 ad
1203 2645 1351 2695 Varr.
1383 2646 1419 2694 1.
1453 2648 1489 2696 l.
1526 2662 1575 2709 p.
1611 2653 1726 2700 297.
1762 2655 1921 2703 secuti
1969 2666 2198 2711 auctores
2234 2664 2464 2717 Strabon,
2504 2676 2549 2720 5,

309 2728 358 2775 p.
394 2719 508 2763 225.
556 2708 612 2760 οἳ
644 2709 932 2761 καλοῦνται
968 2707 1329 2778 Διαγησβεῖς,
1364 2703 1602 2793 Ἰολαεῖς·
1631 2713 1894 2785 πρότερον
1929 2718 2346 2792 ὀνομαζὶὶμενοι,
2391 2737 2548 2786 Diod,

308 2780 407 2830 Sic.
443 2787 491 2841 4,
525 2787 604 2830 29.
638 2777 702 2845 ἣν
734 2777 898 2846 μέχρι
930 2780 1028 2829 τοῦ
1064 2780 1157 2827 νῦν
1190 2776 1475 2830 καλεῖσθαι
1523 2777 1795 2846 Ιολαεῖον,
1843 2791 1961 2840 coll.
1996 2799 2043 2852 4,
2080 2801 2160 2845 30.
2197 2795 2447 2859 ὠνόμασε
2479 2801 2544 2852 δὲ

307 2837 566 2909 (Ἰόλαος)
588 2843 678 2895 καὶ
704 2844 836 2904 τοὺς·
856 2838 1309 2909 λαοὺςἸολάους,
1349 2854 1394 2910 5,
1425 2855 1501 2898 15.
1535 2853 1924 2923 κατοικουμένη
1961 2856 2062 2907 ὑπὸ
2096 2859 2401 2944 βαρβαζρωμ
2438 2871 2543 2918 τῶν

305 2911 719 2974 ὀνομαζομένων
750 2905 1051 2965 Ἰολαείων.
1088 2924 1139 2964 et
1159 2917 1376 2964 Pausan.
1402 2918 1469 2966 X.
1507 2922 1583 2979 17,
1612 2925 1656 2968 5.
1693 2915 1806 2969 ἔστι
1839 2913 1887 2969 δ’
1927 2920 2023 2972 οὖν
2055 2925 2150 2975 καὶ
2182 2945 2284 2979 κατ
2323 2932 2426 2993 ἐμὲ
2462 2932 2542 2984 ἔτι

295 2978 482 3046 χωρία
515 2996 573 3028 τε
604 2971 809 3028 Ἰολάϊα
845 2980 904 3029 ἐν
938 2979 1009 3048 τῇ
1031 2976 1252 3046 Σαρδοῖ.
1292 2984 1488 3044 Quibus
1523 2994 1695 3034 tamen
1728 2990 2028 3041 testimoniis
2059 3010 2124 3043 ne
2147 3012 2391 3059 moverer,
2425 3017 2542 3063 pro-

304 3048 579 3097 hibuernnt
607 3050 717 3098 st.
750 3056 839 3108 40,
870 3054 947 3099 19.
985 3056 1073 3110 41,
1101 3056 1147 3099 6.
1176 3057 1255 3099 12.
1292 3059 1343 3099 et
1373 3053 1514 3113 Mela
1543 3055 1612 3103 Π.
1643 3057 1686 3113 7,
1715 3060 1792 3110 19.
1836 3054 2060 3120 Ilienses
2091 3065 2339 3124 populum
2373 3067 2541 3117 Sardi-

302 3115 418 3163 niae
440 3125 693 3177 vocantes,
730 3118 848 3166 coll.
872 3117 1092 3167 Pausan.
1116 3118 1183 3166 X.
1213 3121 1291 3175 17,
1318 3124 1363 3178 6.
1397 3108 1562 3166 Ἰλιόυ
1587 3116 1652 3166 δὲ
1679 3115 2040 3190 ἁλισκομένης
2071 3121 2223 3176 ἄλλοι
2248 3146 2307 3179 τε
2343 3131 2537 3197 ἐκφεύ-

300 3196 455 3245 γουσι
480 3183 585 3231 τῶν
618 3176 663 3231 Τ
694 3180 813 3232 ώων
838 3180 928 3232 καὶ
955 3180 1008 3232 οἱ
1032 3180 1416 3240 ἀποσωθέντες
1432 3181 1572 3244 μετὰ
1599 3181 1834 3237 Αἰνείου.
1857 3229 1920 3238 .-
1942 3232 2004 3239 -.
2039 3183 2223 3253 Ἰλιεῖς.
2237 3195 2342 3258 μὲν
2368 3196 2540 3263 ὄνομα

299 3244 389 3296 καὶ
417 3248 481 3307 ἐς
510 3248 612 3311 ἐμὲ
680 3267 727 3300 τι
760 3244 962 3317 ἔχουσι.
999 3254 1081 3301 De
1103 3252 1349 3313 scriptura
1371 3254 1507 3312 apud
1527 3254 1752 3302 Plinium
1784 3271 1983 3306 mecum
2005 3260 2128 3312 facit
2149 3264 2449 3332 Wesseling.
2474 3275 2539 3322 ad

297 3309 451 3366 Diod.
478 3318 577 3369 Sic.
603 3325 649 3374 4,
677 3325 757 3367 30.
783 3333 832 3380 p.
859 3322 973 3367 275.
1023 3356 1082 3385 .-
1127 3315 1332 3378 Balari,
1365 3319 1573 3369 Barbar.
1621 3319 1814 3385 Salari,
1840 3326 2046 3377 RTder.
2085 3332 2202 3382 Vid.
2226 3336 2442 3387 Pausan.
2467 3341 2535 3390 X.

303 3388 382 3444 17,
410 3390 454 3432 9.
494 3425 557 3433 -
593 3381 824 3445 XVIII,
857 3376 1078 3435 RGTd.
1125 3378 1291 3447 XIV,
1322 3381 1379 3446 β.
1418 3427 1482 3434 -.
1519 3384 1781 3452 Sulcitani,
1806 3393 1852 3441 d.
1899 3390 2156 3457 Sultz'tant,
2189 3403 2289 3453 ΒΞ.
2326 3402 2534 3456 Sulcita-

299 3466 423 3511 rum,
457 3454 556 3499 R2.
596 3492 658 3499 ..„
695 3449 967 3512 Bosenses,
1000 3453 1100 3502 vid.
1123 3453 1342 3503 Ptolem.
1367 3451 1462 3504 ΠΙ.
1490 3461 1536 3515 3,
1568 3459 1610 3505 7.
1656 3455 1926 3522 Bitienses,
1960 3466 2039 3513 d'-'.
2080 3467 2256 3519 Omitt.
2290 3472 2431 3521 Rd¹.
2470 3516 2533 3523 -.

302 3515 601 3577 Caralitani,
637 3519 776 3567 Td2.
823 3519 999 3569 Omitt.
1033 3522 1126 3570 Bd
1149 3524 1176 3569 ¹.
1216 3562 1279 3569 -
1313 3520 1608 3583 Norrenses,
1642 3539 1689 3573 σ.
1728 3566 1790 3575 ..-
1826 3526 2099 3595 Libisonis,
2132 3538 2192 3587 R,
2232 3578 2295 3587 ,—
2332 3536 2533 3588 sanda,

211 3603 220 3609 ·
299 3583 466 3645 liotim,
509 3587 641 3636 Bob.
690 3582 1079 3646 Sandaliolotim,
1114 3590 1160 3637 d.
1206 3584 1583 3652 Sandaliolotin,
1609 3594 1669 3642 R.
1706 3590 1824 3644 Vi'd'.
1850 3592 2046 3648 Timaei
2077 3602 2311 3665 fragmm.
2339 3611 2420 3656 27.
2456 3610 2532 3657 ed.

295 3652 496 3701 Mffller.
524 3693 586 3701 -
624 3650 891 3715 Ichnisam,
914 3654 966 3702 R.
989 3652 1174 3717 (nisam
1203 3656 1258 3704 in
1290 3656 1442 3719 corr.)
1478 3674 1738 3722 enycusan,
1765 3665 1811 3712 d.
1848 3665 1964 3713 Vid.
1991 3669 2227 3719 Martian.
2256 3678 2300 3732 6,
2329 3678 2440 3722 645.
2467 3715 2530 3723 .-

293 3719 366 3768 Et
399 3727 586 3780 contra,
619 3723 665 3769 d.
688 3759 750 3768 .-
783 3720 980 3783 Isacia,
1012 3724 1175 3780 RTd.
1213 3721 1363 3784 Iscia,
1387 3721 1487 3794 βχ.
1512 3767 1572 3774 —
1599 3736 1815 3794 utraque,
1839 3732 1904 3780 K.
1926 3772 1988 3781 ..-
2015 3743 2060 3782 et
2081 3747 2262 3798 contra,
2285 3734 2343 3799 β.
2365 3780 2427 3788 .-
2453 3745 2531 3801 ab,

292 3786 425 3835 Pint.
453 3802 480 3834 e
502 3788 773 3849 Martiano,
815 3780 972 3838 GKd.
1010 3790 1125 3840 Om.
1150 3786 1206 3852 β.
1234 3832 1296 3840 ..-
1341 3791 1522 3855 Ulixis,
1557 3796 1637 3843 R²
1656 3787 1817 3846 81⁸0.
1857 3797 2049 3862 Ulia-ea,
2081 3803 2130 3851 R.
2151 3805 2221 3853 ¹d.
2249 3845 2312 3853 -
2337 3815 2530 3870 specta-

293 3851 420 3914 cula,
452 3847 494 3899 θ
505 3855 611 3903 ΤΚ
623 3857 671 3903 d.
702 3857 1024 3919 espectacula,
1044 3860 1143 3908 R2.
1171 3860 1496 3923 expectacula,
1530 3862 1580 3908 R
1599 3864 1628 3910 ¹.
1662 3866 1949 3926 spectaculo,
1977 3867 2028 3917 S.
2056 3871 2324 3933 speculata,
2359 3875 2494 3925 Pint.

360 3919 390 3980 ξ
416 3927 497 3971 86.
535 3920 778 3983 claritate,
809 3924 1015 3974 Barbar.
1040 3927 1168 3975 R²d
1190 3923 1400 3987 (Dicuil.
1424 3929 1572 3977 VIII.
1601 3934 1646 3988 2,
1677 3926 1746 3990 1.)
1791 3929 2060 3996 claritatis,
2094 3939 2143 3985 R
2163 3940 2192 3987 ¹.
2232 3980 2295 3987 .-
2332 3958 2366 3990 a
2397 3942 2445 3992 T
2443 3941 2530 3994 hu-

291 3986 478 4051 cydide,
503 3990 626 4039 RK.
671 3986 1030 4057 Thucydide,.d
1055 3990 1294 4056 (Dicuil.)
1338 3990 1632 4060 Thucydidi,
1655 3991 1712 4057 β.
1750 3997 1986 4049 Ceterum
2009 4017 2055 4051 ν.
2076 4005 2308 4069 Thucyd.
2330 4014 2375 4070 6,
2396 4017 2442 4059 2.
2464 4052 2526 4060 -

291 4070 340 4115 a,
364 4056 427 4104 R.
467 4056 643 4106 Omitt.
670 4059 701 4105 d
726 4054 966 4120 (Dicuil.)
988 4054 1045 4120 β.
1073 4101 1135 4108 .-
1162 4070 1248 4110 aut
1278 4061 1537 4123 Trinacia,
1563 4062 1698 4112 STd
1723 4061 2042 4131 (Robertus.)
2078 4080 2165 4121 aut
2196 4073 2442 4135 Trinatia,
2461 4081 2524 4129 R.

291 4133 375 4171 aut
405 4120 686 4186 Triquetra,
708 4120 809 4188 βγ.
849 4125 963 4175 0111.
988 4126 1175 4176 Dicuil.
1213 4170 1275 4178 -..
1312 4138 1401 4191 est,
1426 4131 1474 4179 R
1499 4127 1578 4192 (in
1600 4128 1816 4193 rasura).
1854 4174 1917 4182 -
1952 4134 2168 4201 Bruttio,
2192 4142 2256 4190 R.
2294 4183 2357 4192 .-
2393 4146 2458 4198 Χ
2469 4145 2525 4206 V,

288 4184 571 4241 ROSTdr
595 4189 832 4256 (Dicuil.)
879 4191 1021 4255 XII,
1052 4190 1117 4257 β.
1148 4237 1210 4244 -
1248 4194 1594 4260 lonyi‘tudinem
1620 4208 1775 4249 autem
1790 4201 1949 4265 freta,
1982 4206 2030 4255 d.
2070 4247 2132 4255 -
2171 4205 2300 4258 MD.
2331 4229 2398 4276 p.,
2433 4214 2527 4263 Ru

288 4268 457 4332 (codd.
480 4274 714 4339 Barbar.)
763 4274 874 4327 CX.
907 4275 993 4338 D.,
1026 4293 1072 4327 σ.
1118 4280 1163 4339 Ι,
1198 4296 1259 4330 ac
1291 4281 1557 4344 dimidium,
1591 4285 1776 4335 Dicuil.
1814 4328 1876 4335 .-.
1913 4288 2189 4353 columnam,
2212 4295 2419 4346 Barbar.
2457 4336 2524 4347 -..

287 4338 429 4457 koch
412 4343 505 4458 113¹?
522 4342 653 4458 {LIn
677 4345 743 4393 d¹
767 4361 956 4396 rasura.
998 4388 1058 4395 -.
1108 4346 1348 4409 discendi,
1373 4353 1420 4399 d.
1460 4391 1520 4398 .-
1558 4353 1818 4417 mariyine,
1843 4357 1906 4405 R.
1946 4397 2007 4406 .-
2031 4356 2213 4484 {vg-sito,
2239 4362 2288 4410 d.
