2961 4861
662 1192 988 1283 INDEX
1050 1195 1531 1283 CRITICUS
1592 1194 1881 1323 LIBRI
1943 1195 2259 1283 l—Vl.

1312 1413 1607 1422 Μ-

282 1565 293 1566 ’
330 1570 496 1623 Praei.
519 1573 562 1625 1.
588 1568 837 1633 Fabullis,
860 1570 1097 1622 Rhenan.
1144 1572 1193 1619 3.
1218 1566 1531 1631 reipublicae,
1557 1578 1601 1619 et
1622 1574 1646 1619 5
1691 1575 1736 1620 5.
1761 1567 2030 1635 Fulyurat‚
2053 1565 2111 1633 β.
2163 1577 2211 1623 6.
2239 1568 2373 1634 Cum,
2396 1566 2456 1635 β.
2493 1589 2581 1622 non

398 1655 528 1702 eras,
560 1634 620 1701 β.
686 1645 734 1689 9.
776 1639 954 1702 ineptis
973 1642 999 1688 5³
1063 1642 1142 1687 10.
1187 1635 1318 1686 unde
1409 1636 1635 1687 evocatio
1668 1653 1737 1701 ap
1801 1636 1954 1689 llatur
1974 1644 1999 1689 5
2062 1644 2141 1689 11.
2186 1639 2485 1705 supplicant,
2519 1636 2578 1701 β.

402 1713 480 1759 13.
506 1708 606 1757 iter
628 1715 720 1769 est,
743 1701 802 1768 β.
850 1721 964 1769 qua,
986 1700 1044 1767 β.
1093 1709 1311 1767 expetat,
1375 1738 1388 1752 .
1449 1709 1532 1753 14.
1554 1703 1686 1766 Iam,
1756 1742 1769 1756 .
1829 1710 1909 1756 15.
1935 1703 2128 1769 σηπίας
2156 1706 2307 1767 nobis,
2341 1707 2575 1759 Rhenan.

393 1780 480 1825 22.
519 1771 865 1833 Ciceroniana,
896 1767 955 1834 β.
1008 1766 1296 1832 ediscenda,
1328 1769 1564 1822 Rhenan.
1650 1777 1733 1823 23.
1769 1766 1957 1833 ἰωνιά,
1990 1787 2102 1826 nos.
2163 1770 2429 1839 σχεδίων,
2464 1790 2577 1825 nos.

398 1846 480 1893 24.
504 1842 787 1919 crassiores,
820 1834 880 1901 β.
934 1835 1250 1917 Sesculixem,
1280 1838 1490 1888 Barbar.
1520 1906 1532 1919 ·
1546 1843 1628 1919 26.
1654 1838 1911 1905 propriae,
1937 1840 2170 1920 Durand.
2230 1847 2310 1892 26.
2337 1839 2582 1906 pinyendi

379 1905 942 2040 &nauigia
958 1899 1222 2025 ³333ss
1246 1902 2575 2039 252222232311&2223353&edixi-‘tuffam

393 2046 561 2096 Index
580 2044 698 2094 libri
721 2048 768 2093 3.
786 2035 987 2101 Romae,
1004 2055 1116 2090 nos.
1152 2057 1201 2102 a,
1218 2039 1467 2091 Harduin.
1514 2040 1781 2104 Turannio,
1799 2036 1859 2103 β.
1891 2044 2058 2094 Index
2073 2043 2190 2094 libri
2213 2049 2260 2093 4.
2285 2041 2571 2108 Cycladum,

396 2110 692 2177 Sporadum,
714 2110 961 2161 Harduin.
1007 2110 1173 2159 Index
1192 2108 1310 2159 libri
1334 2113 1381 2158 6.
1405 2108 1708 2175 Hyrcanium
1729 2124 1881 2171 mare,
1911 2111 2159 2161 Harduin.
2193 2112 2362 2163 Index
2382 2112 2499 2162 libri
2526 2117 2571 2163 7.

393 2177 765 2230 similitudinum
791 2218 854 2226 ..
876 2176 1149 2241 qeneratio,
1172 2176 1420 2227 Harduin.
1468 2174 1604 2239 elati,
1638 2172 1697 2238 β.
1740 2174 2010 2241 Nechepso,
2035 2193 2146 2228 nos.
2192 2180 2358 2229 Index
2380 2179 2498 2229 libri
2523 2186 2569 2229 8.

397 2247 596 2308 bonaso,
618 2246 868 2297 Harduin.
911 2241 1294 2309 Olympionicas,
1316 2238 1375 2304 β.
1408 2242 1586 2293 Attalo
1607 2242 1945 2306 Philometore,
1967 2245 2214 2296 Harduin.
2270 2246 2439 2298 Index
2459 2248 2573 2296 libri

400 2320 448 2365 9.
472 2312 629 2375 statis,
652 2312 900 2363 Harduin.
938 2310 1169 2372 coracini,
1188 2325 1297 2361 nos.
1334 2308 1566 2373 echeneis,
1583 2306 1642 2373 β.
1686 2321 1731 2361 et
1745 2309 1983 2374 veneficia
2000 2312 2123 2375 eius,
2141 2314 2389 2364 Harduin.
2432 2311 2574 2370 Quae

396 2381 624 2432 nationes
640 2396 910 2447 purpurae,
932 2379 1180 2429 Harduin.
1224 2377 1438 2444 hysyino‚
1462 2374 1521 2440 β.
1574 2381 1739 2430 Index
1768 2379 1886 2430 libri
1921 2385 2000 2429 10.
2025 2379 2303 2445 sanqualis,
2325 2382 2571 2432 Harduin.

396 2447 659 2510 erithacis,
691 2449 939 2499 Harduin.
1001 2444 1326 2510 acanthyllis,
1361 2447 1609 2497 Harduin.
1681 2446 1828 2508 Quis,
1861 2448 2109 2498 Harduin.
2159 2449 2426 2509 vetuerint,
2459 2463 2572 2498 nos.

393 2525 586 2578 tactum,
608 2517 808 2566 Broter.
842 2515 999 2576 Boeo,
1016 2515 1236 2565 Pintian.
1277 2514 1442 2563 Index
1459 2515 1575 2564 libri
1597 2521 1675 2564 11.
1694 2514 2007 2564 minimum—
2020 2514 2278 2576 animalia,
2295 2516 2569 2566 Harduin.?

386 2593 665 2650 pyraustes,
688 2579 748 2645 β.
793 2599 870 2644 ea,
893 2598 1006 2632 nos,
1052 2591 1282 2641 centenos,
1304 2582 1553 2632 Harduin.
1600 2580 1829 2640 Manilio,
1852 2596 1965 2632 nos.
2007 2576 2411 2647 μελιτουργικὰ,
2437 2584 2568 2634 Har-

395 2653 533 2702 duin.
567 2650 836 2702 Prienensi
858 2659 907 2699 et
927 2649 1237 2709 Heracleote,
1259 2645 1317 2710 β.
1363 2651 1529 2700 Index
1545 2650 1662 2700 libri
1688 2656 1765 2699 12.
1792 2646 2138 2714 Gossypinum,
2161 2650 2408 2700 Harduin.
2442 2650 2569 2702 Pro-

395 2718 524 2781 cilio,
541 2719 788 2770 Harduin.
812 2717 1053 2776 Democle,
1070 2713 1128 2778 β.
1152 2716 1320 2780 Layu,
1337 2733 1448 2767 nos.
1482 2717 1824 2777 Eratosthene,
1840 2712 1900 2779 β.
1946 2713 2113 2768 Index
2129 2718 2244 2767 libri
2270 2724 2350 2768 13.
2373 2717 2569 2782 cedrus,

390 2785 638 2837 Harduin.
673 2785 840 2851 Layu,
862 2801 977 2835 nos.
1032 2784 1197 2834 Index
1226 2785 1344 2834 libri
1370 2791 1449 2834 14.
1473 2782 1664 2846 Attalo,
1687 2785 1935 2836 Harduin.
1990 2784 2155 2834 Index
2175 2786 2292 2835 libri
2318 2792 2397 2836 15.
2419 2795 2567 2848 croto,

342 2907 351 2913 ,
393 2854 609 2905 Salmas,
635 2861 685 2902 et
708 2854 904 2902 Broter.
940 2851 1104 2912 seseli,
1128 2867 1237 2902 nos.
1284 2849 1617 2902 Struthiorum
1636 2868 1817 2917 yenera
1838 2851 1945 2913 IV,
1967 2853 2215 2903 Harduin.
2258 2851 2426 2903 Attalo
2447 2854 2567 2905 Phi-

394 2921 613 2970 lometore
632 2935 759 2986 reye,
781 2920 1031 2969 Harduin.
1086 2918 1253 2969 Index
1282 2920 1398 2970 libri
1431 2925 1511 2969 16.
1536 2928 1818 2980 nascantur,
1840 2934 1954 2968 nos·
2011 2917 2178 2969 Index
2199 2920 2315 2969 libri
2342 2924 2422 2971 17.
2449 2938 2566 2985 qua,

390 3003 500 3038 nos,
543 2987 788 3048 Dosseno,
819 2986 1068 3035 Harduin.
1110 2985 1282 3036 Attalo
1312 2984 1637 3036 Philometore
1669 3001 1806 3051 reye,
1836 2986 2083 3036 Harduin.
2139 2987 2306 3036 Index
2333 2988 2451 3037 libri
2487 2994 2567 3038 18.

389 3053 556 3115 Attio,
578 3069 691 3104 nos.
734 3050 902 3103 Attalo
924 3051 1248 3103 Philometore
1271 3068 1406 3117 reye,
1429 3054 1677 3105 Harduin.
1723 3052 1941 3114 Metone‚
1964 3053 2210 3103 Harduin.
2265 3052 2431 3104 Index
2452 3055 2568 3106 libri

395 3129 475 3172 19.
502 3120 663 3202 Misy,
686 3121 805 3182 iton,
830 3120 1044 3171 SalmaS.
1088 3120 1339 3187 cannabis,
1361 3121 1612 3171 Harduin.
1655 3119 1869 3182 Maecio,
1891 3134 2005 3170 nos.
2049 3118 2295 3182 Petricho,
2317 3122 2565 3172 Harduin.

391 3190 556 3241 Index
578 3189 696 3239 l1bri
719 3194 800 3240 20.
825 3204 986 3238 cucun-
1000 3203 1071 3233 *ηε
1092 3188 1322 3249 silvestre,
1345 3189 1592 3239 Harduin.
1628 3205 1871 3239 cucumere
1893 3187 2063 3248 sativo,
2086 3188 2334 3239 Harduin.
2379 3190 2566 3253 rapha-

388 3258 466 3309 nis
487 3255 714 3319 XLIII,
737 3272 848 3306 nos.
881 3255 1120 3321 ytnqzdio,
1142 3255 1390 3305 Harduin.
1455 3257 1670 3316 ambula,
1694 3271 1805 3307 nos.
1855 3255 2088 3317 olusatro,
2112 3256 2359 3306 Harduin.
2406 3258 2565 3308 ortho-

390 3326 558 3387 selino,
581 3341 691 3374 nos.
727 3322 886 3385 ammi,
910 3324 1157 3373 Harduin.
1191 3318 1469 3385 πεπὲτικὰς,
1494 3324 1742 3374 Harduin.
1781 3338 2039 3387 papavere
2061 3325 2211 3374 rhoea
2232 3365 2295 3373 ....
2311 3324 2564 3390 paralium

388 3392 515 3453 III,
545 3393 794 3442 Harduin.
860 3406 991 3455 quae
1023 3400 1068 3440 et
1094 3391 1273 3456 peplis,
1301 3391 1548 3441 Harduin.
1609 3406 1725 3453 meo,
1758 3389 2098 3441 Athamantico
2144 3391 2282 3453 VII,
2315 3393 2563 3443 Harduin.

388 3461 638 3525 myrsineo,
661 3460 911 3509 Harduin.
953 3458 1223 3523 Ophelione‚
1254 3459 1527 3509 Harduin.‘
1552 3457 1798 3520 Mictone,
1832 3457 2081 3509 Harduin.
2138 3459 2304 3509 Index
2333 3461 2449 3510 libri
2483 3466 2563 3510 21.

390 3527 679 3595 oriyanum,
699 3527 946 3577 Harduin.
983 3523 1110 3590 phre
1146 3526 1242 3587 ion,
1276 3527 1524 3581 Harduin.
1570 3527 1790 3591 tiphyon,
1824 3527 2071 3578 Harduin.
2116 3516 2408 3589 arachidna,
2432 3528 2564 3577 Har-

388 3596 527 3644 duin.
565 3592 888 3658 hypochoeris‚
911 3593 1059 3661 Har}
1096 3608 1097 3611 ’
1118 3593 1350 3655 caucalis,
1375 3593 1694 3655 anthriscum,
1717 3594 1964 3645 Harduin.
2010 3607 2289 3655 amaracus,
2313 3595 2562 3645 I-Iarduin.

380 3659 674 3728 perdicium,
700 3676 812 3711 nos.
850 3659 1188 3712 haliataoum
1216 3669 1267 3711 et
1292 3660 1533 3724 calliada‚
1550 3663 1709 3713 Hard.
1738 3663 1966 3726 peritton,
1992 3662 2240 3712 Harduin.
2277 3663 2414 3726 moly,
2431 3663 2563 3713 Har·

388 3730 526 3779 duin.
569 3728 806 3790 carduus,
828 3727 1078 3778 narduin.
1122 3727 1363 3791 chaleeos,
1388 3740 1569 3789 caecos,
1593 3731 1840 3781 Harduin.
1888 3745 2126 3794 onopyxos
2140 3763 2154 3791 ,
2183 3728 2434 3779 Harduin.
2478 3747 2562 3779 ca-

388 3805 509 3858 ctus,
525 3796 760 3860 pternica,
777 3812 891 3847 noe.
928 3793 1245 3862 stelephuros,
1263 3797 1513 3848 Harduin.
1552 3795 1795 3863 thryallis,
1816 3797 2064 3847 Harduin.
2100 3794 2366 3863 conchylia,
2389 3796 2557 3860 picris,

385 3864 636 3915 Harduin.
680 3861 1030 3926 holoschoenos,
1052 3864 1299 3914 Harduin.
1348 3862 1574 3927 teuchite,
1606 3865 1854 3916 Harduin.
1894 3862 2016 3929 phu,
2046 3864 2292 3915 Harduin.
2351 3864 2561 3925 Vestino,

383 3932 685 3995 Daleeamp.
728 3929 883 3994 Rufo,
906 3931 1074 3995 Heyn.
1126 3931 1177 3982 0.
1216 3931 1404 3999 Valyio‚
1438 3933 1688 3983 Harduin.
1730 3926 2058 3998 βιόχρηστα,
2090 3932 2339 3982 Harduin.
2391 3932 2563 3982 Tima-

385 3998 530 4061 risto,
552 3999 760 4053 Barbar.
796 3997 1072 4064 ‘Opheliona
1094 3999 1341 4050 Hardtiin.
1389 3998 1627 4063 Mictone‚
1649 4001 1897 4052 Harduin.
1952 3996 2119 4051 Index
2139 3996 2257 4050 libri
2280 4005 2361 4049 22.
2382 3999 2562 4064 saymi-
2611 4054 2614 4061 ι

383 4065 544 4128 nibus,
561 4067 808 4117 Harduin.
846 4063 1070 4132 adipsos,
1088 4081 1198 4118 nos.
1236 4068 1336 4117 sive
1359 4067 1583 4129 sideritis,
1606 4083 1720 4118 nos.
1754 4066 2027 4131 cynozolon,
2049 4067 2296 4118 Harduin.
2331 4067 2427 4128 De,
2444 4082 2558 4117 nos.

385 4132 652 4196 anthr-isco,
675 4135 923 4185 Harduin.
969 4133 1170 4197 iasione,
1192 4135 1442 4186 Harduin.
1488 4133 1736 4196 condrillo,
1758 4135 2005 4197 Hurduin.
2046 4133 2278 4198 ptisana,
2309 4136 2557 4186 Harduin.

380 4203 540 4267 phaco
575 4197 665 4251 ἐπὶ
700 4198 1004 4264 τελμάτων,
1052 4201 1269 4253 Salmas.
1331 4201 1458 4265 III,
1502 4219 1615 4254 nos.
1677 4200 1973 4267 elelisphaco
1995 4242 2059 4252 ....
2084 4200 2271 4262 XIII,
2310 4201 2557 4253 Harduin.

386 4269 668 4333 orobanche,
691 4271 938 4323 Harduin.
986 4268 1151 4320 Index
1165 4263 1286 4321 libri
1311 4276 1392 4322 23.
1417 4266 1693 4338 astaphide,
1714 4285 1827 4320 nos.
1875 4270 2072 4336 ampelo,
2094 4284 2207 4320 nos.
2242 4269 2404 4333 lirino,
2426 4271 2558 4321 Har-

317 4337 544 4453 1²1‘duini'
567 4338 792 4403 Iyuvino,
815 4338 975 4389 Hard.
1016 4336 1329 4402 panchresto,
1353 4354 1462 4390 nos.
1508 4354 1667 4399 corno,
1698 4338 1944 4389 Harduin.
1996 4336 2278 4466 ΟρῙὲεΙΖίοηε,
2310 4339 2557 4390 Harduin.

395 4417 468 4453 m.
