2961 4861
450 334 573 396 114
1142 346 1552 393 NATunAms
1595 345 1988 395 ms‘romAn

447 501 515 564 in
559 523 799 566 cornua
842 500 1058 578 facies,
1104 499 1294 564 modo
1336 513 1545 581 aequa
1585 498 1879 583 portione
1925 497 2148 576 divisa,
2204 498 2396 563 modo
2439 500 2702 566 sinuata

445 603 512 667 in
566 601 817 680 orbem,
885 601 1210 666 maculosa
1265 600 1615 683 eademque
1674 599 1889 664 subito·
1937 599 2303 684 praenitens
2316 648 2335 677 ,
2400 600 2703 666 inmensa

447 704 601 769 orbe
643 705 833 789 pleno
877 725 952 767 ac
993 711 1259 786 repente
1301 702 1499 778 nulla,
1547 701 1705 767 alias
1748 722 2014 785 pernox,
2060 699 2213 764 alias
2242 722 2387 764 sera
2415 711 2482 765 et
2509 713 2703 787 parte

447 806 576 870 diei
619 805 768 868 solis
809 805 1019 868 lucem
1061 802 1393 879 adiuvans,
1441 801 1744 866 deficiens
1789 811 1856 865 et
1895 801 1964 865 in
2002 801 2263 865 defectu
2271 812 2506 867 -tamen
2536 825 2700 868 con-

447 907 691 990 spicua,
750 925 915 987 quae
957 903 1195 967 mensis
1241 903 1417 967 exitu
1457 903 1636 980 latet,
1696 924 1842 967 cum
1883 900 2172 967 laborare
2213 923 2342 966 non
2385 904 2700 969 creditur.

442 1006 582 1070 Iam
637 1029 787 1073 vero
842 1005 1097 1070 humilis
1153 1005 1408 1070 excelsa
1461 1015 1527 1069 et
1578 1026 1661 1069 ne
1714 1003 1783 1067 id
1837 1003 2096 1086 quidem
2148 1025 2279 1068 uno
2334 1004 2531 1069 modo
2575 1004 2703 1070 sed
2728 1023 2791 1066 ⁴³

445 1108 604 1172 alias
648 1108 907 1171 admota
949 1108 1147 1185 cae10‚
1205 1107 1359 1171 alias
1405 1106 1711 1193 contigua
1750 1103 2100 1183 montibus,
2154 1127 2328 1169 nunc
2377 1106 2449 1174 in
2502 1106 2702 1190 aqui-

441 1209 651 1274 lonem
707 1209 903 1287 elata,
960 1230 1131 1274 nunc
1182 1208 1251 1272 in
1309 1217 1558 1271 austros
1618 1206 1899 1283 deiecta,
1957 1227 2122 1288 quae
2180 1207 2436 1293 singula
2490 1207 2564 1270 in
2618 1229 2703 1271 ea

444 1310 870 1396 deprehendit
912 1310 1239 1373 hominum
1283 1309 1528 1393 primus
1570 1306 1960 1391 Endymion,
2020 1305 2103 1371 ob
2157 1305 2226 1369 id
2279 1328 2494 1371 amore
2552 1309 2700 1373 eius

447 1423 674 1497 captus
729 1412 901 1475 fama
956 1409 1247 1474 traditus.
1321 1408 1470 1472 Non
1525 1430 1746 1472 sumus
1798 1406 2092 1492 profecto
2145 1408 2313 1493 grati
2368 1431 2526 1495 erga
2583 1430 2698 1473 eos

444 1514 552 1597 qui
608 1512 824 1577 labore
886 1517 1164 1593 curaque
1218 1511 1429 1574 lucem
1483 1508 1668 1573 nobis
1712 1530 2025 1593 aperuere
2068 1508 2136 1571 in
2178 1508 2299 1573 hac
2340 1508 2507 1586 luce,
2564 1509 2694 1572 mi-

444 1635 643 1696 raque
685 1612 946 1676 humani
988 1610 1206 1698 ingeni
1249 1620 1432 1696 peste
1477 1610 1855 1695 sanguinem
1899 1619 1966 1673 et
2009 1609 2237 1674 caedes
2268 1610 2542 1674 condere
2571 1634 2694 1675 an-

445 1715 697 1780 nalibus
749 1713 927 1777 iuvat
978 1722 1053 1777 ut
1111 1712 1350 1776 scelera
1401 1710 1730 1774 hominum
1795 1721 2142 1775 noscantur
2197 1711 2423 1775 mundi
2484 1712 2694 1797 ipsius

446 1815 710 1902 ignaris,
782 1812 1109 1878 Proxuma
1165 1834 1319 1901 ergo
1364 1812 1610 1877 cardini
1652 1810 1929 1895 ideoque
1970 1813 2257 1877 minumo
2298 1812 2544 1878 ambitu
2589 1813 2691 1878 vi-
2721 1829 2789 1872 44

448 1917 625 1980 cenis
680 1912 905 1977 diebus
962 1914 1370 1998 septenisque
1426 1925 1493 1977 et
1546 1914 1731 1977 tertia
1773 1912 1901 1978 diei
1953 1925 2139 1998 parte
2181 1914 2437 2001 peragit
2481 1914 2693 1999 spatia

448 2016 673 2079 eadem
718 2036 881 2096 quae
913 2010 1176 2077 Saturni
1220 2014 1397 2078 sidus
1441 2014 1821 2079 altissimum
1865 2014 2148 2102 triginta,
2192 2026 2267 2080 ut
2294 2016 2538 2081 dictum
2566 2027 2690 2094 est,

450 2115 653 2179 annis.
725 2114 900 2179 Dein
942 2124 1187 2178 morata
1227 2115 1296 2177 in
1341 2115 1516 2179 coitu
1560 2116 1708 2180 solis
1750 2114 1971 2194 biduo,
2032 2139 2180 2181 cum
2222 2117 2605 2195 tardissime,
2651 2141 2694 2182 a

454 2217 776 2281 tricesima
827 2216 972 2280 luce
1025 2237 1247 2279 rursus
1306 2216 1389 2278 ad
1446 2217 1706 2292 easdem
1760 2207 1938 2283 vicis*
1974 2219 2139 2296 exit,
2207 2219 2367 2284 haut
2418 2219 2550 2283 scio
2603 2241 2692 2283 an

445 2318 729 2382 omnium
772 2340 938 2400 quae
982 2318 1048 2382 in
1096 2319 1268 2382 caelo
1311 2318 1608 2403 pernosci
1652 2329 2003 2403 potuerunt
2028 2320 2363 2408 magistra:
2408 2321 2477 2386 in
2520 2320 2689 2385 duo-
2715 2333 2781 2376 ⁴⁵

447 2421 655 2486 decim
698 2443 992 2488 mensum
1037 2419 1245 2506 spatia
1285 2429 1584 2507 oportere
1628 2418 1829 2485 dividi
1873 2444 2131 2500 annum,
2177 2422 2431 2507 quando
2469 2421 2691 2508 ipsum

449 2523 684 2586 totiens
729 2523 926 2586 solem
969 2522 1346 2585 redeuntem
1388 2522 1471 2585 ad
1514 2521 1830 2607 principia
1875 2524 2304 2609 consequitur,
2360 2524 2510 2589 solis
2553 2523 2687 2589 ful-

448 2645 607 2709 gore
654 2645 796 2686 eam
839 2633 914 2685 ut
955 2622 1200 2704 reliqua
1242 2622 1525 2687 siderum
1576 2623 1737 2710 regi,
1795 2623 2112 2707 siquidem
2166 2625 2234 2689 in
2286 2635 2488 2690 totum
2539 2648 2688 2690 mu-

500 2782 693 2848 sach&
728 2783 886 2833 Hard.
913 2799 940 2832 e
983 2786 1127 2834 codd.
1152 2784 1349 2847 fauces,
1373 2786 1475 2834 BP
1487 2785 1688 2849 abd2g.
1726 2786 1890 2851 facie,
1913 2805 1940 2838 ι·
1962 2785 2192 2850 (Robert.
2225 2796 2277 2839 ct
2307 2789 2631 2854 Oudendorp.
2660 2806 2691 2840 e

448 2850 619 2915 codd.)
666 2851 842 2901 Omitt.
878 2846 1002 2911 d¹ss.
1052 2891 1115 2899 -.
1161 2865 1336 2914 aeque,
1370 2853 1417 2900 d.
1468 2892 1531 2900 -.
1573 2854 1914 2917 proportione,
1947 2869 1995 2905 σ.
2046 2896 2108 2905 .-
2153 2855 2392 2919 dividua,
2424 2858 2490 2906 K.
2530 2898 2592 2906 .-
2636 2858 2689 2906 in

449 2919 606 2969 orbem
618 2937 637 2979 ,·
670 2920 834 2969 multa
854 2919 907 2967 in
932 2920 1032 2967 hoc
1054 2919 1169 2967 loco
1193 2927 1388 2968 mutare
1410 2920 1522 2967 vult
1542 2921 1719 2970 Dalcc.
1756 2923 1874 2971 Vid.
1901 2922 2114 2974 Salmas.
2140 2939 2304 2973 exerc.
2329 2940 2380 2987 p.
2407 2930 2520 2974 266.
2549 2926 2598 2974 b.
2614 2926 2685 2974 D.

450 3029 513 3039 .-.
553 2984 735 3048 eadem,
769 2988 829 3037 P.
879 2986 1142 3051 eodemque,
1185 2999 1233 3035 σ.
1271 3027 1334 3034 .-
1372 2986 1683 3051 ρναείἰηεηε,
1723 2991 1785 3039 Β.
1824 3030 1886 3040 .-
1924 2988 2037 3040 alia
2069 3006 2274 3055 pernox,
2313 2994 2379 3043 Β.
2417 3032 2481 3040 .-
2526 3007 2686 3051 seras,

447 3056 592 3107 RP1.
632 3096 694 3116 -.-
749 3055 862 3116 sed,
897 3053 958 3105 Τ.
998 3095 1062 3103 .-
1100 3053 1208 3114 die,
1242 3054 1306 3103 R.
1345 3094 1408 3102 -.
1456 3053 1569 3115 luce,
1610 3056 1669 3104 P.
1710 3096 1767 3104 -
1816 3066 1862 3106 et
1894 3056 1962 3116 in,
1995 3058 2172 3121 Radg
2203 3056 2463 3121 (Robert.)
2517 3058 2583 3119 in,
2621 3061 2684 3110 P.

451 3141 574 3183 cum,
596 3125 645 3173 b.
674 3164 737 3172 .-
776 3140 921 3187 quae,
945 3123 1046 3173 ΒΡ
1059 3124 1221 3185 ab‘dg
1244 3118 1504 3184 (Robert.)
1542 3138 1616 3183 ac,
1638 3138 1678 3171 r.
1716 3125 1845 3187 quin,
1869 3125 2020 3173 lectio
2043 3126 2282 3175 Pintiani.
2307 3166 2370 3176 ...
2408 3125 2597 3188 mentia
2619 3128 2683 3177 P.

517 3189 546 3249 ξ
572 3197 655 3239 43.
693 3189 903 3250 excelsa,
935 3191 1164 3253 R¹abg.
1211 3198 1255 3240 et
1284 3186 1498 3252 excelsa,
1538 3190 1709 3240 R²Pd
1767 3187 2025 3255 (Robert.)
2063 3188 2164 3256 βγ.
2203 3234 2267 3242 .-
2305 3193 2409 3255 sed,
2448 3195 2684 3258 Pabdg.

448 3259 508 3317 si,
534 3259 596 3307 R.
634 3298 695 3305 -
734 3256 876 3317 caeli,
916 3259 978 3307 Β.
1017 3296 1080 3305 ...
1118 3254 1362 3320 aquilone,
1402 3256 1461 3315 P.
1501 3297 1563 3306 ....
1600 3255 1786 3319 delata,
1827 3259 1886 3307 P.
1927 3299 1989 3308 ....
2026 3268 2214 3322 austro,
2254 3275 2289 3324 g
2324 3257 2582 3324 (Robert.)
2619 3302 2686 3309 -

449 3324 675 3380 disiecta,
698 3324 787 3372 3².
815 3362 877 3371 .-
917 3337 1037 3383 eam,
1063 3338 1111 3372 σ.
1140 3362 1195 3371 .-
1237 3323 1293 3372 ob
1321 3323 1390 3383 id,
1412 3325 1706 3387 RTabdg.
1744 3333 1792 3373 et
1817 3329 1874 3375 ob
1899 3325 1968 3387 id,
1991 3322 2146 3391 Pssr.
2187 3367 2245 3375 .-
2294 3325 2450 3389 Ῐιαίυε,
2475 3330 2581 3378 Td.
2618 3369 2682 3377 .-

447 3399 637 3452 captus,
659 3389 775 3438 Pd²
800 3385 1056 3450 (Robert.)
1083 3390 1258 3440 Omitt.
1283 3391 1599 3454 RTabd1g.
1636 3432 1700 3440 .-
1750 3391 1984 3454 traditus,
2009 3408 2091 3456 gr.
2128 3394 2317 3456 tradit’,
2340 3397 2403 3445 R.
2450 3394 2684 3457 traditur,

446 3456 620 3505 Pabd
645 3452 901 3516 (Robcrt.)
924 3452 1027 3519 βγ.
1068 3495 1130 3503 -
1174 3454 1325 3520 qrati,
1359 3457 1629 3521 RPabdg
1662 3455 1831 3520 (codd.
1863 3460 2096 3521 Barbari,
2131 3461 2367 3524 Robert.)
2402 3463 2604 3529 inm-ati,
2633 3477 2682 3513 σ.

448 3521 527 3573 Ne
560 3520 714 3571 simus
741 3540 822 3586 pr.
860 3521 1075 3585 infiati,
1126 3520 1390 3570 Pintianus
1424 3524 1540 3572 coll.
1566 3523 1595 3583 ξ
1622 3531 1702 3575 62.
1741 3568 1803 3576 -
1839 3528 2074 3593 miraque,
2098 3530 2287 3579 Rabd.
2325 3531 2452 3581 mira
2477 3544 2683 3593 quoque,

447 3591 506 3640 P.
543 3588 673 3639 mira
708 3602 945 3653 quaeque,
978 3603 1013 3652 g
1046 3584 1303 3650 (Robert.)
1350 3586 1489 3651 luce,·
1524 3591 1669 3653 mira,
1692 3595 1869 3644 Dalec.
1909 3636 1971 3644 .-
2007 3604 2137 3657 teste,
2161 3597 2290 3646 Ra¹.
2329 3637 2393 3646 -
2430 3598 2683 3659 scandere,

451 3672 501 3721 g.
539 3656 769 3716 scribere,
794 3657 875 3706 Pr
899 3652 1158 3717 (Robert.)
1196 3695 1258 3707 ...
1295 3654 1615 3721 animalibus,
1639 3674 1688 3722 g.
1725 3701 1787 3710 .-
1824 3663 2042 3724 saecula,
2064 3665 2126 3713 P.
2160 3704 2223 3713 -
2260 3664 2522 3726 numinum,
2543 3665 2681 3715 Pint.

516 3744 546 3804 ξ
571 3746 652 3791 44.
690 3742 742 3791 vi
774 3741 903 3800 anic,
927 3753 976 3787 σ.
1014 3779 1076 3787 -.
1114 3722 1227 3801 die‘,
1260 3741 1324 3790 Β.
1362 3781 1426 3790 -
1467 3753 1710 3807 peraqat,
1743 3746 1843 3795 R1.
1883 3756 2135 3824 peraqrat,
2165 3749 2254 3798 ΒΞ.
2295 3784 2345 3794 ..
2404 3748 2574 3798 dic-tm
2597 3758 2683 3809 eu,

447 3810 477 3870 ξ
504 3814 587 3857 32.
626 3847 688 3856 .-
782 3806 879 3866 ein,
903 3807 995 3855 Ra
1016 3803 1161 3867 (cum
1183 3805 1382 3868 rasura)
1414 3809 1570 3871 bdgr
1615 3808 1872 3874 (Robcrt.)
1915 3812 2138 3875 Demde,
2171 3810 2325 3879 Ρβν.
2371 3855 2436 3865 -.
2479 3825 2681 3873 morata,

445 3875 622 3924 Rabd
648 3871 817 3936 (codd.
844 3872 1085 3937 Gelenii.)
1121 3882 1423 3937 commorata,
1446 3892 1487 3924 r.
1524 3889 1782 3939 remorata,
1804 3880 1895 3944 Pg
1928 3877 2188 3944 (Robert.)
2226 3923 2288 3931 .-
2324 3900 2375 3944 a,
2407 3877 2681 3945 Roabdg

408 4012 413 4013 ⁷
448 3937 709 4004 (Robert.)
765 3960 805 4003 e,
844 3937 1127 4004 13.Omitt.
1169 3942 1272 4008 Pr.
1307 3984 1370 3993 -
1409 3942 1678 4010 m'qesima,
1720 3960 1768 3995 σ.
1806 3987 1869 3996 -
1918 3948 2012 4009 die,
2044 3951 2119 3999 d¹.
2158 3988 2222 3999 ....
2260 3966 2474 4010 rursum,
2510 3951 2575 4001 R.
2615 3990 2677 4000 .-

447 4017 551 4071 aut,
573 4011 638 4059 Β.
679 4050 742 4059 -.
772 4009 1012 4074 pernosci,
1036 4012 1128 4063 Rd
1151 4007 1322 4071 (codd.
1348 4010 1591 4075 Gelenii.)
1619 4015 1902 4079 praenosci,
1925 4017 2053 4067 Pab
2061 4032 2112 4080 g.
2144 4017 2390 4080 pronos-ci,
2418 4011 2475 4067 Θ.

514 4077 650 4138 §45-
687 4092 914 4138 mensum,
955 4079 1027 4127 ita
1065 4094 1158 4129 nos
1199 4080 1505 4143 scripsimus
1559 4083 1807 4145 mensium,
1849 4084 1993 4133 codd.
2029 4092 2080 4133 et
2113 4087 2224 4134 edd.
2268 4084 2345 4135 At
2364 4084 2465 4135 vid.
2507 4086 2572 4134 ad
2596 4090 2679 4144 33,

451 4145 563 4192 137.
602 4184 665 4192 .-
702 4146 871 4210 spatia
894 4144 1137 4208 coynitum
1160 4163 1251 4211 op„
1283 4147 1460 4197 Dalec.
1499 4188 1564 4197 ..-
1600 4147 1775 4214 ipsum,
1809 4152 2187 4216 RTPabdgr.
2232 4153 2363 4218 ipsa,
2397 4153 2542 4202 codd.
2577 4150 2678 4204 Ge·

444 4210 545 4259 len.
576 4206 682 4275 βν.
721 4252 784 4260 -.
820 4211 1006 4273 totiens,
1032 4214 1326 4276 R'rabdg.
1362 4214 1475 4264 Om.
1500 4215 1561 4265 P.
1592 4256 1655 4264 -.
1693 4232 1798 4266 eam
1822 4227 1888 4278 ut,
1912 4219 1956 4268 P
1982 4216 2301 4282 (Robertus.)
2336 4229 2400 4280 ut,
2423 4236 2464 4269 r.
2499 4218 2677 4271 Omitt.

443 4278 782 4342 RTabdgr.
821 4318 885 4327 -
921 4278 1147 4340 siderum,
1172 4281 1546 4343 R'I'Pabdgr.
1583 4281 1774 4344 sidera,
1798 4297 1837 4330 σ
1889 4288 2032 4335 codd.
2059 4286 2281 4337 Turneb.
2313 4289 2426 4337 adv.
2464 4292 2542 4347 18,
2569 4285 2678 4348 24.)

443 4339 500 4402 β.
539 4384 601 4392 -
640 4345 760 4409 uqi,
784 4332 1379 4408 RTPabdgro(codd.
1405 4346 1672 4409 Tumebi.)
1709 4348 1824 4414 ceys,
1893 4387 1904 4399 .
1944 4392 2005 4400 -
2054 4362 2210 4415 mmm,
2243 4354 2515 4417 RPabdg
2545 4350 2676 4416 (Ro-
