2961 4861
475 384 634 427 val
1412 380 1794 425 PRAEFATIO.

475 552 711 597 omnem
740 535 814 594 de
843 535 1089 595 veritate
1131 534 1552 593 dubitationem
1589 533 1728 592 adet
1745 538 1937 610 nptura
1970 539 2147 592 esset.
2202 529 2367 592 Certi
2402 551 2547 594 vcro
2587 535 2736 595 boni

468 644 560 704 illi
596 643 867 704 monachi
904 649 1072 704 erant
1122 644 1229 703 vix
1267 661 1623 719 quemquam
1664 643 1827 701 locos
1864 641 1998 700 illos
2036 659 2076 700 a
2125 659 2191 700 se
2240 639 2515 701 laudatos
2566 645 2733 721 apud

466 754 664 830 ipsum
701 752 966 814 Plinium
1003 752 1410 828 quaesiturum
1448 768 1608 822 esse;
1646 757 1814 810 tanta
1852 755 1983 809 erat
2020 750 2219 827 operis
2245 751 2592 824 auctoritas,
2632 760 2730 824 ut,

466 862 697 922 etiamsi
743 861 967 937 aliquid
1016 860 1079 917 in
1129 877 1199 919 eo
1226 877 1348 918 non
1393 859 1608 931 inerat,
1657 859 1854 918 inesse
1900 864 2097 917 tamen
2136 865 2360 935 posset.
2422 860 2729 919 Fraudem

467 961 610 1031 vero
637 969 896 1043 aliquam
926 969 1159 1028 doctam
1183 968 1304 1027 illis
1347 967 1618 1041 saeculis,
1661 974 1732 1025 ut
1771 985 1928 1026 nunc
1955 967 2194 1048 scimus,
2235 987 2357 1026 non
2382 967 2729 1028 inusitatam

468 1072 574 1158 (de
603 1075 849 1137 Graecis
894 1076 1277 1155 scriptoribus
1313 1076 1468 1135 idem
1512 1077 1683 1135 docet
1707 1074 2059 1154 Bernhardy
2092 1075 2153 1135 in
2193 1076 2351 1136 anal.
2393 1076 2472 1135 ad
2512 1094 2726 1154 geogr.

467 1181 680 1244 Graec.
708 1186 851 1245 min.
879 1205 941 1263 p.
971 1182 1103 1263 28.)
1133 1187 1451 1245 admissam
1477 1184 1659 1244 fuisse
1689 1185 1867 1243 etiam
1894 1183 2031 1243 inde
2059 1183 2258 1260 colligi
2294 1194 2517 1261 potest,
2561 1188 2728 1262 quod

466 1311 791 1370 numquam
829 1294 958 1372 ipsa
982 1292 1163 1354 Plinii
1201 1295 1382 1355 verba
1417 1293 1740 1352 afferuntur
1775 1310 1966 1369 neque
2003 1292 2140 1352 libri
2166 1311 2446 1353 numerus
2486 1294 2725 1354 disertis

467 1404 662 1463 verbis
711 1404 1008 1464 laudatur.
1076 1383 1245 1464 Sunt*
1278 1411 1476 1462 autem
1523 1402 1615 1461 illi
1661 1401 2032 1461 fraudatores
2083 1397 2438 1461 scholiastes
2487 1401 2725 1462 Lucani

466 1507 529 1584 5,
566 1507 731 1586 101„
772 1511 1191 1589 mythographi
1229 1511 1533 1583 Vaticani,
1586 1511 1839 1587 scriptor
1875 1509 1979 1585 qui
2018 1510 2345 1586 composuit
2372 1507 2565 1570 Gesta
2588 1511 2721 1571 Bo-

462 1638 775 1680 manorum
805 1615 897 1700 (v.
930 1618 1341 1679 G-raessium
1381 1618 1575 1678 virum
1615 1618 2017 1677 doctissimum
2042 1617 2105 1676 in
2131 1618 2515 1678 translatione
2541 1619 2722 1678 huius

463 1730 659 1806 operis
688 1730 765 1789 T.
793 1730 878 1789 H.
911 1748 972 1808 p.
1002 1725 1148 1789 261.
1181 1721 1382 1807 262.),
1418 1727 1791 1805 potissimum
1823 1724 2067 1786 Servius
2094 1726 2508 1804 interpolatus,
2540 1745 2721 1803 quem

460 1845 694 1915 praeter
729 1838 892 1898 locos
932 1857 1115 1914 supra
1149 1837 1421 1897 laudatos
1461 1826 1585 1896 vid.
1625 1824 1949 1911 αιΓΕοΙος.
1988 1830 2060 1908 3,
2098 1831 2162 1895 8.
2226 1833 2449 1911 Georg.
2493 1831 2576 1909 1,.
2612 1832 2719 1897 59.

460 1944 524 2018 2,
557 1940 701 2006 119.
735 1941 877 2006 152.
923 1942 984 2019 3,
1014 1942 1164 2004 422.
1213 1944 1370 2005 Aen.
1404 1941 1466 2017 1,
1496 1940 1643 2005 398.
1692 1940 1757 2016 4,
1788 1939 1938 2005 551.
1979 1937 2042 2017 8,
2073 1939 2177 2003 33.
2209 1938 2355 2004 652⁴.
2384 1939 2520 2024 (ubi
2546 1946 2718 2005 locus

458 2053 643 2113 Plinii
678 2053 764 2114 X.
808 2050 925 2125 22,
972 2050 1073 2114 62.
1125 2072 1164 2112 a
1209 2052 1409 2113 Leone
1461 2051 1840 2129 Gottingensi
1886 2071 2194 2130 perperam
2242 2062 2335 2112 est
2380 2049 2717 2135 laudatus),

461 2159 524 2235 9,
548 2158 694 2223 715.
737 2159 839 2237 10,
866 2159 1011 2222 174.
1043 2159 1187 2224 184.
1219 2159 1366 2223 272.
1407 2161 1526 2222 His
1555 2160 1801 2238 denique
1828 2162 2052 2221 accedit
2075 2160 2303 2240 Eybus,
2332 2163 2435 2239 qui
2462 2162 2524 2221 in
2549 2182 2715 2222 mar-

457 2272 654 2348 garita
679 2270 765 2330 11.
797 2267 858 2343 1,
892 2267 992 2331 10.
1021 2268 1084 2332 4.
1123 2272 1271 2330 haec
1307 2272 1525 2332 verbaz
1581 2268 1835 2343 „Animi
1863 2254 2205 2347 magnitudo
2232 2270 2378 2330 nihil
2404 2272 2482 2329 ad
2508 2279 2714 2331 osten-

457 2360 754 2456 tationem,
786 2382 984 2442 omnia
1009 2401 1153 2442 vero
1180 2381 1259 2442 ad
1286 2379 1693 2442 conscientiam
1718 2378 1901 2440 refert
1923 2380 2185 2455 rectique
2212 2378 2355 2440 facti
2380 2382 2712 2442 mercedem

457 2510 577 2551 non
625 2510 703 2550 ex
747 2491 956 2568 populi
1005 2507 1296 2565 sermone,
1347 2490 1452 2549 sed
1500 2507 1578 2548 ex
1622 2488 1781 2549 facto
1827 2487 2033 2566 petit,'’
2080 2495 2381 2565 tamquam
2428 2507 2467 2547 a
2508 2489 2711 2551 Plinio

456 2601 673 2679 scripta
698 2600 892 2660 affert.

540 2711 672 2768 Iam
698 2710 776 2767 ad
814 2708 1041 2768 codices
1083 2714 1153 2767 ut
1192 2709 1528 2781 redeamuS,
1571 2726 1679 2784 per
1714 2707 2006 2783 ingentem
2048 2723 2254 2765 eorum
2281 2724 2596 2765 numerum
2621 2708 2712 2767 in·

456 2826 688 2896 gentem
732 2818 910 2876 etiam
949 2816 1417 2894 corruptelarum
1458 2816 1649 2874 omnis
1687 2814 1916 2891 generis
1953 2832 2266 2873 numerum
2291 2816 2544 2875 inveniri
2570 2834 2708 2876 cum

457 2926 724 3004 singulae
764 2925 1119 3005 paragraphi
1145 2923 1432 2985 naturalis
1458 2924 1739 2983 historiae
1779 2925 2049 2995 doceant,
2094 2924 2250 2983 unde
2288 2933 2453 2983 ortae
2495 2925 2613 2984 sint
2646 2936 2711 2985 et

454 3044 743 3114 quatenus
771 3036 960 3096 oratio
983 3034 1162 3096 Plinii
1185 3034 1302 3095 illis
1331 3033 1580 3094 sublatis
1607 3033 1901 3092 emendari
1927 3033 2136 3110 possit,
2164 3032 2345 3110 paulo
2371 3035 2707 3093 accuratius

453 3154 547 3206 est
572 3148 998 3223 exponendum.
1053 3146 1137 3205 Et
1175 3145 1278 3205 alii
1316 3144 1550 3221 quidem
1589 3159 1818 3202 errores
1843 3140 2040 3200 Plinio
2079 3159 2214 3200 cum
2241 3141 2369 3201 aliis
2397 3142 2706 3218 scriptori-

452 3257 567 3315 bus
604 3263 744 3314 sunt
780 3273 1138 3327 communes,
1179 3256 1263 3314 ita
1297 3262 1368 3314 ut
1406 3254 1505 3313 vel
1532 3251 1944 3312 usitatissimae
1982 3267 2156 3310 voces
2181 3250 2406 3310 incuria
2429 3251 2704 3310 h‘brario-

380 3401 393 3414 ‹
451 3381 588 3422 rum
633 3368 1165 3438 corrumperentur,
1207 3363 1298 3420 uti
1335 3358 1400 3433 4,
1433 3356 1536 3420 19.
1573 3379 1686 3437 pro
1722 3370 1893 3420 totam
1928 3359 2159 3420 Atticen
2199 3360 2387 3419 codex
2420 3360 2484 3419 A
2523 3360 2703 3420 habet

455 3475 572 3528 tota
598 3472 855 3542 maticen,
886 3470 1071 3529 codex
1097 3469 1155 3527 R
1181 3464 1245 3540 4,
1273 3464 1374 3528 93.
1402 3472 1616 3546 cytitur
1641 3487 1752 3546 pro
1779 3471 2028 3541 circiter,
2055 3469 2210 3528 idem
2238 3469 2426 3527 codex
2452 3465 2516 3542 4,
2551 3464 2699 3528 119.

453 3580 672 3650 saneim,
716 3577 755 3637 d
783 3585 979 3636 autem
1007 3565 1198 3638 atatim
1225 3595 1336 3654 pro
1363 3580 1633 3655 spatium,
1672 3583 1925 3655 quarum
1954 3577 2426 3655 corruptelarum
2454 3596 2698 3638 causam

452 3687 770 3746 maximam
807 3704 937 3745 eam
975 3704 1125 3758 esse,
1166 3687 1325 3762 quod
1365 3705 1568 3745 omnes
1608 3704 1757 3763 quos
1794 3687 2077 3746 habemus
2116 3686 2342 3747 codices
2379 3705 2456 3745 ex
2483 3689 2698 3747 arche-

452 3804 595 3874 typo
623 3795 820 3870 aliquo
848 3795 1059 3856 litteris
1086 3794 1410 3854 uncialibus
1438 3801 1679 3854 exarato
1708 3800 1847 3854 sunt
1872 3796 2231 3872 transcripti,
2272 3814 2405 3856 cum
2434 3797 2696 3855 sexcenti

452 3903 553 3962 alii
579 3901 694 3962 loci
722 3902 953 3976 docent,
994 3913 1118 3963 tum
1146 3910 1381 3981 praeter
1407 3921 1531 3976 eos,
1562 3920 1709 3978 quos
1737 3921 1919 3982 supra
1945 3906 2021 3963 ad
2049 3906 2315 3981 singulos
2343 3904 2513 3964 codd.
2541 3924 2692 3963 enu-

449 4013 698 4084 meravi,
727 4012 932 4072 nullus
961 4013 1176 4073 clarius
1205 4030 1385 4089 quam
1411 4009 1476 4086 4,
1509 4006 1633 4086 57.,
1675 4013 1777 4073 ubi
1814 4032 1948 4073 cum
1984 4013 2168 4090 vulgo
2211 4013 2500 4073 scribatur
2539 4014 2696 4074 Sunt

450 4131 505 4180 et
544 4124 606 4179 in
644 4123 936 4197 Moqarico
974 4125 1105 4182 sinu
1145 4116 1452 4203 (insulae),
1510 4141 1712 4182 omnes
1751 4123 1923 4183 codd.
1960 4122 2091 4182 loco
2133 4123 2298 4183 verbi
2338 4123 2695 4183 substantivi

464 4230 588 4292 VII
606 4230 843 4302 habent,
877 4249 987 4307 pro
1014 4248 1132 4307 quo
1157 4232 1218 4292 in
1244 4250 1380 4291 mea
1405 4232 1655 4293 editione
1682 4235 1770 4293 uti
1793 4232 2032 4309 legitur.
2072 4231 2308 4293 Horum
2345 4252 2488 4293 vero
2524 4250 2692 4292 erro-
