2961 4861
1220 335 1601 377 PRAEFATIO.
2445 337 2540 378 XV

287 487 364 547 lis
397 497 488 546 est
514 488 576 545 in
603 485 726 558 Ra,
770 487 1100 561 librumque
1129 488 1321 563 ipsum
1350 506 1538 563 usque
1566 487 1644 545 ad
1673 488 1884 545 verba:
1925 488 2158 563 quidam
2184 498 2238 547 et
2263 498 2416 548 aceto
2447 492 2543 547 in-

287 599 518 657 trivisse
558 600 803 656 contenti
842 607 976 656 sunt
1011 599 1213 656 nostri.
1268 597 1341 654 In
1384 598 1595 656 ultim0
1630 595 1771 654 folio
1799 595 2083 670 leguntur
2109 596 2285 656 haec:
2336 600 2434 658 lib.
2462 602 2547 660 sci

280 710 441 783 petri
479 708 711 766 corbeie.
776 704 1110 777 Lectiones,
1160 725 1413 781 quarum
1450 706 1749 782 specimen
1787 705 1947 764 dedit
1984 707 2212 766 Ianus
2250 708 2327 766 ad
2367 708 2547 767 libros

287 814 470 874 XIV.
501 814 683 873 XIX.
712 815 863 874 XX.
906 818 935 885 ξ
968 810 1221 888 1-10,,
1266 834 1401 874 cum
1441 816 1640 874 codice
1687 834 1726 879 a
1767 813 1892 874 fere
1930 822 2278 890 congruunt,
2333 818 2552 876 omissa

289 936 489 984 tamen
517 945 638 984 non
667 931 808 983 sunt
833 925 1038 983 eadem
1065 925 1129 981 in
1156 931 1426 998 utroque.

374 1033 577 1094 Codex
614 1036 971 1093 Parisiensis
1010 1029 1346 1108 Reqiu3-67
1353 1029 1432 1091 97
1475 1026 1579 1113 (d)
1621 1031 1763 1091 folio
1791 1034 2049 1091 maximo
2076 1034 2228 1092 binis
2257 1033 2549 1093 columnis

290 1147 543 1221 scriptus
572 1162 775 1203 omnes
804 1144 984 1201 libros
1009 1143 1284 1214 continet,
1320 1143 1424 1201 sed
1443 1142 1719 1201 ultimum
1738 1143 1854 1201 alia
1874 1162 2055 1202 manu
2075 1144 2389 1216 adiectum,
2420 1162 2549 1204 sae·

291 1256 427 1328 culi,
459 1262 530 1313 ut
560 1255 812 1324 videtur,
842 1251 1025 1310 xm.
1054 1250 1248 1310 Huius
1278 1251 1491 1310 codicis
1519 1269 1654 1309 cum
1687 1268 1799 1327 ego
1819 1252 1945 1328 ipse
1967 1253 2150 1311 libros
2171 1252 2550 1312 XXXIH...

290 1363 603 1422 XXXVI.
643 1361 1018 1421 contulissem
1031 1403 1049 1433 ,
1090 1359 1275 1420 Ianu
1288 1380 1317 1420 s
1360 1379 1459 1419 me
1500 1368 1755 1436 rogante
1795 1361 2053 1438 reliquos
2091 1362 2279 1422 libros
2321 1359 2550 1421 adiecit.

290 1473 372 1531 Et
400 1472 516 1531 ‘fuit
556 1472 789 1547 quidem
830 1472 927 1529 hic
964 1472 1150 1529 codex
1192 1471 1411 1545 dIgnus
1440 1470 1544 1544 qui
1572 1479 1736 1529 totus
1766 1470 2154 1543 conferretur,
2193 1478 2262 1529 ut
2287 1472 2392 1546 qui
2421 1490 2556 1530 cum

294 1581 585 1641 Toletano
625 1591 685 1640 et
723 1582 786 1639 in
824 1580 1026 1639 multis
1068 1580 1213 1638 locis
1253 1599 1386 1638 cum
1427 1577 1816 1638 chiffletiano·
1847 1581 2132 1639 familiam
2157 1579 2373 1639 faciens
2400 1598 2555 1640 unus

294 1691 465 1767 plene
495 1690 746 1750 conferri
780 1697 998 1766 posset.
1049 1688 1361 1746 Nonnulla
1405 1707 1550 1746 sane
1577 1706 1715 1746 cum
1742 1687 1875 1747 VR
1900 1691 2081 1747 habet
2111 1690 2459 1760 communia,
2489 1698 2559 1748 ut

294 1801 698 1877 repetitionem
726 1799 891 1856 illam
920 1797 1232 1855 XXXIII.
1265 1801 1295 1866 ἓ
1327 1792 1623 1869 95-98.,
1654 1798 1729 1856 de
1757 1816 1876 1873 qua
1907 1815 1939 1854 e
1969 1798 2265 1856 Toletano
2292 1798 2439 1856 nihil
2469 1806 2560 1856 est

279 1916 629 1977 ·enotatum;
683 1908 790 1965 sed
840 1907 1029 1963 multo
1067 1906 1256 1979 magis
1301 1906 1594 1981 conspirat
1632 1925 1765 1964 cum
1802 1908 1915 1965 hoc
1952 1906 2128 1965 modo
2173 1908 2357 1980 dicto,
2400 1908 2560 1982 quod
2675 1902 2678 1905 ’

299 2019 421 2076 iam
458 2017 611 2074 liber
652 2011 994 2073 XXXVII.
1037 2035 1075 2072 a
1101 2016 1296 2091 priore
1325 2016 1565 2074 librario
1593 2017 1656 2074 in
1683 2024 1935 2092 utroque
1964 2017 2165 2075 codice
2192 2017 2446 2076 omissus
2458 2058 2478 2088 ,
2519 2033 2559 2075 a

302 2126 627 2203 posteriore
649 2125 885 2183 demum
905 2125 966 2181 in
994 2126 1033 2182 d
1059 2125 1317 2182 adiectus
1347 2125 1541 2183 docet.
1573 2123 1748 2198 Quod
1776 2127 1855 2184 ad
1885 2127 2014 2185 eius
2040 2126 2295 2203 pretium
2323 2126 2557 2197 attinet,

303 2235 506 2310 negari
544 2254 663 2292 non
699 2240 895 2310 potest
935 2224 1070 2290 eum
1087 2275 1104 2306 ,
1144 2241 1554 2309 praeterquam
1587 2235 1748 2310 quod
1788 2254 1922 2294 cum
1959 2235 2193 2311 optimis
2228 2234 2349 2293 illis
2391 2234 2558 2293 libris

307 2344 435 2403 VR
450 2363 487 2401 a
517 2344 853 2419 saepissime
882 2342 1193 2418 conspirat,
1222 2344 1410 2401 multa
1436 2363 1471 2403 e
1497 2343 1742 2402 meliore
1769 2343 1932 2402 fonte
1961 2354 2250 2417 servasse,
2280 2362 2436 2418 quae
2462 2344 2565 2402 alii
2667 2376 2673 2383 ·

310 2455 410 2513 vel
438 2454 639 2531 optimi
665 2454 833 2511 codd.
855 2471 974 2510 non
997 2452 1239 2524 habent,
1270 2454 1358 2511 uti
1380 2449 1483 2525 33,
1512 2449 1632 2525 77„
1664 2453 1767 2512 ubi
1796 2455 1954 2528 quod
1976 2456 2158 2528 vulgo
2180 2461 2375 2512 exstat
2393 2456 2563 2513 iidem

313 2571 417 2623 aut
443 2582 644 2622 errore
673 2569 779 2621 aut
802 2561 1246 2637 interpolatione
1272 2569 1515 2638 propter
1544 2580 1751 2620 vocem
1777 2565 1884 2621 alii
1924 2581 2332 2638 praegressam
2370 2571 2564 2622 ortum

315 2674 661 2732 emendatur
689 2671 977 2748 scriptura
1006 2673 1070 2729 id
1095 2681 1281 2729 autem
1308 2670 1369 2728 in
1390 2690 1509 2729 uno
1532 2672 1572 2728 d
1593 2680 1887 2744 exstante3
1919 2691 2093 2749 saepe
2117 2674 2295 2731 etiam
2316 2674 2565 2749 scriptu-

314 2803 443 2841 ram
487 2783 789 2856 vulgatam
825 2782 1041 2838 bonam
1080 2780 1252 2837 illum
1289 2782 1653 2853 confirmare,
1694 2781 1781 2840 uti
1809 2777 1914 2854 35,
1943 2778 2049 2842 45.
2080 2785 2433 2860 ratiumque,
2462 2783 2568 2842 ubi

317 2900 545 2951 ceterae
585 2906 784 2949 omnes
826 2889 1149 2965 scripturae
1187 2892 1485 2966 rubiaque,
1536 2892 1871 2967 rubiaquae,
1913 2894 2089 2951 rubea
2130 2912 2275 2970 quae
2312 2891 2568 2968 primum

317 3000 528 3072 errori,
570 3009 696 3058 tum
735 2998 1168 3074 interpolationi
1206 3000 1512 3058 debentur.
1564 2998 1654 3058 At
1695 3017 1914 3074 magna
1942 3002 2120 3058 simul
2148 3002 2341 3059 cautio
2368 3002 2430 3057 in
2456 3000 2570 3059 hoc

317 3110 517 3168 codice
544 3109 882 3184 usurpando
905 3117 996 3166 est
1014 3108 1362 3179 adhibenda,
1387 3115 1455 3166 ut
1482 3109 1587 3183 qui
1605 3125 1846 3166 manum
1867 3108 2314 3166 emendatricem
2336 3109 2571 3185 saepius
2591 3116 2602 3124 “

319 3238 499 3294 quam
520 3218 701 3277 VRa
737 3218 813 3275 sit
841 3226 1145 3294 expertus,
1177 3218 1279 3291 qui
1307 3216 1424 3273 illis
1451 3216 1513 3273 in
1541 3216 1686 3274 locis
1715 3225 1820 3273 aut
1847 3218 2227 3294 archetypum
2255 3219 2402 3275 bene
2430 3218 2569 3275 red·

321 3329 470 3386 dunt
505 3337 610 3386 aut
645 3327 878 3385 levibus
915 3326 1091 3384 modo
1120 3326 1279 3384 vitiis
1310 3326 1647 3384 oscitantiae
1675 3325 2052 3385 librariorum
2080 3327 2288 3385 debitis
2317 3334 2457 3386 sunt
2482 3328 2570 3385 in-
2643 3381 2646 3384 ,

323 3436 570 3512 quinati.
625 3436 720 3492 Ita
764 3431 825 3507 5,
854 3431 992 3494 140.
1035 3435 1238 3512 vulgo,
1289 3434 1376 3492 uti
1415 3435 1477 3491 in
1517 3433 1836 3493 Parisiensi
1872 3456 1930 3507 a,
1972 3454 2104 3494 cum
2143 3443 2301 3495 recte
2340 3437 2572 3511 legatur

333 3545 477 3603 Tota
516 3546 706 3602 insula
743 3547 1042 3615 circuitur,
1085 3545 1149 3601 in
1191 3543 1249 3602 R
1286 3551 1484 3603 autem
1522 3544 1636 3603 hoc
1677 3546 1963 3622 scriptum
2002 3554 2159 3606 esset
2202 3548 2343 3605 Tota
2379 3550 2571 3606 insula

322 3655 552 3723 circuit,
594 3651 871 3710 librarius
910 3653 1120 3711 codicis
1149 3654 1188 3712 d
1215 3654 1350 3711 hinc
1375 3654 1524 3712 fecit,
1550 3655 1722 3714 Totae
1750 3658 1972 3714 insulae
1998 3659 2307 3723 circuitus,-
2352 3674 2484 3713 cum
2513 3655 2569 3712 T

327 3781 667 3823 communes
710 3761 889 3821 habet
928 3763 1409 3839 interpolationes
1449 3759 1565 3835 34,
1609 3759 1709 3822 99.
1740 3768 1948 3824 sentire
1978 3767 2233 3836 tradunt,
2264 3758 2377 3833 35,
2426 3760 2570 3822 170.

328 3892 439 3931 non
469 3874 580 3932 sibi
606 3891 745 3943 mos,
777 3866 881 3944 35,
916 3867 1059 3931 173.
1091 3874 1301 3932 Romae
1329 3884 1549 3941 autem3
1576 3893 1686 3949 pro
1716 3892 1786 3931 eo
1816 3875 1974 3948 quod
2000 3875 2062 3931 in
2089 3871 2144 3930 B
2170 3880 2329 3932 recte
2354 3873 2572 3948 legitur

327 3983 609 4042 mensibus
636 3984 750 4053 IV,
791 4000 925 4039 cum
954 3981 1083 4040 VR
1118 4000 1225 4057 per
1252 4001 1509 4040 errorem
1542 3983 1825 4057 scriptum
1853 3984 2107 4042 habeant
2133 3993 2340 4060 mepte,
2383 3982 2568 4040 libra-

328 4091 456 4151 rius
496 4091 705 4150 codicis
744 4092 784 4149 d
819 4092 953 4149 inde
989 4090 1125 4150 fecit
1160 4111 1376 4167 nempe,
1416 4090 1712 4151 sollertius
1750 4094 1924 4151 etiam
1965 4092 2237 4153 librarius
2273 4093 2486 4151 codicis
2527 4094 2569 4150 h

332 4204 536 4279 inepte.
581 4201 668 4262 Ut
703 4200 922 4260 locutio
962 4204 1171 4278 expelli
1209 4204 1362 4260 mari
1401 4201 1808 4278 explicaretur,
1852 4202 2122 4262 librarius
2152 4203 2323 4262 huius
2354 4202 2568 4261 codicis
