2961 4861
511 347 596 392 Ὣ
1207 357 1589 405 xxrt‘mms
1635 356 2020 402 HISTORIAE

493 521 532 562 ῑι
567 527 756 578 :mou
825 519 1168 582 omen-um,
1211 531 1318 576 nec
1345 506 1552 568 hiatus
1581 503 1754 568 aliud
1783 526 1972 587 quam
2020 527 2164 569 eum
2208 505 2406 573 fulmen
2438 535 2600 581 erum.

477 627 592 676 πε,
653 613 910 680 nnius-o
957 617 1176 696 spiritu
1215 612 1479 674 maante
1520 615 1585 668 et
1624 605 1708 669 ad
1748 604 2109 670 libertatem
2148 606 2312 671 exire
2340 609 2543 679 nitente.

573 707 878 782 'QX-&X
951 718 1044 774 ὃς).
1101 708 1277 772 varie
1305 706 1521 788 itaque
1551 705 1835 789 quatitur
1875 717 1941 772 et
1975 708 2137 771 mira
2172 707 2412 773 eduntur
2443 735 2619 798 opera,
2642 737 2682 781 ις

477 809 630 870 aiibi
683 815 1020 890 prostratis
1055 806 1374 873 moenibus
1393 853 1410 882 ,
1457 806 1611 872 alibi
1652 808 1833 872 hiatu
1876 808 2196 894 profundo
2237 807 2470 889 haustis,
2504 815 2627 881 alibi

477 913 730 988 vgesus.
771 911 1076 974 molibus.
1129 906 1282 971 alibi
1325 908 1576 973 emissis
1621 908 1945 987 amnibus,
2000 930 2446 992 nonnumquam
2479 916 2632 982 etiam

473 1007 482 1062 i
491 1009 752 1088 guibus
769 1010 1072 1074 calidisve
1103 1008 1408 1087 fontibus,
1456 1010 1610 1074 alibi
1639 1032 1864 1074 averso
1892 1009 2222 1073 fluminum
2251 1032 2439 1075 cursu.
2472 1012 2633 1081 Prae-

471 1107 640 1168 cedit
701 1131 848 1172 vero
905 1109 1365 1194 comitaturque
1422 1111 1722 1175 terribilis
1777 1134 2006 1188 sonus,
2066 1111 2220 1174 alias
2269 1116 2533 1179 murmuri
2566 1119 2639 1180 si-

471 1207 665 1282 milis,
728 1211 890 1274 alias
939 1210 1288 1296 mugitibus
1332 1220 1445 1274 aut
1497 1210 1756 1277 clamori
1798 1212 2077 1275 humano
2119 1234 2490 1279 armorumve
2523 1219 2644 1301 pul-

469 1311 750 1374 santium
797 1311 1053 1396 fragori,
1101 1332 1216 1395 pro
1261 1311 1569 1393 qualitate
1611 1312 1910 1375 materiae
1955 1311 2334 1396 excipientis
2374 1313 2650 1401 formaque

471 1413 570 1472 vel
620 1434 1033 1480 cavernarum
1061 1412 1164 1476 vel
1195 1412 1471 1478 cuniculi
1500 1435 1617 1497 per
1649 1433 1840 1495 quem
1867 1422 2056 1490 meet,
2106 1413 2334 1477 exilius
2375 1430 2654 1500 grassante

469 1511 534 1574 in
591 1525 900 1602 angusto,
963 1512 1188 1576 eodem
1238 1533 1433 1577 rauco
1488 1513 1556 1576 in
1608 1512 1927 1589 recurvis,
1986 1514 2337 1578 resultante
2384 1516 2447 1579 in
2492 1518 2659 1597 duris,

471 1613 784 1680 fremente
811 1615 878 1678 in
905 1612 1162 1690 umidis,
1207 1612 1556 1678 fluctuante
1598 1614 1666 1678 in
1710 1614 2175 1700 stagnantibus,
2220 1615 2497 1681 fervente
2533 1640 2664 1683 eon-

469 1731 570 1780 tra
597 1716 816 1782 solida.
875 1713 1103 1797 Itaque
1144 1724 1208 1778 et
1248 1714 1384 1779 sine
1426 1726 1606 1778 motu
1651 1737 1841 1799 saepe
1887 1714 2099 1779 editur
2142 1737 2354 1794 sonus,
2398 1740 2510 1783 nee
2536 1720 2668 1783 sim·
2692 1735 2777 1778 194

471 1819 620 1902 plici
673 1816 862 1880 modo
917 1816 1200 1899 quatitur
1252 1838 1558 1899 umquam
1613 1816 1728 1880 sed
1783 1815 1997 1880 tremit
2047 1817 2400 1901 vibratque.
2460 1816 2676 1883 Hiatus

469 1941 626 1986 sero
667 1918 823 1984 alias
866 1927 1152 1982 remanet
1196 1918 1539 1982 ostendens
1586 1940 1751 2001 quae
1794 1919 2059 1996 sorbuit,
2105 1918 2261 1984 alias
2289 1919 2557 1983 occultat
2579 1943 2678 1986 ore

468 2041 815 2106 conpresso
854 2041 1207 2102 rursusque
1246 2019 1336 2083 ita
1367 2019 1630 2084 inducto
1663 2020 1797 2083 solo
1827 2029 1900 2083 ut
1927 2020 2100 2084 nulla
2126 2019 2400 2106 vestigia
2426 2029 2680 2098 exstent,

469 2120 738 2188 urbibus
766 2123 1140 2207 plerumque
1171 2119 1494 2184 devoratis
1524 2141 1951 2206 agrorumque
1996 2129 2204 2184 tractu
2245 2120 2489 2184 hausto.
2541 2120 2686 2184 Ma-

467 2223 678 2288 ritima
743 2233 956 2288 autem
1018 2243 1315 2284 maxume
1382 2221 1757 2302 quatiuntur
1790 2242 1934 2284 *nee
1984 2230 2321 2285 montuosa
2373 2220 2481 2284 tali
2531 2222 2690 2285 malo

470 2334 724 2400 carent-3
778 2325 1177 2410 exploratum
1232 2322 1387 2386 mihi
1443 2331 1541 2386 est
1581 2321 1772 2407 Alpis
1811 2321 2400 2406 Appenninumque
2446 2322 2694 2406 saepius

469 2426 823 2493 tremuisse.
896 2424 988 2489 Et
1040 2435 1345 2490 autumno
1403 2446 1479 2488 ac
1538 2446 1687 2507 vere
1742 2434 1947 2496 terrae
2003 2422 2286 2489 crebrius
2339 2433 2697 2500 moventur,
2727 2436 2815 2479 1⁹5

470 2528 639 2594 siout
684 2528 964 2593 fulmina.
1023 2526 1178 2590 Ideo
1210 2523 1457 2592 Galliae
1503 2535 1567 2589 et
1593 2523 1941 2612 Aegyptus
1983 2524 2262 2590 minume
2306 2524 2699 2608 quatiuntur,

472 2630 772 2713 quoniam
812 2628 916 2693 hic
961 2626 1220 2691 aestatis
1266 2649 1457 2715 causa
1500 2627 1744 2705 obstat,
1800 2610 1928 2711 illsc
1970 2626 2217 2691 hiemis.
2286 2624 2453 2690 Item
2505 2634 2705 2689 noctu

472 2731 729 2817 saepius
775 2751 964 2812 quam
1006 2728 1302 2792 interdiu.
1358 2711 1656 2791 Maxumi
1700 2737 1911 2791 autem
1953 2737 2164 2813 QG
2206 2726 2522 2791 exsistunt
2560 2747 2704 2788 ma-

470 2831 661 2897 tutini
692 2828 1184 2916 vespertinique,
1218 2828 1333 2891 sed
1361 2829 1718 2914 propinqua
1745 2829 1889 2893 luce
1918 2828 2147 2905 crebri,
2176 2826 2457 2893 interdiu
2484 2835 2709 2891 autem

542 2960 808 3023 Monstrum,
832 2960 932 3008 R2.
969 2955 1130 3017 mouit,
1154 2959 1204 3008 R
1222 2960 1251 3006 ¹.
1280 2998 1343 3006 -
1369 2975 1488 3018 cum,
1511 2959 1561 3006 Β
1583 2960 1694 3007 'ad.
1733 2958 1874 3022 quod,
1900 2961 1998 3008 R2.
2038 3000 2101 3008 -
2123 2957 2333 3023 fulmen,
2356 2960 2405 3008 Β
2428 2954 2512 3017 (en
2535 2957 2591 3006 in
2624 2971 2709 3005 ra-

472 3030 631 3091 sura.)
664 3031 741 3079 «1².
778 3027 987 3091 flumen,
1013 3043 1058 3075 a.
1087 3024 1315 3089 fulmine,
1340 3024 1421 3074 d¹.
1461 3066 1523 3073 ....
1566 3023 1763 3089 rumpit,
1789 3028 1836 3074 d.
1875 3065 1937 3074 .-
1976 3025 2200 3086 lactante,
2224 3028 2287 3075 R.

542 3098 572 3161 ξ
602 3103 708 3149 193.
746 3094 854 3155 mir,
878 3097 941 3144 R.
971 3134 1027 3141 ..
1069 3091 1293 3154 eduntur,
1317 3094 1454 3143 Rae
1474 3088 1732 3154 (Robert.)
1769 3093 1964 3154 dantur,
1989 3094 2094 3143 Td.
2133 3133 2196 3141 -.
2241 3093 2367 3143 alibi
2381 3133 2445 3141 .-
2464 3092 2715 3141 moenibus

475 3167 637 3215 omitt.
664 3165 710 3213 Β
734 3159 990 3224 (Robert.)
1031 3200 1089 3209 ...
1130 3162 1328 3221 haustu,
1360 3162 1422 3209 Β.
1464 3201 1526 3208 -.
1565 3157 1735 3220 aliubi,
1768 3160 1832 3209 Β.
1872 3201 1933 3208 -.
1972 3176 2164 3221 averso,
2199 3152 2541 3211 RSTOadr
2573 3154 2715 3219 (Βο-

472 3229 623 3289 bort.)
659 3228 886 3288 adverso,
904 3224 960 3289 β.
990 3270 1051 3276 —
1077 3226 1331 3287 murmuri,
1355 3222 1519 3276 R²9r
1542 3223 1722 3290 (Rob.)
1758 3243 2016 3288 murmure,
2038 3226 2136 3276 R1.
2172 3243 2402 3288 murmur,
2428 3223 2610 3290 adssr.
2642 3264 2713 3273 .-

472 3296 667 3355 similis,
700 3288 951 3345 R²8adr
986 3292 1243 3357 (Robert.)
1289 3292 1495 3355 similes,
1527 3295 1628 3343 R1.
1676 3293 1905 3356 similius,
1938 3290 2040 3359 βγ.
2078 3335 2137 3343 -
2188 3293 2343 3356 aliae,
2384 3287 2474 3343 Or.
2523 3293 2714 3343 Omitt.

473 3367 607 3416 Rau
641 3358 895 3425 (Robert.)
925 3358 1027 3424 βγ.
1079 3402 1140 3409 ..
1187 3364 1504 3422 arborumve‚
1542 3355 1598 3409 θ.
1647 3402 1710 3409 ....
1740 3362 2079 3425 formamque,
2113 3363 2176 3411 Β.
2226 3402 2287 3410 -
2337 3376 2487 3425 quem,
2519 3360 2717 3410 RSad

474 3428 733 3495 (Robort.)
780 3445 887 3494 que,
922 3431 983 3478 T.
1033 3469 1093 3476 -
1141 3436 1288 3488 meet,
1328 3429 1516 3478 R²Td.
1564 3438 1621 3488 et,
1653 3427 1782 3477 1³¹2..
1813 3429 1900 3491 fit,
1934 3429 1971 3479 S
2007 3426 2265 3491 (Robert.)
2311 3437 2455 3487 meat,
2487 3423 2588 3491 βγ.
2642 3466 2714 3474 ..-

474 3501 649 3560 esimS,
675 3499 711 3550 S
736 3493 993 3560 (Robert.)
1035 3535 1092 3543 -
1117 3495 1372 3558 fremente,
1405 3486 1494 3543 Or.
1528 3495 1774 3558 fervente,
1798 3497 2090 3559 RTador.
2128 3536 2191 3544 -
2230 3495 2297 3556 in,
2321 3486 2520 3543 Βθᾱτ.
2558 3502 2607 3542 et
2634 3492 2716 3552 in,

475 3584 518 3617 s.
559 3608 619 3615 -.
657 3568 720 3626 in,
744 3566 850 3615 ΒΤ
869 3556 911 3610 θ
921 3565 1043 3612 adr.
1092 3571 1153 3623 et,
1175 3557 1233 3622 β,
1270 3577 1371 3624 qua
1395 3577 1460 3611 ex
1485 3563 1731 3625 scriptura
1761 3563 2097 3625 interpunctio
2133 3563 2283 3612 huius
2306 3562 2407 3612 loci
2439 3562 2494 3610 in
2525 3563 2713 3611 eadem

473 3635 691 3686 editione
730 3632 996 3697 paululum
1039 3638 1116 3679 est
1154 3629 1435 3679 immutata.
1504 3670 1567 3678 -
1615 3630 1856 3693 fervente,
1897 3631 2003 3681 ΒΤ
2023 3622 2209 3679 Oaldr
2258 3625 2517 3691 (Bobert.)
2594 3628 2715 3677 item

457 3702 698 3765 fervente,
723 3700 835 3750 12²6.
872 3698 1248 3760 itemst-emente,
1270 3692 1372 3760 βγ.
1411 3737 1474 3745 -.
1510 3694 1694 3758 solida,
1717 3699 1767 3748 R
1785 3690 1958 3746 Oadr.
1996 3696 2158 3758 solita,
2182 3692 2238 3757 β.

541 3768 569 3829 ἓ
598 3774 710 3818 194.
747 3766 947 3830 Itaque,
971 3767 1020 3814 R
1039 3757 1179 3814 Oad.
1234 3761 1551 3826 Quandoque,
1575 3781 1614 3813 r.
1652 3805 1715 3813 -.
1752 3781 1986 3827 umquam,
2009 3764 2142 3814 R2d.
2189 3764 2366 3814 Omitt.
2400 3761 2550 3813 R¹ar
2572 3759 2713 3823 (Ro-

473 3833 621 3897 bort.)
645 3849 693 3900 r.
732 3876 795 3884 -
834 3841 1096 3894 remanent,
1119 3830 1217 3880 R¹.
1255 3871 1318 3879 -.
1355 3828 1561 3880 occultat
1582 3847 1679 3892 ore,
1703 3832 1806 3881 Ra.
1844 3829 2082 3881 occultior
2105 3842 2190 3893 est,
2215 3830 2352 3881 Td2.
2399 3827 2635 3879 occultior
2663 3842 2710 3888 e,

473 3903 554 3955 «1¹.
593 3943 656 3952 -..
680 3901 916 3951 inductus
950 3898 1042 3961 olo,
1075 3899 1173 3949 R1.
1215 3939 1276 3947 -.
1315 3896 1536 3958 devorat,
1570 3897 1666 3948 R¹.
1705 3939 1768 3947 -
1806 3907 1959 3960 austo,
1983 3898 2081 3948 R2.
2118 3907 2210 3958 sto,
2233 3897 2330 3948 3¹.
2353 3939 2416 3947 -
2436 3905 2709 3954 montuosa,

469 3964 730 4027 RTOud.
777 3978 1007 4047 montosa,
1040 3963 1097 4028 β.
1146 4008 1208 4015 -.
1262 3964 1415 4027 modo,
1448 3966 1547 4045 Βῖ.
1596 4007 1657 4014 ..-
1713 3962 1831 4016 mihi
1861 3975 1944 4027 est,
1978 3967 2113 4016 Rad
2143 3964 2400 4029 (Robert.)
2453 3972 2526 4014 est
2563 3961 2708 4022 mihi,

59 4048 64 4087 ι
465 4033 573 4169 βξ.
596 4034 1007 4163 1ῖ5.Αένῖ>ἼυΒαῗῖ
1029 4031 1771 4162 I{messii’u51}ss''²1⁷'‘llas('1{obel‘t.)
1817 4102 1942 4150 sicut
1959 4099 2125 4162 fiunt,
2170 4096 2308 4165 assr.
2356 4140 2419 4148 -
2458 4097 2704 4162 flumina,

457 4170 632 4239 ³20¹.
670 4211 733 4221 ..
779 4177 942 4220 autem
950 4168 1121 4232 futuri
1155 4169 1305 4232 siyna
1328 4176 1479 4218 motus
1503 4169 1710 4218 existunt
1744 4166 1799 4215 hi
1820 4166 2055 4227 matutini,
2080 4181 2127 4216 σ.
2165 4208 2228 4216 -
2277 4164 2492 4216 interdiu
2520 4205 2585 4214 .-
2603 4180 2703 4214 me·

565 4252 566 4255 ’
599 4239 793 4307 primus
823 4239 889 4287 ad
920 4236 1270 4300 praecedentia
1302 4236 1459 4285 traxit
1489 4236 1624 4285 Pint.
1664 4276 1725 4283 -
1772 4233 2019 4293 meridieS‚
2051 4235 2156 4284 ΒΤ
2168 4236 2255 4284 ad.
2292 4274 2355 4283 -
2391 4232 2532 4293 solis,
2564 4233 2703 4283 delet

567 4314 605 4361 t.
639 4345 704 4357 ....
744 4304 957 4364 imbrem,
981 4304 1073 4352 Ra
1096 4299 1354 4364 (Robert.)
1390 4304 1580 4362 imbres,
1607 4304 1710 4351 Td.

539 4440 544 4443 ⁷
604 4378 717 4427 196.
764 4371 881 4432 cive,
914 4373 960 4420 d.
999 4410 1060 4418 -
1109 4369 1221 4431 ictu,
1255 4361 1577 4419 RATOad.
1615 4370 1709 4429 icti,
1740 4364 1841 4434 βγ.
1882 4410 1943 4418 .-
1992 4370 2209 4429 navibus,
2241 4370 2289 4419 R
2333 4365 2411 4430 (in
2442 4365 2595 4430 corr.)
2634 4406 2697 4416 .-
