2961 4861
940 338 1083 388 mn.
1114 333 1210 388 vx.
1266 337 1421 388 car.
1455 337 1657 386 xxv1.
1717 336 1910 387 sacr.
1942 339 2007 382 ω.
2462 318 2588 387 445

348 487 531 556 Silici
580 486 916 567 Classitae,
960 510 1079 574 per
1118 509 1280 572 quos
1307 486 1532 571 Lycus
1561 509 1642 553 ex
1666 487 1976 553 Amenia
2002 488 2228 566 fertur,
2256 485 2588 556 Absithris

346 590 433 656 ad
473 590 812 655 hibernum
857 599 1170 667 exortum,
1212 587 1498 654 Acochis
1537 588 1867 674 oppidum,
1912 611 2061 654 mox
2102 587 2171 652 in
2213 589 2588 674 campestri-

344 690 467 755 bus
518 690 757 776 oppida
806 689 1174 777 Diospage,
1218 687 1566 773 Polytelia,
1614 686 2009 767 Stratonice,
2053 686 2445 754 Anthemus.
2510 688 2590 757 In
2618 711 2715 758 119

344 773 581 856 vicinia
649 789 1002 875 Euphratis
1069 789 1132 853 N
1133 789 1514 875 icephorion
1568 789 1740 872 quod
1804 789 2129 865 diximus3
2210 789 2589 856 Alexander

346 891 542 957 iussit
594 890 784 956 condi
841 900 1106 976 propter
1155 890 1280 956 loci
1335 889 1899 975 opportunitatem.
1970 889 2169 955 Dicta
2234 901 2335 955 est
2398 900 2465 956 et
2525 891 2595 956 in

344 990 699 1079 Zeugmate
743 991 1067 1077 Apamea,
1126 1013 1208 1056 ex
1248 1013 1376 1074 qua
1422 991 1737 1055 orientem
1777 1001 2075 1075 petentes
2120 991 2361 1077 excipit
2402 992 2590 1078 oppi-

344 1092 500 1156 dum
548 1088 893 1176 Caphrena
934 1090 1280 1168 munitum,
1339 1089 1664 1174 quondam
1710 1090 2057 1155 stadiorum
2099 1114 2235 1155 Lxx
2289 1093 2592 1177 amplitu-

346 1192 497 1258 dine
542 1201 608 1256 et
651 1203 1051 1278 satraparum
1076 1191 1257 1279 regia
1284 1192 1697 1276 appellatum,
1740 1211 1868 1273 quo
1901 1189 2142 1255 tributa
2170 1192 2592 1258 confereban-

346 1303 485 1371 tur,
539 1314 712 1357 nunc
752 1292 822 1356 in
864 1315 1076 1358 arcem
1117 1292 1470 1356 redactum.
1538 1289 1831 1367 Duram,
1883 1301 1959 1355 ut
1999 1291 2217 1370 fuere,
2263 1292 2593 1360 Thaebata
2622 1315 2718 1362 120

346 1405 413 1460 et
455 1395 657 1460 ductu
696 1393 964 1479 Pompei
1006 1392 1239 1481 Magni
1297 1393 1607 1458 terminus
1648 1391 1923 1457 Romani
1966 1392 2171 1478 inperi
2217 1391 2497 1471 Oruros,
2554 1417 2594 1460 a

345 1494 698 1583 Zeugmate
770 1516 890 1560 σοι.
973 1494 1233 1559 milibus
1310 1517 1376 1579 p.
1460 1490 1631 1559 Sunt
1700 1494 1811 1577 qui
1885 1493 2149 1558 tradunt
2216 1492 2595 1579 Euphraten

345 1593 627 1662 Gobaris
690 1595 1004 1682 praefecti
1070 1617 1263 1680 opere
1318 1593 1650 1659 diductum
1702 1595 1816 1659 ubi
1875 1617 2019 1660 eum
2081 1594 2360 1660 diximus
2411 1595 2590 1674 findi,

342 1718 426 1761 ne
489 1697 829 1782 praecipiti
905 1719 1100 1762 cursu
1156 1694 1490 1778 Babylona
1552 1694 1916 1773 infestaret,
1983 1695 2064 1760 ab
2106 1694 2398 1779 Assyriis
2439 1717 2592 1761 vero

342 1796 666 1861 universis
732 1797 1124 1882 appellatum
1185 1793 1615 1860 Narmalchan
1631 1843 1648 1873 ,
1722 1796 1897 1878 quod
1962 1795 2279 1881 significat
2343 1796 2595 1882 regium

342 1896 600 1962 flumen.
671 1895 821 1978 Qua
880 1896 1234 1973 derivatur,
1290 1894 1600 1980 oppidum
1653 1895 1779 1958 fuit
1832 1895 2117 1983 Agranis
2171 1918 2207 1961 e
2250 1896 2593 1976 maxumis,

343 1998 519 2082 quod
569 1997 823 2062 diruere
864 1995 1127 2061 Persae.
1192 1994 1488 2079 Babylon
1533 1991 2021 2059 Chaldaicarum
2064 1995 2356 2084 gentium
2398 2007 2596 2084 caput
2624 2019 2714 2064 121

345 2098 460 2164 diu
503 2122 813 2164 summam
866 2098 1216 2162 claritatem
1258 2097 1426 2160 inter
1466 2095 1647 2161 urbis
1690 2096 1967 2181 optinuit
2010 2107 2142 2162 toto
2196 2097 2381 2176 orbe,
2439 2121 2593 2184 pro-

342 2211 495 2286 pter
544 2223 738 2284 quam
780 2200 1028 2282 reliqua
1066 2220 1220 2283 pars
1262 2195 1776 2282 Mesopotamiae
1819 2196 2265 2282 Assyriaeque
2306 2197 2592 2284 Babylo-

344 2301 455 2365 nia
497 2301 819 2386 appellata
862 2310 980 2377 est,
1025 2321 1111 2361 Lx
1154 2298 1330 2362 milia
1369 2320 1435 2382 p.
1462 2297 1779 2381 „amplexa
1820 2298 2021 2363 muris
2065 2299 2349 2365 ducenos
2390 2301 2593 2386 pedes

345 2402 529 2481 altis,
597 2401 1087 2489 quinquagenos
1139 2397 1323 2478 latis,
1389 2397 1458 2461 in
1517 2397 1805 2483 singulos
1862 2398 2062 2484 pedes
2117 2401 2313 2466 ternis
2371 2401 2594 2490 digitis

346 2525 651 2569 mensura
692 2504 997 2589 ampliore
1039 2523 1234 2585 quam
1274 2509 1494 2563 nostra
1510 2546 1526 2575 ,
1571 2498 1868 2564 interfluo
1910 2498 2242 2585 Euphrate
2258 2549 2277 2580 ‚
2321 2502 2596 2567 mirabili

350 2625 542 2689 opere
571 2615 860 2688 utroque.
906 2603 1120 2670 Durat
1161 2599 1372 2665 adhuc
1415 2598 1507 2663 ibi
1535 2597 1708 2664 Iovis
1736 2598 1881 2666 Beli
1920 2602 2228 2688 templum
2240 2627 2259 2681 3
2304 2603 2596 2670 inventor

348 2813 496 2861 codd.
519 2811 745 2861 Barbari.
789 2806 1171 2868 Grauecamela,
1193 2811 1301 2859 Rd.
1340 2846 1403 2856 ..-
1439 2805 1553 2865 Sue,
1579 2809 1627 2856 d.
1670 2803 1804 2867 Suet,
1828 2800 1950 2858 ΒΘ.
1998 2807 2133 2871 Suci,
2158 2812 2221 2861 T.
2257 2809 2403 2874 Save,
2427 2814 2493 2864 K.
2530 2853 2596 2864 .-

346 2877 427 2938 im,
450 2877 514 2926 Β.
551 2918 614 2925 -
653 2876 816 2935 Silici,
840 2878 890 2926 Β
914 2873 1087 2938 (codd.
1125 2871 1329 2935 Gelen.)
1366 2872 1509 2933 Siloi,
1537 2866 1578 2919 θ
1589 2875 1651 2921 Τ.
1689 2872 1827 2931 Suci,
1853 2877 1899 2923 d.
1938 2914 2000 2924 -,
2044 2873 2301 2940 Classitae,
2327 2883 2472 2930 codd.
2495 2880 2596 2931 Ge-

346 2944 448 2993 len.
489 2941 745 3002 Classitre,
770 2945 832 2992 Β.
870 2942 962 2991 das
983 2943 1152 2998 sin-ae,
1177 2944 1225 2990 d.
1270 2938 1572 2997 Calachitae,
1596 2940 1755 2989 Hard.
1795 2979 1858 2988 .-.
1893 2939 2158 3004 Absithris,
2182 2946 2246 2993 Β.
2283 2943 2519 3003 Absitris,
2546 2949 2594 2997 d.

346 3009 595 3069 Absidris,
627 3005 728 3072 βγ.
780 3008 1041 3074 Absyrtus,
1076 3008 1318 3058 Bochart.
1352 3020 1524 3068 geogr.
1560 3021 1684 3055 sacr.
1716 3020 1766 3067 p.
1803 3012 1917 3055 243.
1956 3007 2019 3055 ab
2042 3005 2210 3058 Sidris
2235 3011 2269 3059 i.
2294 3025 2337 3060 e.
2364 3014 2428 3062 ab
2451 3014 2596 3075 aquis

350 3078 541 3136 calidis,
564 3077 780 3128 Parisot.
818 3117 880 3124 .-
915 3074 1142 3135 Acoclu's,
1167 3076 1228 3124 T.
1266 3073 1525 3131 AchochiS,
1549 3074 1599 3121 R
1617 3064 1673 3121 θ.
1708 3070 1943 3131 Azochis,
1968 3069 2111 3138 ᾱβγ.
2147 3116 2212 3125 -
2251 3078 2413 3128 tadios
2430 3079 2597 3143 peyia,

350 3147 397 3194 d.
446 3185 510 3195 ....
558 3143 814 3208 Polytelia,
836 3145 912 3193 R2
937 3142 1109 3204 (codd.
1134 3139 1389 3202 Barbari.)
1436 3138 1690 3202 Polyteba,
1713 3140 1778 3189 Κ.
1806 3139 1983 3190 omitt.
2006 3143 2141 3192 R'd.
2189 3185 2250 3195 -.
2299 3144 2597 3211 Stratonice,

348 3214 439 3262 ΒΞ.
493 3210 821 3273 Stratonicen,
846 3212 989 3260 codd.
1012 3210 1221 3260 Barbar.
1244 3203 1302 3268 β.
1355 3203 1724 3269 Stratoniyena,
1747 3208 1813 3257 Κ.
1849 3207 2025 3258 Omitt.
2060 3210 2194 3260 R'd.
2231 3251 2294 3260 ....
2336 3211 2597 3277 Απηοηιω,

349 3280 481 3330 R¹d.
517 3277 899 3332 Anthemusium.
922 3279 988 3328 K.
1591 3322 1610 3336 ,

418 3345 448 3407 ξ
479 3352 591 3396 119.
631 3343 764 3408 quod
787 3344 1019 3404 diximus,
1045 3346 1092 3392 d.
1131 3342 1263 3407 quod
1283 3351 1338 3391 ut
1360 3339 1593 3402 diximus,
1618 3341 1725 3406 By.
1760 3351 1812 3392 ut
1833 3340 2044 3394 diximus
2068 3343 2213 3408 quod,
2236 3347 2370 3396 Pint.
2395 3341 2453 3407 β.
2477 3346 2596 3396 Vid.

353 3420 400 3474 5,
427 3419 509 3464 86.
544 3453 607 3461 -
643 3411 800 3461 Dicta
824 3421 902 3461 est
926 3418 970 3470 5,
997 3417 1077 3461 86.
1115 3451 1179 3459 ...
1217 3418 1280 3471 et,
1305 3412 1353 3459 d.
1390 3409 1569 3459 Omitt.
1603 3403 1763 3473 Ββγ.
1804 3450 1868 3460 -.
1906 3408 2224 3475 Zmyrnam,
2248 3415 2312 3463 Β.
2349 3413 2596 3474 Zeumate,

350 3483 400 3530 d.
428 3521 491 3528 -
544 3479 783 3543 Apamea,
806 3481 967 3530 RTd.
1003 3477 1276 3543 Apamam,
1303 3470 1359 3525 Θ.
1395 3474 1626 3539 Apamia,
1648 3472 1751 3540 βγ.
1779 3517 1841 3526 ..-
1879 3495 1992 3541 qua,
2015 3479 2079 3529 Β.
2118 3497 2227 3543 quo,
2252 3482 2357 3530 Td.
2394 3520 2458 3530 -.
2502 3479 2598 3531 C'a-

343 3549 550 3613 phrena,
593 3547 656 3595 Β.
715 3544 1026 3611 Caphraena,
1053 3541 1110 3594 θ.
1168 3542 1401 3608 Cast-ena,
1425 3545 1530 3595 Td.
1584 3544 1817 3608 apprime,
1839 3539 1942 3610 βγ.
1998 3586 2060 3596 -.
2122 3545 2385 3611 quoddam,
2427 3550 2475 3597 d.
2534 3587 2597 3596 .-

351 3612 535 3670 LXX,
559 3606 777 3664 RBTd.
812 3612 993 3674 LXV,
1016 3609 1073 3673 β.

422 3684 451 3743 ς
480 3688 591 3731 120.
611 3682 768 3743 suere
801 3679 1076 3739 Thaebata,
1102 3672 1158 3729 Θ.
1178 3681 1353 3744 fueret
1366 3679 1588 3740 Hebata,
1606 3680 1672 3728 Β.
1695 3680 2068 3744 sueratebatha‚
2088 3683 2135 3730 d.
2155 3682 2366 3744 fuerant
2380 3680 2600 3743 Hebata,

351 3744 455 3812 βγ.
479 3789 541 3797 ...
563 3745 772 3806 ductum,
798 3752 846 3798 d.
868 3789 931 3797 .-
975 3747 1197 3808 OrturoS,
1220 3749 1286 3798 Κ.
1307 3788 1370 3797 .-
1393 3745 1613 3806 tradunt,
1637 3746 1701 3796 R.
1740 3746 1958 3805 tradant,
1984 3747 2090 3796 Td.
2117 3786 2170 3796 .-
2211 3745 2525 3810 Euphraten,
2549 3751 2597 3797 d.

352 3812 666 3880 Euphratem,
692 3811 851 3880 Ββγ.
888 3856 951 3864 -
996 3814 1221 3876 Οοόανίε,
1248 3817 1392 3863 codd.
1421 3814 1599 3864 Gelen.
1643 3811 1866 3873 Gobares,
1890 3812 1939 3861 Β
1956 3805 2028 3871 Θ..
2057 3812 2274 3875 Gabaris,
2298 3816 2346 3863 d.
2372 3855 2436 3864 .-.
2474 3830 2599 3875 eum,

353 3884 401 3933 d.
440 3884 509 3943 ἔέ,
533 3883 597 3931 Β.
627 3921 690 3931 ....
721 3882 933 3932 diximus
961 3888 1006 3939 5,
1032 3888 1112 3932 89.
1142 3921 1206 3931 ...
1221 3881 1391 3944 fundi,
1416 3883 1463 3930 d.
1495 3921 1556 3929 .-.
1585 3878 1863 3943 Babylona,
1887 3880 1993 3930 Rd.
2027 3878 2372 3943 Babyloniam,
2395 3876 2496 3945 βγ.
2534 3922 2598 3932 -.

353 3950 417 4000 ab
442 3947 684 4014 Assyriis,
708 3949 771 3998 Β.
810 3959 854 3999 et
877 3952 938 4000 ab
964 3948 1126 4013 Syris,
1153 3951 1200 3999 d.
1237 3989 1300 3998 ....
1338 3945 1706 4006 Narmalchan,
1729 3949 1779 3996 R
1795 3940 1952 3997 OTd.
1987 3945 2305 4009 Amalchar‚
2327 3944 2387 4009 β.
2424 3947 2597 3998 Naar-

354 4017 563 4077 malcha,
587 4016 830 4066 Bochart.
855 4032 1027 4080 geogr.
1054 4031 1177 4066 sacr.
1212 4030 1262 4079 p.
1296 4022 1377 4065 34.
1433 4055 1497 4063 .-
1551 4013 1845 4075 derivatum,
1876 4013 1982 4065 Rd.
2037 4054 2100 4064 -
2151 4012 2374 4079 Ayranis
2399 4031 2441 4077 e,
2482 4010 2599 4066 ΘΤ.

352 4084 577 4151 Αφ-αηίε
600 4099 667 4143 se,
691 4086 797 4134 Rd.
832 4083 1032 4147 Ayrani
1055 4100 1093 4141 e,
1117 4078 1219 4146 βγ.

426 4150 456 4211 ξ
486 4155 598 4201 121.
645 4153 766 4201 inter
797 4154 954 4211 urbes,
988 4145 1195 4201 ΒθΤᾱ
1227 4146 1411 4210 (Rob.)
1445 4149 1622 4200 omitt.
1655 4145 1758 4213 βγ.
1807 4147 2043 4199 Ceterum
2076 4149 2206 4198 haec
2230 4151 2603 4215 exscripserunt

359 4218 520 4269 Solin.
549 4225 629 4278 56,
660 4225 704 4268 1.
730 4228 781 4268 et
803 4220 1038 4269 Martian.
1067 4225 1113 4276 6,
1142 4221 1256 4267 701.
1304 4256 1367 4265 ...
1412 4225 1524 4278 toto,
1548 4210 1765 4268 ΒθΤᾱ.
1810 4215 1861 4264 in
1888 4224 1997 4276 toto,
2021 4217 2153 4266 Rob.
2176 4212 2277 4281 βγ.
2328 4258 2389 4268 ...
2438 4236 2600 4283 quam,

359 4285 424 4335 R.
462 4286 602 4350 quod,
635 4279 691 4337 θ.
729 4302 871 4352 quae,
896 4288 944 4337 d.
982 4327 1044 4336 ..-
1084 4283 1373 4346 1ατὶε,Βοῑ).
1412 4282 1557 4346 latae,
1581 4279 1684 4348 βγ.
1724 4323 1785 4333 .-
1823 4283 2112 4349 inter-fluvio,
2137 4286 2184 4334 d.
