2961 4861
364 308 489 371 300
1072 326 1477 374 NATURAms
1523 328 1912 376 msromAn

447 472 549 540 22.
611 474 816 539 Extra
870 497 1009 539 eam
1063 478 1128 539 in
1172 475 1436 561 Myrtoo
1486 481 1725 544 multae
1782 479 1896 544 sed
1951 500 2251 543 maxume
2304 479 2609 547 inlustres
2638 500 2701 544 65

296 663 304 668 ⁶
363 572 844 641 Glauconnesos
898 586 963 640 et
1014 575 1268 663 Aegila.
1340 576 1432 641 Et
1490 602 1529 642 a
1580 578 2008 664 promontorio
2065 576 2381 644 Geraesto
2440 580 2612 645 circa

325 666 599 741 ‘Delum
650 677 716 740 in
766 676 986 742 orbem
1037 676 1227 756 sitae,
1285 678 1455 742 unde
1511 689 1575 743 et
1626 702 1859 743 nomen
1916 689 2170 743 traxere
2188 727 2207 757 ,
2266 677 2608 763 Cyclades.

357 776 578 841 Prima
630 800 848 841 earum
890 776 1157 841 Andrus
1212 799 1358 841 cum
1409 779 1648 864 oppido
1702 779 1886 845 abest
1937 803 1977 843 a
2019 777 2340 855 Geraesto
2384 802 2432 843 x
2474 783 2606 847 mil.

360 899 529 963 pass.
549 925 567 955 ,
624 901 663 940 a
720 874 858 940 Ceo
911 898 1129 939 xxx1x
1181 877 1311 940 mil.
1384 877 1603 962 Ipsam
1654 877 1970 962 Myrsilus
2027 878 2318 958 Cauron,
2379 881 2608 945 deinde

360 978 743 1042 Antandron
775 977 1289 1064 cognominatam
1320 978 1533 1056 tradit,
1568 977 2000 1044 Callimachus
2022 980 2305 1058 Lasiam,
2338 982 2445 1044 alii
2471 980 2535 1044 N
2534 1004 2607 1047 o-

359 1079 679 1166 nagriam,
731 1076 1143 1161 Hydrussam
1162 1127 1175 1151 ‚
1229 1076 1563 1165 Epagrim.
1660 1079 1854 1145 Patet
1916 1081 2189 1145 circuitu
2246 1103 2413 1146 xc111
2477 1083 2604 1146 mil.

357 1202 529 1265 pass.
624 1179 735 1243 Ab
796 1178 1019 1242 eadem
1085 1176 1314 1265 Andro
1371 1201 1601 1262 passus
1659 1181 1829 1245 mille
1890 1191 1955 1245 et
2013 1205 2052 1244 a
2103 1181 2273 1248 Delo
2328 1206 2415 1246 xv
2472 1184 2603 1248 mil.

358 1280 574 1344 Tenos
629 1302 775 1344 cum
830 1278 1066 1364 oppido
1116 1278 1184 1341 in
1236 1300 1330 1342 xv
1386 1280 1517 1343 mil.
1572 1302 1637 1364 p.
1694 1291 1989 1364 porrecta
2011 1329 2029 1359 ,
2095 1304 2289 1365 quam
2344 1295 2607 1369 propter

359 1404 670 1465 aquarum
714 1377 1171 1443 abundantiam
1198 1378 1584 1444 Aristoteles
1611 1379 2023 1464 Hydrussam
2065 1384 2450 1467 appellatam
2493 1385 2602 1462 ait,

360 1482 554 1564 aliqui
611 1477 1023 1565 Ophiussam.
1135 1475 1406 1542 Ceterae
1469 1478 1787 1564 Myconos
1843 1504 1989 1546 cum
2042 1494 2258 1548 monte
2310 1484 2605 1550 Dimasto
2632 1505 2696 1549 es

360 1605 399 1646 a
451 1581 621 1646 Delo
674 1603 763 1643 xv
818 1575 1062 1643 milium
1116 1600 1287 1662 pass
1309 1626 1326 1655 ,
1393 1576 1679 1664 Siphnus
1748 1592 1897 1647 ante
1956 1581 2252 1669 Meropia
2318 1595 2384 1648 et
2443 1585 2604 1650 Acis

429 1739 458 1802 ᾖ
494 1747 572 1791 65.
628 1749 689 1800 et,
722 1741 785 1788 R.
823 1778 887 1786 ¹-
930 1735 1311 1797 G'lauconnesus,
1344 1737 1479 1785 Pint.
1541 1735 1935 1801 Glauconnessos,
1970 1741 2038 1789 A.
2099 1740 2520 1803 Glauconnensm
2555 1748 2602 1793 d.

367 1806 761 1871 G'laurz'onesyos,
795 1806 861 1854 A.
900 1845 961 1852 .-.
999 1803 1193 1865 Aequa,
1228 1804 1451 1854 Meinek.
1486 1806 1550 1852 ad
1583 1805 1760 1867 Steph.
1792 1807 1918 1870 Byz.
1955 1821 2003 1870 p.
2030 1813 2113 1866 41,
2141 1813 2185 1857 6.
2222 1808 2431 1872 Aeyilia,
2456 1805 2602 1874 ᾶβγ.

359 1873 555 1938 Aeylia,
588 1868 643 1922 θ.
679 1871 848 1937 Eylia,
879 1873 944 1921 R.
981 1865 1202 1937 aelfheta,
1225 1871 1293 1920 A.
1321 1911 1383 1918 -.
1427 1869 1642 1932 Ger-esto,
1665 1868 1722 1933 β.
1762 1915 1823 1923 ,-
1871 1884 1928 1934 et,
1956 1889 2057 1922 om.
2084 1873 2215 1924 Rob.
2241 1874 2305 1924 -ζ
2343 1876 2528 1937 Primo,
2554 1879 2602 1926 d.

361 1983 423 1990 ..-
451 1940 649 2005 oppida,
661 1941 729 1988 A.
756 1979 818 1987 -.
844 1937 1195 1999 XXXVIII,
1216 1939 1360 1987 A.-.
1379 1937 1666 2002 Myr-silius,
1684 1935 1742 2000 β.
1771 1982 1832 1988 -
1864 1940 2088 2001 Gauron,
2108 1943 2171 1990 R.
2202 1983 2262 1991 .-
2287 1943 2601 2003 Antandron,

359 2009 427 2057 A.
452 2008 592 2056 Anta
616 2007 751 2066 dron,
775 2008 839 2054 R.
864 2005 1132 2066 Antacron,
1152 2008 1198 2053 d.
1227 2045 1287 2052 .-
1312 2005 1659 2068 coynominata,
1681 2009 1744 2056 R.
1772 2001 2176 2075 coquominavussls,
2196 2011 2242 2057 d.
2271 2051 2331 2058 -.
2366 2008 2602 2059 Callima·

361 2073 496 2134 chus,
510 2074 743 2137 fragmm.
756 2078 870 2122 394.
893 2073 1062 2121 Bentl.
1078 2113 1140 2120 ,-
1165 2071 1386 2133 Lasiam,
1397 2074 1464 2122 A.
1490 2072 1854 2133 Lassiam,Rd.
1880 2074 2112 2138 Layiam,
2134 2077 2328 2126 Sinner.
2347 2078 2601 2126 adBuon-

359 2143 511 2191 delm.
532 2142 682 2190 insul.
699 2141 915 2202 Archip.
938 2155 987 2203 p.
1011 2146 1122 2189 182.
1145 2179 1207 2186 -.
1233 2137 1561 2203 Nonayriam,
1580 2142 1648 2189 A.
1673 2141 2002 2207 Monayriam,
2022 2144 2125 2192 RT
2138 2146 2184 2192 d.
2215 2184 2275 2191 ..-
2299 2142 2601 2207 Hydrusam,

358 2209 484 2258 ΒΑ.
512 2249 573 2257 -.
598 2209 849 2272 Epaqrim,
867 2206 936 2255 A.
970 2205 1193 2270 Epacim,
1214 2209 1261 2254 d.
1292 2205 1533 2270 Epacam,
1552 2208 1616 2255 R.
1649 2206 1859 2271 Epayrz}
1878 2223 1926 2267 σ.
1952 2209 2158 2272 Paqrz‘n,
2175 2211 2480 2260 Buondelm.
2505 2212 2539 2259 l.
2564 2211 2598 2259 l.

360 2282 442 2326 28.
465 2291 515 2339 p.
542 2281 623 2325 86.
646 2273 889 2338 Epayrin‚
913 2269 1015 2337 βγ.
1041 2315 1103 2322 -
1130 2271 1349 2333 XCIII,
1373 2275 1483 2323 Ad.
1509 2272 1720 2335 XCVI,
1740 2277 1788 2324 R
1805 2268 1903 2340 θγ.
1931 2316 1993 2325 .-
2019 2277 2087 2336 in,
2111 2279 2223 2326 RA
2240 2269 2436 2327 θΤᾱσ.
2484 2277 2599 2328 Om.

357 2339 417 2404 β.
455 2384 519 2392 ....
569 2351 880 2407 quapropter,
915 2345 962 2391 d.
1009 2341 1245 2391 Ceterum
1278 2342 1407 2389 haec
1440 2342 1594 2390 habet
1616 2343 1921 2392 Buondelm.
1955 2344 1989 2392 l.
2022 2345 2056 2392 l.
2083 2350 2164 2393 30.
2199 2360 2248 2407 p.
2275 2351 2356 2394 88.
2395 2385 2458 2394 .-.
2493 2344 2602 2408 Hy·

359 2409 571 2472 drasam,
596 2411 663 2462 A.
698 2409 879 2475 Hydri]
902 2426 1022 2471 sam,
1045 2411 1109 2461 R.
1144 2406 1373 2472 Hydram
1396 2424 1595 2470 samam,
1621 2411 1667 2458 d.
1707 2451 1769 2458 -
1807 2408 1973 2471 alicui,
1998 2410 2067 2460 A.
2106 2452 2167 2460 -
2212 2410 2461 2477 Opiusam,
2485 2414 2533 2461 d.

428 2479 456 2539 ξ
485 2486 563 2530 66.
600 2477 850 2542 Myconos,
873 2479 926 2527 A
951 2475 1119 2538 (codd.
1150 2473 1386 2538 Barbar.)
1421 2476 1688 2540 Myconiis,
1714 2481 1761 2527 d.
1799 2478 2011 2542 Mywu’,
2045 2480 2108 2528 R.
2144 2478 2367 2544 Mycone,
2392 2480 2502 2529 Κσ.
2531 2520 2594 2529 -

357 2546 615 2610 Dymasto,
638 2547 702 2594 R.
741 2586 803 2593 .-.
840 2543 1038 2605 XVII,
1073 2545 1138 2593 Κ.
1177 2584 1239 2591 ..-
1278 2542 1508 2607 δῲῆηιιε,
1543 2544 1741 2594 RSTd
1774 2542 1943 2606 (codd.
1978 2546 2193 2596 Salmas.
2220 2561 2386 2596 exerc.
2448 2583 2459 2595 .
2488 2552 2600 2597 126.

360 2629 407 2662 a.
444 2611 537 2674 D.)
584 2628 794 2676 praepes
824 2611 1012 2674 szsnus,‘
1034 2612 1101 2660 A.
1156 2609 1334 2673 Scyros
1367 2609 1597 2674 Siplmus,
1630 2607 1687 2672 β.
1736 2653 1797 2660 -
1845 2619 1975 2672 ante,
2009 2612 2078 2663 A.
2133 2623 2297 2674 antea,
2331 2615 2381 2665 R
2452 2616 2501 2663 d.
2539 2654 2601 2663 .-

358 2678 604 2743 Meropia,
631 2681 773 2728 codd.
797 2679 1004 2727 Barbar.
1049 2676 1258 2741 Meropt’,
1284 2679 1330 2726 d.
1375 2676 1621 2743 Μονορία,
1645 2680 1708 2728 R.
1755 2677 1960 2742 Eropia,
1983 2681 2051 2729 A.
2094 2679 2336 2743 Europia,
2372 2694 2421 2730 σ.
2457 2721 2520 2731 ...
2557 2690 2605 2730 et

359 2745 493 2806 Acis,
524 2745 592 2795 A.
649 2744 786 2804 tacis,
817 2747 881 2794 R.
931 2745 1092 2805 etatis,
1127 2748 1173 2793 d.
1213 2785 1274 2792 -.
1320 2744 1565 2804 circuitus,
1599 2748 1646 2795 d.
1685 2785 1749 2794 -
1787 2746 1926 2807 ΧΙΙ,
1961 2749 2028 2797 Α.
2082 2747 2216 2808 XV,
2251 2749 2500 2812 RTadr.
2539 2789 2602 2797 .-

358 2810 715 2877 Prepesinthos,
758 2814 804 2861 d.
869 2810 1266 2876 Praeposintlzos,
1304 2808 1362 2873 β.
1413 2828 1618 2876 praepes
1648 2811 1797 2874 intus,
1837 2813 1906 2863 A.
1956 2814 2393 2879 praeplzessirtlzos,
2434 2815 2498 2863 R.
2535 2855 2599 2863 ..-

367 2878 586 2945 Cythnos,
617 2881 751 2929 Pint.
786 2881 850 2928 ad
879 2880 1002 2928 Mel.
1029 2881 1097 2929 11.
1138 2885 1181 2938 7,
1221 2885 1298 2928 11.
1353 2876 1558 2943 Οξιχαηοε,
1591 2880 1658 2929 A.
1711 2879 1917 2942 Citanos,
1942 2882 2048 2932 Ro.
2094 2882 2318 2943 citanosi,
2346 2882 2397 2931 d.
2435 2922 2498 2930 .-
2535 2890 2599 2943 et,

359 2948 470 2998 RA
489 2940 545 2996 θ.
583 2948 759 2997 Omitt.
785 2949 817 2996 d
842 2944 934 3007 (ex
956 2945 1154 3008 rasura)
1176 2942 1234 3009 β.
1267 2986 1319 2994 ..
1358 2964 1432 3007 σε,
1457 2948 1568 3010 RA
1587 2939 1740 2997 OTd.
1781 2949 1894 2998 Om.
1918 2944 1975 3009 β.
2012 2989 2075 2998 ...
2112 2949 2347 3012 Deloque,
2371 2948 2440 2999 A.
2474 2949 2599 2999 vid.

360 3016 518 3066 Solin.
548 3021 627 3075 11,
657 3021 735 3066 18.
766 3021 842 3065 19.
870 3056 932 3063 -
960 3013 1042 3075 ad,
1067 3015 1235 3064 RAd.
1268 3014 1356 3075 At,
1375 3015 1436 3063 Τ.
1463 3054 1527 3061 ..-
1564 3023 1790 3076 aetatem,
1814 3017 1918 3064 Rd.
1945 3025 2122 3075 aetate,
2145 3016 2270 3077 AT,
2297 3017 2436 3080 quod
2458 3029 2603 3080 prae-

359 3083 457 3132 fert
466 3084 601 3133 Pint.
628 3082 866 3132 Ceterum
887 3084 1039 3131 verba
1062 3082 1132 3131 ad
1140 3122 1202 3129 -
1216 3090 1425 3130 aetatem
1442 3082 1727 3130 Mercurial.
1751 3099 1854 3132 var.
1880 3084 2015 3132 lectt.
2035 3090 2082 3143 3,
2100 3090 2178 3133 18.
2205 3098 2419 3146 eumque
2444 3083 2604 3133 secuti

358 3150 516 3199 Hard.
551 3158 600 3199 et
631 3152 827 3200 Broter.
862 3163 898 3213 r
939 3151 1003 3198 ad
1035 3149 1302 3211 sequentia:
1337 3148 1575 3209 referunt,
1609 3164 1794 3198 novam
1826 3150 1942 3199 inde
1984 3151 2249 3213 periodum
2286 3151 2602 3213 incipientes.

363 3216 533 3276 Quam
564 3217 1020 3279 interpunctionem
1053 3218 1094 3265 si
1127 3218 1381 3280 posuisset
1410 3215 1622 3276 Plinius,
1659 3232 1802 3266 suam
1836 3225 1888 3265 et
1918 3218 2136 3267 aliorum
2160 3217 2601 3268 sententiamMu-

321 3287 322 3290 ’
361 3284 507 3331 ciano
533 3284 867 3345 opposuisset,
892 3297 994 3345 quo
1018 3283 1154 3332 facto
1179 3285 1225 3332 ei
1249 3284 1567 3333 scribendum
1590 3291 1697 3333 erat
1719 3285 1867 3333 sentit
1887 3299 2052 3347 neque
2074 3285 2221 3335 sensit
2228 3302 2248 3344 ,-
2268 3291 2320 3333 at
2343 3298 2459 3331 cum
2484 3284 2602 3346 ipso

361 3350 461 3397 hoc
483 3355 711 3411 tempore
742 3351 1009 3412 praeterito
1043 3351 1109 3399 sit
1130 3367 1267 3411 usus,
1301 3358 1442 3414 patet
1465 3364 1583 3399 eum
1607 3359 1799 3400 certum
1823 3352 2032 3413 aliquod
2055 3360 2253 3415 tempus
2276 3350 2604 3413 significasse,

360 3417 426 3465 ad
450 3417 588 3478 quod
609 3430 770 3478 usque
790 3418 955 3466 Delos
978 3425 1138 3466 terrae
1162 3426 1357 3466 motum
1379 3433 1486 3466 non
1510 3419 1732 3467 senserit.
1786 3421 1952 3468 Varro
1968 3420 2131 3482 igitur
2154 3435 2270 3469 cum
2295 3418 2406 3468 aliis
2430 3418 2605 3481 philo-

360 3484 554 3547 sophis,
590 3497 804 3545 quorum
830 3486 891 3532 de
914 3485 1048 3532 Delo
1073 3491 1233 3532 terrae
1256 3486 1478 3535 motibus
1501 3499 1608 3533 non
1632 3500 1878 3535 concussa
1900 3487 2165 3549 opiniones
2198 3487 2390 3536 deridet
2410 3486 2607 3536 Seneca

359 3560 523 3601 natur.
549 3558 740 3613 quaest.
767 3557 813 3611 6,
838 3556 937 3610 26.,
960 3552 1229 3600 immemor
1261 3566 1453 3611 eorum,
1490 3566 1619 3613 quae
1651 3554 1713 3601 de
1749 3554 1847 3603 hac
1877 3569 1931 3601 re
1965 3561 2293 3603 narraverunt
2321 3553 2514 3603 Herod.
2550 3560 2605 3601 et

359 3619 592 3681 Thucyd.
611 3615 683 3678 (v.
702 3619 860 3682 intpp.
881 3620 944 3666 ad
961 3618 1150 3666 Herod.
1177 3623 1223 3678 6,
1244 3624 1324 3668 98.
1350 3627 1401 3666 et
1424 3621 1490 3668 ad
1508 3620 1739 3683 Thucyd.
1760 3627 1806 3681 2,
1827 3619 1917 3683 8.),
1935 3622 2126 3670 Delum
2144 3629 2305 3670 terrae
2328 3627 2475 3669 motu
2496 3634 2603 3669 non

360 3687 563 3736 concuti
586 3687 795 3735 dixerat.
847 3686 1151 3736 Accnratior
1181 3686 1235 3734 in
1258 3686 1357 3734 hac
1380 3700 1433 3733 re
1455 3688 1741 3748 Mucianus,
1775 3689 1860 3750 qui
1883 3689 1998 3737 illas
2021 3690 2156 3751 ipsas
2178 3689 2411 3750 regiones
2435 3688 2605 3736 adive-

359 3762 452 3815 rat,
485 3754 563 3804 bis
595 3755 698 3803 hoc
730 3753 918 3803 factum
953 3752 1111 3802 fuisse
1141 3754 1376 3812 narravit,
1412 3762 1462 3802 et
1485 3769 1600 3802 cum
1624 3755 1836 3815 Plinius,
1872 3756 1958 3817 qui
1981 3756 2116 3804 hanc
2142 3757 2408 3816 utriusque
2432 3754 2526 3802 viri
2550 3755 2604 3802 in

357 3821 625 3870 indicanda
655 3822 747 3870 illa
776 3836 830 3870 re
864 3821 1250 3885 discrepantiam
1283 3829 1469 3880 nosset,
1506 3823 1550 3870 ei
1585 3822 1890 3871 dirimendae
1922 3838 1976 3871 se
2007 3823 2252 3885 imparem
2278 3821 2501 3880 sentiret,
2537 3835 2604 3869 ex

359 3889 722 3937 consuetudine
745 3904 838 3938 sua
859 3890 1119 3951 utriusque
1141 3889 1383 3938 iudicium
1408 3889 1642 3950 deinceps
1666 3890 1992 3949 enumeravit,
2018 3897 2069 3938 et
2092 3904 2208 3938 cum
2220 3891 2387 3938 Varro
2410 3888 2603 3937 Delum

359 3956 713 4004 inconcussam
745 3957 971 4017 dixisset,
995 3957 1264 4006 Mucianus
1295 3971 1430 4016 ver0,
1464 3956 1540 4005 uti
1572 3957 1783 4016 videtur,
1818 3957 2128 4021 temporibus
2162 3972 2270 4005 non
2293 3957 2493 4014 additis,
2525 3956 2604 4005 bis

360 4030 555 4071 motam
586 4022 741 4073 fuisse
774 4024 1073 4082 tradidisset,
1106 4025 1302 4074 Plinius
1336 4032 1391 4072 ut
1428 4024 1584 4072 homo
1618 4031 1794 4073 cautus
1819 4032 2037 4073 aetatem
2058 4024 2310 4074 Varronis
2345 4031 2605 4085 tamquam

359 4089 486 4138 illud
509 4097 709 4152 tempus
732 4089 982 4149 describit,
1010 4092 1072 4139 ad
1098 4093 1237 4153 quod
1258 4105 1419 4152 usque
1442 4093 1719 4140 secundum
1737 4092 1889 4141 huius
1907 4100 2039 4140 certe
2057 4092 2409 4141 litteratissimi
2428 4098 2603 4140 aucto-

357 4155 426 4204 ris
451 4156 742 4218 opinionem
759 4158 923 4206 Delos
946 4159 1249 4208 inconcussa
1270 4158 1526 4218 manserit,
1551 4159 1602 4206 in
1627 4171 1758 4220 qnae
1782 4166 2024 4221 tempora,
2049 4167 2168 4209 ante
2190 4174 2257 4208 an
2280 4166 2398 4223 post
2413 4158 2604 4208 Varro-

358 4223 437 4272 nis
470 4229 686 4271 aetatem
699 4259 711 4281 ‚
752 4232 919 4272 motus
953 4232 1111 4273 terrae
1135 4240 1166 4273 a
1188 4225 1427 4275 Muciano
1461 4227 1847 4276 commemorati
1879 4226 2160 4286 inciderint,
2193 4241 2375 4289 parum
2408 4240 2602 4275 curans.

359 4290 511 4339 Hunc
529 4288 683 4349 igitur
709 4304 923 4337 errorem
941 4291 1092 4338 Plinii
1113 4292 1192 4340 vel
1220 4291 1390 4353 potius
1409 4292 1652 4342 Varronis
1671 4300 1847 4342 contra
1875 4293 2114 4342 historiae
2144 4293 2434 4343 testimonia
2463 4307 2601 4341 com·
