2961 4861
405 349 532 415 434
1114 363 1523 413 sumans
1565 363 1957 412 rus-rom

404 515 740 582 arboribus
756 562 776 594 ,
834 514 1023 581 iubas
1080 535 1301 580 earum
1339 512 1797 601 gubernaculis
1839 513 2299 580 deterentibus.
2369 513 2660 602 Septen-

407 618 647 684 triones
699 616 1128 703 vergiliasque
1181 614 1356 699 apud
1394 636 1517 679 nos
1559 614 1761 680 veluti
1799 636 1967 680 novo
2009 616 2189 681 caelo
2231 615 2658 696 mirabantur,

402 740 486 784 ne
534 718 753 784 lunam
806 716 1066 801 quidem
1117 715 1294 801 apud
1344 715 1528 800 ipsos
1579 714 1708 778 nisi
1747 714 1833 781 ab
1872 725 2102 780 octava
2143 715 2230 780 ad
2268 739 2410 780 xvr.
2458 739 2662 803 supra

405 831 643 886 terram
705 818 953 904 adspici
1017 817 1313 881 fatentes.
1392 805 1736 901 Canopum
1795 816 2013 881 lucere
2074 816 2407 896 noctibus,
2475 819 2659 884 sidus

402 923 634 1009 ingens
678 929 745 985 et
785 919 1044 984 clarum.
1070 915 1231 995 ‚Sed
1270 939 1575 983 maxume
1618 918 1855 982 mirum
1893 918 1978 982 iis
2021 927 2162 983 erat
2208 918 2474 985 umbras
2502 943 2655 985 suas

401 1024 472 1089 in
525 1031 819 1087 nostrum
861 1020 1109 1086 caelum
1152 1019 1383 1085 cadere
1396 1069 1416 1097 ,
1460 1042 1592 1084 non
1631 1019 1700 1083 in
1742 1042 1932 1084 suum
1945 1068 1965 1096 ,
2019 1021 2346 1105 solemque
2388 1044 2429 1086 a
2467 1023 2656 1087 laeva

403 1122 557 1189 oriri
599 1131 667 1188 et
704 1122 775 1187 in
817 1120 1150 1186 dexteram
1192 1120 1486 1186 occidere
1527 1120 1744 1206 potius
1787 1143 1983 1204 quam
2026 1142 2061 1186 e
2106 1121 2384 1186 diverse.
2441 1121 2653 1188 Iidem

401 1244 743 1288 narravere
785 1223 955 1288 latus
997 1222 1247 1286 insulae
1290 1221 1464 1304 quod
1503 1221 2035 1306 praetenderetur
2060 1221 2287 1287 Indiae
2328 1246 2378 1285 x
2417 1246 2468 1286 u
2516 1234 2649 1287 sta—

404 1324 656 1389 diorum
700 1345 842 1389 esse
884 1322 966 1387 ab
1013 1322 1258 1386 oriente
1300 1320 1589 1386 hiberno.
1632 1319 1826 1386 Ultra
1865 1321 2102 1386 montis
2138 1321 2425 1388 Emodos
2456 1320 2650 1388 Seras
2676 1343 2748 1387 88

402 1445 657 1508 quoque
700 1423 782 1489 ab
825 1423 985 1509 ipsis
1027 1421 1274 1506 adspici
1314 1430 1501 1485 notos
1545 1420 1738 1485 etiam
1780 1424 2137 1487 conmercio
2150 1449 2169 1500 3
2221 1434 2474 1509 patrem
2513 1424 2650 1490 Ra-

405 1525 599 1592 chiae.
630 1545 997 1590 conmeasse
1042 1545 1140 1599 eo,
1184 1521 1449 1587 advenis
1495 1521 1619 1587 sibi
1663 1519 1858 1587 Seras
1885 1545 2240 1589 occursare.
2284 1523 2475 1610 Ipsos
2496 1548 2650 1591 vero

406 1625 724 1694 excedere
775 1625 1104 1690 hominum
1154 1623 1700 1712 magnitudinem,
1766 1624 1977 1708 rutilis
2028 1625 2228 1689 comis
2241 1673 2260 1703 ,
2336 1627 2652 1692 caeruleis

404 1729 629 1808 oculis,
674 1727 805 1794 oris
848 1749 1003 1792 sono
1048 1724 1243 1804 truci,
1288 1725 1461 1790 nullo
1506 1725 1866 1791 conmercio
1906 1726 2189 1813 linguae.
2259 1724 2497 1793 Cetera
2539 1750 2651 1793 ea-

407 1830 557 1895 dem
598 1851 765 1913 quae
808 1827 1013 1893 nostri
1054 1826 1502 1913 negotiatores.
1549 1824 1866 1890 Fluminis
1894 1826 2195 1891 ulteriore
2232 1827 2376 1913 ripa
2414 1829 2648 1894 mercis

402 1930 652 2015 positas
693 1929 877 1993 iuxta
920 1926 1171 1994 venalia
1213 1926 1346 1990 tolli
1388 1925 1471 1990 ab
1514 1925 1637 2003 his,
1687 1925 1742 1990 si
1784 1926 2039 2011 placeat
2065 1928 2477 2011 permutatio,
2522 1951 2652 1993 non

405 2029 591 2095 aliter
643 2028 789 2094 odio
840 2028 1109 2098 iustiore
1158 2026 1483 2105 luxuriae,
1543 2048 1737 2111 quam
1796 2028 1850 2091 si
1901 2029 2214 2112 perducta
2264 2052 2447 2094 mens
2501 2030 2652 2095 illuc

403 2152 609 2215 usque
653 2129 914 2217 cogitet,
960 2127 1120 2213 quid
1164 2137 1225 2193 et
1269 2149 1397 2210 quo
1439 2136 1701 2212 petatur
1729 2139 1810 2207 „et
1851 2150 2069 2212 quare.
2118 2127 2254 2195 Sed
2290 2154 2372 2196 ne
2400 2130 2650 2217 Tapro-
2677 2149 2751 2193 sa

402 2232 570 2298 bane
625 2230 918 2315 quidem,
979 2228 1271 2313 quamvis
1326 2238 1510 2293 extra
1566 2228 1787 2293 orbem
1829 2251 1869 2292 a
1907 2240 2140 2294 natura
2177 2231 2489 2319 relegata,
2533 2255 2651 2296 no-

408 2334 556 2400 stris
600 2332 774 2398 vitiis
819 2341 1011 2397 caret.
1058 2331 1315 2395 Aurum
1359 2339 1828 2414 argentumque
1874 2340 1940 2394 et
1977 2330 2068 2396 ibi
2095 2331 2164 2395 in
2190 2333 2421 2417 pretio.
2464 2332 2651 2396 Mar·

405 2459 545 2502 mor
610 2432 952 2500 testudinis
1018 2430 1252 2510 simile,
1329 2428 1715 2518 margaritae
1779 2454 2199 2518 gemmaeque
2274 2434 2346 2498 in
2415 2434 2656 2500 honore

406 2536 608 2601 multo
669 2533 1211 2619 praestantiorum
1275 2542 1341 2596 et
1406 2531 1603 2596 totius
1664 2532 1957 2597 luxuriae
2019 2544 2278 2599 nostrae
2337 2536 2653 2601 cumulus.

405 2637 705 2722 Ipsorum
757 2655 914 2719 opes
955 2633 1228 2698 maiores
1274 2653 1414 2697 esse
1459 2631 1787 2710 dicebant,
1843 2633 1964 2697 sed
2006 2635 2181 2719 apud
2221 2657 2341 2700 nos
2382 2637 2654 2721 opulen-

410 2736 537 2802 tiae
579 2734 886 2799 maiorem
928 2755 1136 2798 usum.
1187 2730 1458 2798 Servom
1500 2732 1761 2811 nemini,
1805 2755 1935 2797 non
1976 2734 2045 2798 in
2089 2733 2258 2800 diem
2300 2747 2416 2801 aut
2453 2737 2655 2802 inter-

409 2837 524 2903 diu
566 2858 890 2914 somnum,
950 2833 1240 2899 aedificia
1282 2832 1532 2898 modice
1575 2833 1658 2898 ab
1701 2834 1896 2899 humo
1940 2837 2293 2915 exstantia,
2339 2860 2659 2903 annonam

408 2960 758 3023 numquam
800 2936 1048 3026 augeri,
1091 2958 1222 3001 non
1267 2933 1407 2999 fora
1447 2933 1660 2999 litisve
1706 2957 1867 3013 esse,
1915 2936 2038 3000 coli
2079 2936 2454 3017 Herculem,
2501 2938 2656 3026 eligi

480 3128 657 3173 eorum,
689 3112 783 3161 Rd
813 3106 998 3172 (Rob.)
1035 3148 1098 3156 -
1136 3105 1501 3164 deterrentibus,
1536 3107 1584 3154 d.
1621 3146 1683 3155 .-
1722 3104 1880 3156 veluti
1910 3108 1972 3167 in,
2007 3109 2053 3156 T
2078 3105 2260 3172 (Rob.)
2297 3151 2362 3160 -
2399 3127 2460 3162 ne
2491 3109 2658 3162 lunam

412 3221 477 3233 ....
496 3180 606 3244 nisi,
630 3170 842 3229 ROTd.
880 3176 1046 3226 lunam
1066 3215 1128 3225 ...
1146 3189 1238 3223 non
1261 3171 1373 3234 nisi,
1395 3173 1528 3223 Rob.
1552 3168 1610 3233 β.
1649 3213 1712 3221 -
1750 3173 1833 3234 ad,
1858 3176 1906 3224 Β
1938 3173 2121 3239 (Βοὴ.)
2156 3175 2225 3237 in,
2249 3179 2356 3227 Td.
2394 3219 2459 3228 .-
2495 3194 2657 3243 super,

413 3247 548 3323 Βοὴ.
584 3286 646 3296 .-,
684 3244 782 3305 his,
806 3247 855 3294 d.
890 3284 952 3294 ...
990 3241 1260 3299 dexteram,
1294 3242 1343 3290 d.
1380 3238 1622 3302 dextram,
1643 3240 1707 3290 Β.
1743 3240 1963 3303 dextera,
1997 3244 2062 3291 Κ.
2098 3284 2161 3293 -
2201 3261 2310 3307 quo,
2334 3246 2384 3295 d.
2412 3286 2474 3295 .-.
2504 3260 2657 3310 prae-

414 3310 642 3440 ωηδᾶιὲἶν,
662 3313 820 3428 ῧῖιῗα
837 3308 1025 3427 {ang}
1040 3309 1299 3434 ⁶303&
1322 3375 1450 3424 haec
1472 3375 1626 3424 verba
1647 3377 1713 3425 ad
1733 3379 2083 3439 praecedentia
2107 3378 2260 3429 refert
2279 3375 2339 3440 β.
2379 3421 2440 3428 -
2477 3379 2654 3441 adspi-

416 3446 499 3509 cit,
523 3450 571 3497 d.
608 3486 670 3496 .-
708 3443 954 3505 Rachiae,
986 3445 1019 3493 d
1044 3441 1217 3505 (codd.
1252 3440 1456 3504 Gelen.)
1495 3440 1672 3502 rhaetia,
1706 3444 1770 3492 Β.
1807 3442 2134 3507 ....advenis‚
2159 3448 2251 3496 Rd
2287 3444 2471 3510 (Rob.)
2508 3446 2656 3496 adve-

416 3512 672 3574 nientibus,
706 3512 768 3563 T.
804 3553 868 3561 -.
905 3511 1013 3572 sibi,
1048 3513 1095 3560 d.
1155 3509 1375 3588 ibt-BT
1408 3507 1594 3571 (Rob.)
1626 3505 1683 3570 β.
1722 3551 1784 3559 ...
1835 3509 2005 3591 Seras,
2029 3513 2094 3590 Β.
2131 3515 2303 3576 serae,
2328 3507 2656 3592 (1(Βοὴ.)β.

400 3584 567 3648 seros,
592 3582 656 3632 K.
697 3620 759 3629 ...
796 3577 943 3639 nullo,
966 3578 1090 3630 ΒΚ.
1136 3578 1278 3635 nulla,
1303 3580 1336 3627 d
1369 3574 1553 3638 (Rob.)
1576 3572 1634 3637 β.
1673 3618 1737 3626 -
1773 3587 2101 3641 neyotzatorzs,
2127 3583 2189 3631 Β.
2228 3622 2292 3630 -
2338 3580 2581 3642 ulter-tort,
2604 3583 2656 3631 d.

420 3690 492 3729 τ...
504 3647 681 3714 placet,
706 3650 753 3698 d.
782 3688 844 3696 ..-
870 3661 981 3725 nen,
1003 3646 1134 3695 Rob.
1161 3646 1222 3693 ab
1245 3643 1306 3695 iis
1330 3660 1436 3706 non,
1455 3645 1519 3693 Β.
1553 3645 1617 3693 ab
1643 3643 1723 3696 lais
1745 3661 1847 3706 non,
1872 3648 1976 3697 Td.
2003 3688 2066 3697 .-
2094 3649 2317 3709 tristiore,
2336 3665 2362 3698 r
2385 3645 2570 3710 (Rob.)
2588 3687 2654 3698 .-

416 3712 1343 3845 ‘aig'813'?liss'ed-neq‚ullcai(elt{gbl3d38{ziir?;
1361 3781 1408 3829 d.
1446 3821 1511 3830 ...
1546 3782 1793 3843 testudini,
1818 3784 1865 3832 d.
1901 3823 1964 3831 ...
2001 3748 2179 3842 siff,
2202 3783 2267 3833 Β.
2307 3823 2369 3831 -..
2405 3782 2655 3845 marqari-

417 3862 496 3902 tae
515 3866 833 3929 yemmaeque,
858 3851 1008 3900 RTd
1032 3845 1217 3910 (Rob.)
1249 3862 1460 3928 qemmae
1488 3851 1902 3927 maryaritaeque,
1925 3845 2025 3913 βγ.
2053 3891 2117 3898 -.
2136 3850 2564 3915 praestantiorum,
2589 3850 2654 3927 Β.

411 3926 817 3982 praestanttores,
841 3919 875 3967 d
898 3913 1080 3978 (Rob.)
1102 3911 1204 3979 βγ.
1232 3955 1292 3963 -
1319 3931 1510 3978 nemun,
1533 3917 1741 3966 Barbar.
1766 3958 1828 3966 -
1857 3917 1937 3978 ab,
1960 3918 2011 3967 Β
2034 3915 2216 3979 (Βοὴ.)
2241 3934 2317 3978 ex,
2337 3918 2443 3966 Td.
2460 3956 2525 3965 -.
2551 3932 2656 3965 ext-

418 3985 607 4046 stentia,
629 3986 762 4062 Βοὴ.
784 4024 846 4033 .-.
865 4000 968 4034 esse
990 4000 1059 4044 e0,
1081 3983 1211 4033 Βοὴ.
1233 4023 1297 4032 -
1318 3981 1494 4046 eliyere
1507 3991 1735 4064 9e¹·mam,
1756 3985 1802 4032 d.
1827 4024 1889 4033 .-
1919 3993 2159 4035 senectam
2179 3984 2587 4066 clementiamque,
2606 3984 2655 4033 d.

402 4050 914 4185 ,cassigfl-K?,(Elt³g>ll;·)
943 4061 1012 4169 ἶ
1037 4050 2156 4195 ῗᾶἒίἱαῖῐοηξᾷἲῖἶῇὴὲῩ-ῙῖῃὲιοῦρῗὶῑαινῗεεῖΤ
2165 4050 2658 4178 ngur-t-r—WZXPPAE

417 4185 482 4235 K.
522 4225 583 4235 ..
621 4185 752 4263 dari,
784 4186 918 4237 Βοὴ.
965 4184 1104 4247 dare,
1139 4185 1244 4237 Ra.
1282 4227 1344 4236 ..-.
1367 4186 1620 4249 ]”ιεὸενεηε,
1653 4189 1700 4237 d.
1737 4227 1801 4236 ..
1838 4186 1899 4238 iis
1929 4186 2114 4237 nullum
2149 4204 2266 4248 esse,
2301 4186 2658 4239 damnationem

415 4252 884 4377 wyginrxothm'
918 4318 982 4369 Β.
1021 4356 1083 4367 -
1118 4319 1435 4382 interemente,
1469 4321 1532 4371 Β.
1581 4360 1642 4370 -
1680 4321 2030 4386 aversantibus,
2063 4324 2195 4376 Βοὴ.
2255 4320 2655 4383 adversantibus,
