2961 4861
476 339 559 401 48
1171 351 1580 399 NATURAms
1626 350 2017 398 HISToluAE

479 505 597 569 cho
643 501 752 587 qui
795 502 970 581 item,
1031 501 1347 587 Dionysio
1402 502 1513 586 qui
1555 500 1907 588 Magonem
1966 502 2312 582 transtulit,
2372 503 2724 590 Diophane

479 605 591 690 qui
621 628 702 670 ex
729 603 1043 690 Dionysio
1085 604 1402 690 epitomen
1424 606 1475 643 ²⁵
1504 602 1689 680 fecit,
1722 602 2105 669 Aristandro
2136 604 2248 689 qui
2277 604 2358 670 de
2385 606 2725 691 portentis.

877 773 1178 849 LIBRO
1235 774 1507 848 XVIII.
1569 773 1941 849 CONTIN
1946 775 2076 847 EN
2082 775 2316 849 TUR¹

476 907 910 992 Antiquorum
954 905 1238 970 studium
1279 905 1348 969 in
1389 904 1802 991 agricultura.
1857 901 2047 985 Quae
2087 905 2296 992 prima.
2322 906 2566 974 Romae
2609 931 2721 974 co-

476 1032 664 1086 rona3
730 1008 812 1073 de
871 1005 1086 1093 spicea
1138 1029 1367 1072 corona
1386 1012 1430 1070 ².
1496 1006 1602 1071 De
1657 1006 1903 1093 iuger0.
1978 1006 2298 1090 Quotiens
2358 1017 2424 1073 et
2483 1007 2723 1093 quibus

476 1108 869 1195 temporibus
924 1107 1119 1172 fuerit
1173 1129 1420 1171 summa
1474 1106 1689 1171 vilitas
1732 1130 2042 1173 annonae.
2111 1105 2246 1188 Qui
2287 1106 2591 1174 inlustres
2638 1110 2720 1175 de

476 1211 866 1297 agricultura
886 1217 930 1274 ³.
999 1207 1188 1291 Quae
1231 1206 1633 1273 observanda
1684 1206 1752 1271 in
1795 1228 1951 1293 agro
2006 1208 2315 1294 parando.
2380 1209 2487 1276 De
2531 1210 2718 1276 villa-

474 1335 620 1376 rum
662 1310 996 1397 positione.
1049 1309 1407 1394 Praecepta
1450 1307 1862 1392 antiquorum
1907 1309 1988 1374 de
2031 1330 2187 1395 agro
2231 1311 2517 1376 colend0.
2576 1309 2718 1377 Ge-

473 1435 631 1477 nera
676 1412 954 1498 frugum.
1020 1409 1328 1487 Naturae,
1371 1431 1491 1496 per
1532 1431 1801 1495 genera:
1862 1410 2188 1490 frumenti,
2235 1411 2315 1476 de
2359 1411 2556 1490 farre,
2602 1412 2717 1475 tri-

478 1512 603 1578 tico
624 1520 667 1590 ⁴,
703 1513 940 1576 hordeo
959 1518 1003 1589 ⁵,
1049 1534 1248 1595 oryza
1266 1516 1310 1588 ὓ,
1346 1511 1625 1596 polenta,
1659 1510 1933 1595 ptisana,
1972 1522 2175 1598 trago,
2221 1513 2455 1597 amle,
2500 1511 2720 1578 arinca

480 1613 618 1679 sive
660 1614 841 1697 olyra
862 1619 904 1691 ⁷,
952 1613 1195 1677 semine
1241 1611 1376 1676 sive
1421 1634 1539 1676 zea
1554 1618 1597 1675 8.
1663 1611 1770 1677 De
1812 1612 2076 1697 reliquis
2118 1613 2186 1676 in
2228 1613 2474 1678 oriente
2517 1635 2719 1698 gene·-

477 1716 658 1781 ribus
677 1722 721 1780 ⁰.
765 1714 871 1779 De
917 1712 1188 1801 siligine.
1232 1712 1337 1779 De
1383 1711 1739 1799 similagine
1758 1716 1828 1778 ¹⁰.
1871 1713 1978 1779 De
2024 1736 2272 1779 sesama
2293 1716 2361 1778 ¹¹.
2415 1712 2525 1779 De
2569 1737 2720 1799 ery-

478 1815 638 1881 simo
697 1815 833 1880 sive
889 1813 1110 1879 irione.
1181 1813 1287 1879 De
1344 1813 1718 1879 hormino¹².
1789 1813 1897 1879 De
1946 1813 2210 1900 pisturis
2229 1817 2299 1879 ¹³.
2370 1813 2477 1880 De
2519 1814 2719 1893 milio,

476 1916 725 2003 panico.
812 1915 917 1979 De
983 1913 1336 1980 fermentis.
1422 1913 1622 1978 Panis
1688 1914 1967 1979 faciendi
2030 1914 2192 1980 ratio
2260 1926 2323 1981 et
2386 1937 2628 2001 genera
2649 1919 2718 1979 ¹⁴.

481 2014 761 2097 Quando
804 2015 1115 2101 pistorum
1157 2014 1410 2078 initium
1451 2013 1715 2080 Romae.
1758 2013 1865 2080 De
1899 2015 2355 2101 leguminibus.
2409 2014 2516 2081 De
2545 2015 2720 2081 faba.

477 2116 584 2182 De
636 2116 826 2182 lente.
890 2114 996 2181 De
1048 2114 1190 2199 piso
1208 2117 1278 2177 1⁶.
1336 2111 1582 2179 Ciceris
1637 2138 1898 2203 genera.
1962 2115 2218 2182 Faseoli
2239 2119 2306 2180 ¹⁶.
2361 2116 2468 2181 De
2519 2117 2720 2203 rapis,

478 2216 686 2303 napis,
718 2216 969 2302 lupino.
1014 2214 1221 2280 Vicia.
1266 2212 1508 2279 Ervom
1527 2218 1596 2279 ¹⁷.
1643 2213 1884 2281 Silicia.
1931 2213 2158 2282 Secale
2203 2216 2337 2281 sive
2381 2216 2539 2281 asia.
2583 2216 2720 2281 Pa-

479 2317 814 2384 bularia¹⁸.
858 2315 1170 2401 Farrago.
1217 2311 1464 2381 Cracca
1483 2318 1553 2379 ¹⁹.
1596 2316 1702 2380 De
1731 2339 1979 2400 ocym0,
2023 2317 2265 2394 ervilia,
2297 2316 2567 2382 medica.
2610 2317 2722 2384 De

481 2443 705 2486 avena.
766 2416 982 2485 Morbi
1042 2417 1340 2504 frugum3
1398 2417 1702 2483 remedia.
1766 2415 1944 2499 Quid
1961 2421 2011 2461 ²⁰
2067 2417 2135 2482 in
2193 2440 2449 2503 quoque
2510 2427 2723 2485 terrae

481 2543 793 2608 generum
837 2521 1068 2586 debeat
1111 2518 1265 2597 seri3
1326 2517 1668 2583 diversitas
1710 2519 2001 2607 gentium
2042 2518 2110 2583 in
2154 2519 2525 2585 sationibus.
2579 2520 2720 2586 Vo-

480 2644 729 2687 merum
782 2643 1040 2705 genera.
1113 2618 1304 2684 Ratio
1348 2619 1590 2684 arandi.
1664 2619 1771 2686 De
1813 2621 2126 2699 occando,
2172 2620 2534 2700 runcandO,
2581 2643 2721 2685 sar-

482 2720 725 2786 riendo.
775 2719 883 2786 De
927 2719 1279 2784 cratitione.
1336 2719 1443 2784 De
1488 2742 1737 2785 summa
1781 2720 2111 2787 fertilitate
2156 2720 2292 2786 soli.
2335 2721 2528 2787 Ratio
2573 2744 2720 2787 sae-

481 2819 630 2907 pius
673 2842 840 2885 anno
886 2818 1139 2885 serendi
1157 2821 1227 2883 ²¹.
1287 2816 1701 2886 Stercoratio.
1747 2817 2078 2886 Seminum
2120 2820 2433 2908 probatio.
2489 2821 2720 2905 Quan-

481 2931 616 2985 tum
678 2942 760 2986 ex
818 2943 1071 3006 quoque
1129 2941 1368 3006 genere
1426 2921 1732 2986 frumenti
1789 2921 1857 2985 in
1897 2920 2122 3008 iugero
2181 2922 2541 2988 serendum.
2613 2924 2720 2990 De

480 3022 873 3110 temporibus
917 3021 1189 3088 serendi.
1260 3020 1561 3108 Digestio
1606 3022 1886 3087 siderum
1929 3021 1997 3085 in
2047 3022 2186 3088 dies
2229 3034 2293 3089 et
2334 3024 2541 3089 noctis
2587 3036 2717 3090 ter-

478 3123 719 3190 restris.
779 3124 884 3190 De
927 3147 1252 3212 papavere
1269 3127 1339 3188 ²².
1382 3123 1627 3188 Rerum
1667 3122 1735 3186 in
1778 3144 1934 3211 agro
1978 3124 2405 3209 agendarum,
2452 3136 2519 3190 et
2562 3125 2720 3210 quid

479 3247 733 3310 quoque
775 3247 993 3290 mense
1035 3225 1102 3289 in
1146 3248 1301 3312 agro
1342 3224 1483 3290 fieri
1526 3232 1837 3308 oporteat.
1880 3221 1986 3288 De
2031 3224 2240 3290 faeno.
2288 3222 2542 3290 Causae
2583 3237 2718 3292 ste-

476 3324 820 3401 rilitatum3
865 3325 1170 3390 remedia.
1211 3324 1318 3390 De
1361 3324 1698 3391 messibus.
1740 3323 1847 3390 De
1878 3324 2198 3390 frumento
2228 3327 2565 3393 servando.
2608 3326 2717 3392 De

545 3501 627 3546 25.
664 3495 902 3560 epitomen,
926 3496 989 3545 Τ.
1026 3496 1247 3560 epitoma,
1271 3495 1418 3544 Rad.

542 3563 631 3613 Ad
652 3563 867 3612 indicem
892 3563 1007 3613 libri
1030 3561 1232 3613 XVIII.
1258 3562 1452 3610 contuli
1475 3564 1676 3613 RTad.

548 3635 592 3680 1.
626 3632 930 3691 continentur,
963 3632 1067 3681 Ra.
1110 3629 1399 3679 continentur
1431 3639 1638 3680 naturae
1652 3631 1885 3698 fraqam,
1919 3634 1966 3682 d.
2001 3634 2082 3684 De
2115 3634 2162 3682 T
2194 3648 2273 3684 res
2297 3634 2502 3684 incerta.
2573 3640 2620 3683 2.
2657 3634 2718 3684 dc

475 3697 639 3763 spicea
661 3715 851 3758 corona,
876 3697 940 3746 R.
978 3698 1037 3746 de
1055 3696 1224 3761 piscea
1245 3712 1436 3757 corona,
1461 3714 1506 3747 a.
1543 3699 1720 3763 spicea,
1745 3700 1852 3749 Td.
1925 3706 1972 3751 3.
2020 3701 2334 3766 aqricultura,
2358 3702 2462 3751 Ta.
2508 3701 2718 3766 ayvn'cul-

475 3773 586 3814 tura
611 3767 667 3828 θ’,
692 3766 755 3815 R.
792 3764 1089 3830 ayrt'cultura
1104 3763 1450 3828 praeceperint,
1475 3767 1522 3814 d.
1570 3772 1617 3814 4.
1643 3766 1811 3827 tritico,
1835 3768 1939 3816 Ra.
1976 3767 2035 3816 de
2058 3769 2226 3829 tritico,
2246 3769 2351 3818 Td.
2398 3775 2445 3818 5.
2471 3768 2632 3830 ordeo,
2651 3770 2716 3818 R.

477 3836 523 3881 6.
560 3848 723 3897 oryza,
748 3832 904 3881 Hard.
930 3846 958 3880 c
982 3832 1100 3892 suis,
1124 3840 1182 3880 ut
1212 3831 1423 3891 videtur,
1448 3835 1595 3882 codd.
1631 3832 1806 3884 omitt.
1832 3835 2037 3884 RTad.
2123 3839 2165 3885 7.
2201 3836 2304 3885 sive
2338 3835 2492 3902 olyra,
2517 3837 2580 3885 R.
2617 3837 2719 3886 sive

474 3897 624 3959 olera,
665 3914 709 3947 a.
752 3897 928 3949 Omitt.
954 3900 1058 3949 Td.
1103 3901 1217 3961 Ego
1259 3898 1527 3948 deleverim
1567 3901 1682 3961 sive,
1726 3902 1845 3964 quia
1874 3902 1982 3963 ipse
2013 3902 2147 3951 Plin.
2184 3908 2264 3963 18,
2300 3908 2380 3952 81.
2417 3903 2634 3953 arincam
2666 3912 2720 3953 ot

474 3965 658 4032 olyram
681 3966 877 4015 diversa
898 3966 1137 4016 frumenti
1160 3981 1346 4030 genera
1376 3968 1513 4017 dicit.
1594 3973 1640 4017 8.
1668 3968 1840 4018 semine
1862 3970 1963 4018 aive
1985 3986 2089 4029 zea,
2113 3970 2176 4019 R.
2212 3970 2395 4019 semina
2416 3970 2519 4020 sive
2541 3987 2645 4031 zea,
2668 3986 2716 4020 ι.

472 4050 563 4082 zea
584 4034 684 4083 sive
706 4034 892 4092 semine,
916 4034 1021 4083 Td.
1093 4040 1139 4084 9.
1173 4035 1255 4084 De
1277 4033 1472 4098 reliquis
1500 4075 1561 4083 -
1578 4035 1840 4100 qeneribtoe,
1864 4037 1969 4085 Ra.
1993 4036 2138 4086 Pone
2160 4037 2426 4103 similagine
2459 4038 2720 4087 collocant

473 4098 578 4148 Td.
654 4107 730 4150 10.
766 4100 846 4149 De
879 4100 963 4150 sili
1000 4101 1079 4150 'na
1114 4102 1195 4153 De
1218 4101 1499 4167 similaqine,
1524 4102 1586 4149 T.
1623 4102 1808 4168 siliqine
1839 4102 1950 4153 simi
2043 4103 2054 4114 '
2156 4105 2312 4166 Rad3
2359 4106 2448 4154 sod
2470 4106 2560 4155 Ra
2582 4119 2719 4167 pono

474 4166 629 4232 amylo
664 4168 924 4217 collocant
997 4183 1059 4217 oc
1080 4169 1282 4218 lemma.
1316 4168 1461 4217 Pone
1484 4169 1749 4234 similaqine
1772 4170 1928 4219 habet
1962 4188 1989 4220 ο
2002 4188 2100 4236 yra
2133 4172 2195 4221 Τ.
2272 4177 2349 4221 11.
2385 4172 2586 4233 sesima,
2610 4172 2713 4221 Ra.

477 4237 555 4283 12.
592 4234 816 4296 hormino,
848 4237 895 4284 d.
932 4237 1125 4298 ormino,
1158 4236 1258 4285 Ta.
1295 4235 1457 4296 ormio,
1483 4237 1546 4286 R.
1621 4240 1697 4285 13.
1733 4237 1815 4286 De
1839 4237 2070 4301 pisturis,-
2093 4238 2196 4287 hoc
2217 4238 2407 4288 lemma
2440 4238 2602 4288 verbis
2636 4239 2719 4290 De

472 4301 645 4351 sesima
679 4303 1007 4366 praemittunt
1039 4304 1143 4354 Ra.
1227 4307 1302 4351 14.
1338 4319 1540 4367 ymera,
1572 4303 1678 4353 Ra.
1725 4305 1873 4369 ori90‚
1906 4305 2011 4353 Td.
2097 4310 2174 4354 15.
2213 4304 2291 4355 De
2324 4305 2455 4356 Ieme.
2491 4306 2573 4357 Dc
2589 4308 2715 4371 ριἐο,
