2961 4861
406 325 476 364 Π
606 298 609 305 ”
1322 322 1704 366 mmmmm.

407 474 676 533 editionis
716 472 1023 534 Plinianae
1061 482 1167 534 aut
1203 477 1312 534 toti
1345 485 1450 536 aut
1488 483 1644 535 certe
1687 475 1900 552 partim
1948 483 2448 552 compararentur,
2501 498 2657 539 anno

407 576 936 643 MDCCOXXXI.
996 584 1416 645 Ludovicus
1455 586 1537 643 de
1574 588 1705 645 Ian
1749 585 2005 657 codicem
2040 585 2212 643 illum
2254 587 2656 664 Bambergen-

408 711 532 752 sem
574 694 823 767 detexit,
877 713 993 769 quo
1031 703 1268 770 reperto
1307 695 1401 754 vir
1438 695 1861 753 eruditissimus
1908 694 2026 752 iam
2075 696 2309 771 egregie
2351 698 2422 754 de
2460 674 2657 756 Plinio

403 803 647 862 meritus
687 823 816 862 eam
858 804 1021 861 laudi
1064 805 1625 863 suaeaccessionem
1654 804 1811 875 fecit,
1852 812 1919 862 ut
1946 805 2019 862 iis
2058 805 2134 862 sit
2160 780 2655 878 adnumerandus,

403 907 623 988 quibus
651 910 884 971 Plinius
911 914 1230 988 plurimum
1257 915 1448 972 debet.

488 1022 600 1080 His
642 1021 824 1096 igitur
860 1022 921 1079 in
957 1023 1300 1081 universum
1329 1025 1584 1082 narratis
1628 1024 1700 1081 de
1735 1023 1807 1080 iis
1853 1040 2005 1097 quae
2046 1029 2105 1082 et
2131 1023 2363 1098 Regum
2403 1025 2656 1084 duorum

404 1130 987 1208 Augustissimorum
1042 1133 1440 1190 munificentia
1497 1141 1557 1191 et
1610 1133 1933 1190 multorum
1989 1131 2290 1191 hominum
2349 1135 2655 1193 doctorum

404 1240 612 1298 studiis
638 1241 739 1298 'ad
788 1243 940 1300 hanc
994 1242 1306 1300 editionem
1352 1243 1639 1300 naturalis
1688 1242 1966 1299 historiae
2004 1241 2181 1299 Plinii
2228 1243 2291 1300 in
2331 1240 2658 1303 Germania

402 1350 816 1409 instituendam
852 1360 912 1409 et
946 1352 1360 1427 perficiendam
1398 1360 1539 1410 sunt
1574 1350 1750 1424 facta,
1791 1351 1935 1408 nihil
1973 1351 2141 1428 prius
2187 1352 2394 1423 habe0‚
2439 1353 2551 1412 nisi
2587 1362 2658 1412 ut

406 1460 668 1519 subsidia
713 1461 913 1519 critica
961 1479 1301 1519 enumerem
1360 1479 1511 1537 quae
1563 1460 1706 1517 mihi
1747 1478 1895 1536 opus
1936 1457 2279 1521 Plinianum
2328 1464 2656 1520 recensenti

404 1578 510 1627 aut
536 1571 612 1627 ab
639 1569 766 1627 aliis
795 1570 1022 1656 pridem
1054 1570 1266 1628 collata
1304 1578 1409 1628 aut
1443 1588 1601 1628 nunc
1628 1571 1862 1627 demum
1889 1575 2102 1645 parata
2127 1579 2362 1645 praesto
2390 1569 2651 1642 fuerunt,

400 1679 464 1735 in
504 1679 719 1754 quibus
758 1697 893 1737 cum
930 1679 1074 1738 haec
1111 1686 1409 1756 postremo
1449 1679 1580 1738 loco
1620 1687 2071 1737 commemorata
2119 1678 2297 1753 longe
2347 1680 2462 1737 sint
2509 1698 2653 1754 gra-

404 1787 662 1860 vissima,
693 1791 767 1847 ab
797 1789 892 1847 his
919 1789 1060 1864 ipsis
1089 1790 1322 1847 initium
1351 1790 1683 1848 faciendum
1713 1789 1961 1847 videtur.

489 1873 696 1955 Codex
734 1899 1172 1974 Bamberqensis
1216 1892 1332 1978 (B)
1370 1900 1432 1956 in
1476 1899 1650 1957 catal.
1694 1898 2081 1957 bibliothecae
2116 1895 2573 1973 Bambergensis
2615 1920 2656 1958 a

402 2006 637 2066 Iaeckio
680 2007 838 2065 edito
875 2014 1115 2065 notatus
1152 2005 1368 2079 MVII,
1412 2009 1914 2080 membranaceus,
1966 2006 2121 2064 foliis
2155 2002 2411 2066 CLXV.
2476 2006 2655 2067 Plinii

403 2117 586 2176 libros
628 2134 734 2173 sex
772 2123 1097 2191 postremos
1135 2116 1408 2188 continet,
1449 2116 1642 2174 forma
1679 2117 1985 2190 quadrata,
2026 2116 2179 2174 binis
2220 2117 2522 2190 columnis,
2567 2116 2655 2177 vi·

410 2226 567 2284 cenis
609 2226 760 2284 senis
798 2225 989 2297 lineiS,
1041 2232 1340 2297 exaratus,
1393 2228 1462 2283 ut
1500 2226 1627 2290 Ian
1643 2244 1677 2282 o
1720 2225 2045 2298 videbatur,
2097 2226 2173 2283 ab
2201 2225 2357 2285 Italo
2400 2229 2656 2303 quodam

408 2335 648 2393 saeculo
690 2336 933 2407 decimo,
985 2342 1054 2392 ut
1097 2333 1285 2394 Schn
1301 2336 1410 2393 eid
1426 2337 1676 2408 ewin0‚
1729 2335 1962 2393 saeculo
1999 2336 2305 2393 undecimo
2343 2336 2403 2393 in
2451 2355 2657 2394 mona-

407 2447 585 2505 sterio
623 2446 823 2521 aliquo
865 2442 1194 2517 Germano,
1237 2454 1297 2503 et
1333 2446 1556 2504 dudum
1593 2445 1957 2521 Bambergae
1998 2453 2284 2504 servatus.
2353 2444 2658 2521 Scriptura

406 2563 499 2614 est
540 2572 691 2630 quae
732 2546 946 2613 dicitur
973 2555 1321 2626 minuscula,
1368 2556 1470 2614 sed
1512 2555 1852 2613 maiusculis
1889 2554 2191 2613 nonnuHis
2220 2555 2424 2613 litteris
2452 2556 2655 2614 mixta.

407 2665 640 2722 Indices
681 2664 969 2721 librorum
1014 2683 1052 2721 a
1090 2663 1287 2721 Plinio
1326 2664 1457 2739 ipso
1513 2663 1759 2722 confecti
1798 2664 1859 2720 in
1901 2663 2015 2721 hoc
2062 2665 2151 2721 uti
2197 2664 2258 2721 in
2308 2665 2435 2722 aliis
2486 2666 2653 2723 codd.

411 2774 865 2851 praemittuntur
908 2773 1157 2847 singulis
1195 2773 1365 2830 libris
1405 2765 1497 2851 (v.
1529 2791 1681 2847 quae
1718 2771 1973 2830 diximus
2011 2773 2088 2830 ad
2121 2773 2352 2830 initium
2388 2772 2524 2831 libri
2549 2771 2652 2849 1.).

407 2883 503 2941 De
540 2901 768 2941 summa
808 2882 1167 2957 praestantia
1206 2881 1382 2939 huius
1425 2881 1560 2940 libri
1601 2899 1732 2940 cum
1772 2882 1832 2939 in
1860 2881 2128 2958 plurimis
2168 2881 2297 2941 aliis
2325 2884 2500 2940 rebus
2528 2891 2656 2940 tum

407 2995 472 3051 in
509 2992 746 3051 infinitis
784 2992 1012 3070 lacunis
1054 2993 1130 3050 ab
1171 3008 1241 3048 eo
1278 2990 1405 3049 solo
1443 2992 1689 3067 expletis
1731 2979 2063 3067 conspicua,
2105 2992 2206 3067 qui
2244 2992 2520 3051 iudicium
2549 3010 2655 3050 no-

411 3110 601 3163 strum
642 3105 714 3161 de
754 3104 893 3162 crisi
932 3102 1187 3161 naturali
1232 3100 1506 3159 historiae
1545 3100 1720 3158 Plinii
1768 3100 2097 3158 adhibenda
2144 3119 2389 3177 prorsus
2436 3102 2654 3159 immu-

410 3214 583 3283 tavit,
621 3211 775 3269 infra
812 3212 1080 3287 pluribus
1117 3219 1360 3287 agetur3
1398 3210 1631 3268 interim
1671 3209 1807 3268 vide
1833 3210 2003 3268 Iani
2040 3209 2313 3268 lectiones
2350 3208 2656 3270 Plinianas

414 3319 756 3380 Suevofurti
793 3335 947 3378 anno
973 3317 1602 3377 MDCCCXXXIIII.
1633 3318 1815 3376 editas
1845 3325 1903 3376 et
1931 3319 2179 3377 eundem
2215 3320 2407 3378 virum
2443 3320 2656 3378 doctis-

412 3431 626 3489 simum
663 3430 725 3488 in
763 3429 1123 3504 praefatione
1162 3428 1370 3504 plenae
1398 3427 1573 3485 huius
1609 3428 1745 3485 libri
1784 3428 2109 3486 collationis
2139 3427 2341 3503 quinto
2371 3429 2658 3488 volumini

412 3538 677 3596 editionis
704 3557 872 3596 meae
897 3538 1078 3596 Plinii
1106 3536 1342 3595 minoris
1371 3537 1650 3609 adiectae,
1691 3538 1763 3594 de
1802 3555 1921 3612 qua
1956 3538 2074 3593 iam
2115 3537 2294 3612 paulo
2322 3539 2656 3596 accuratius

412 3649 836 3707 disserendum.
890 3646 1079 3705 Ianu
1095 3665 1123 3704 s
1163 3646 1380 3704 scilicet
1416 3664 1550 3705 cum
1585 3646 1750 3703 illam
1788 3646 2156 3704 collationem
2195 3648 2348 3724 typis
2378 3665 2656 3706 excusam

415 3759 606 3815 denuo
648 3759 724 3816 ad
766 3759 961 3836 ipsum
1006 3757 1259 3814 codicem
1298 3757 1535 3831 exigere
1565 3755 1865 3832 coepisset,
1906 3735 2023 3813 ηὸτι
2064 3764 2292 3814 tantum
2329 3757 2517 3814 multa
2554 3776 2656 3814 or-

414 3866 815 3942 thographica,
839 3867 948 3925 sed
974 3866 1119 3924 alias
1149 3866 1321 3923 etiam
1347 3866 1627 3923 lectiones
1658 3882 1695 3920 a
1722 3883 1803 3937 se,
1828 3871 1895 3922 ut
1919 3866 1980 3922 in
2007 3866 2100 3923 his
2127 3865 2301 3922 rebus
2328 3866 2456 3922 fieri
2484 3866 2657 3937 solet,

415 3985 522 4034 aut
557 3977 804 4034 omissas
843 3983 949 4034 aut
984 3977 1138 4034 male
1174 3976 1558 4051 transcriptas
1586 3974 1828 4046 invenit,
1875 3992 1991 4048 qua
2031 3992 2095 4031 re
2132 3975 2376 4046 detecta,
2420 3992 2536 4049 quo
2565 3982 2660 4033 est

415 4084 609 4143 animo
647 4086 893 4145 candido
932 4087 1221 4163 uniusque
1250 4085 1511 4145 veritatis
1540 4084 1933 4160 cupidissimo,
1973 4101 2216 4158 prorsus
2254 4102 2470 4142 novam
2499 4084 2658 4141 codi-

416 4195 497 4258 cis
548 4196 920 4256 collationem
970 4196 1251 4267 confecit,
1314 4212 1493 4268 quam
1543 4193 1689 4254 mihi
1737 4193 2279 4251 benevolentissime
2329 4201 2388 4251 et
2435 4193 2657 4252 libera-

580 4437 733 4552 x„
