2961 4861
916 327 1056 372 ms.
1088 329 1187 373 111.
1248 326 1402 375 cAP.
1436 328 1561 374 ΧΠ.
1591 330 1741 375 xm.
1802 329 1994 375 snc'r.
2032 333 2090 375 ιτ.
2125 330 2181 372 18.
2538 314 2659 378 251

426 473 711 552 Caedici,
742 474 1085 539 Alfaterni.
1146 473 1482 541 Gellianus
1522 488 1742 544 auctor
1773 487 1872 544 est
1912 478 2059 542 lacu
2084 475 2336 541 Fucino
2364 478 2664 544 haustum

421 572 792 638 Marsorum
832 575 1141 661 oppidum
1166 576 1504 661 Archippe
1549 576 1879 641 conditum
1920 600 1960 641 a
2002 574 2273 662 Marsya
2316 578 2479 643 duce
2520 579 2663 662 Ly-

423 676 670 754 dorum,
714 677 869 741 item
909 675 1339 746 Viticinorum
1381 678 1449 742 in
1490 664 1731 743 Piceno
1775 677 2055 743 deletum
2099 702 2139 743 a
2178 679 2483 743 Romanis
2526 679 2664 744 Va-

421 778 723 843 lerianus.
773 776 997 843 Sabini
1034 779 1141 864 (ut
1169 779 1430 862 quidam
1460 780 1947 858 existumavere,
1978 804 2018 845 a
2043 782 2349 867 religione
2381 794 2446 847 et
2474 783 2667 847 deum

423 879 601 943 cultu
646 876 867 944 Sevini
911 878 1245 964 appellati)
1289 878 1556 943 Velinos
1600 880 1900 945 adcolunt
1938 882 2121 946 lacus
2165 883 2437 947 roscidis
2484 882 2667 947 colli-¹

420 977 566 1043 bus.
630 979 765 1043 Nar
807 980 1010 1043 amnis
1055 979 1349 1043 exhaurit
1387 980 1529 1045 illos
1574 982 1935 1066 sulphureis
1978 981 2162 1065 aquis
2180 1008 2198 1059 3
2253 981 2540 1047 Tiberim
2585 1005 2666 1047 ex
2696 1002 2791 1047 109

421 1082 521 1145 his
575 1092 803 1168 petens
861 1084 1066 1167 replet
1132 1104 1167 1147 e
1232 1093 1447 1148 monte
1506 1083 1785 1149 Fiscello
1840 1084 2062 1151 labens
2120 1087 2303 1150 iuxta
2349 1086 2665 1152 Vacunae

319 1202 330 1213 *
420 1206 684 1248 nemora
713 1193 778 1248 et
803 1183 1008 1248 Reate
1051 1184 1117 1247 in
1162 1184 1420 1248 eosdem
1466 1185 1780 1250 conditus.
1810 1216 1813 1219 ·
1848 1184 1945 1248 At
1988 1208 2070 1250 ex
2112 1187 2236 1273 alia
2276 1171 2458 1271 parte
2486 1188 2664 1253 Anio

421 1284 488 1348 in
526 1294 741 1348 monte
771 1283 1213 1348 Trebanorum
1256 1295 1434 1349 ortus
1477 1284 1654 1349 lacus
1699 1285 1812 1348 tris
1857 1287 2237 1351 amoenitate
2282 1287 2511 1353 nobilis
2556 1290 2666 1372 qui

421 1407 654 1450 nomen
699 1386 930 1451 dedere
965 1383 1334 1469 Sublaqueo
1379 1386 1592 1450 defert
1632 1385 1699 1448 in
1728 1384 2033 1451 Tiberim.
2090 1386 2169 1452 In
2209 1411 2366 1476 agro
2393 1389 2666 1454 Reatino

426 1485 701 1551 Cutiliae
754 1488 993 1564 lacum,
1050 1488 1116 1550 in
1161 1509 1288 1570 quo
1330 1486 1679 1551 fluctuetur
1720 1486 1928 1550 insula
1944 1535 1960 1563 ,
2017 1486 2239 1552 Italiae
2293 1490 2667 1555 umbilicum

425 1610 566 1652 esse
619 1586 715 1665 M.
759 1587 969 1654 Varro
1029 1588 1239 1652 tradit.
1307 1586 1489 1650 Infra
1543 1582 1817 1651 Sabinos
1870 1586 2132 1651 Latium
2186 1598 2319 1667 est,
2379 1613 2419 1654 a
2468 1591 2667 1656 latere

422 1688 735 1754 Picenum
751 1737 768 1767 ,
815 1712 853 1752 a
898 1699 1080 1775 tergo
1123 1687 1425 1763 Umbria,
1484 1684 1860 1771 Appennini
1903 1687 2075 1774 iugis
2122 1684 2395 1753 Sabinos
2438 1691 2666 1754 utrim-

423 1811 548 1873 que
590 1789 997 1853 vallantibus,

507 1888 702 1953 XIII.
773 1889 873 1952 18.
930 1886 1179 1967 Quinta
1230 1886 1411 1973 regio
1461 1885 1684 1951 Piceni
1739 1897 1870 1963 est,
1932 1889 2277 1971 quondam‘
2306 1890 2666 1957 uberrimae
2697 1910 2796 1953 110

423 1989 881 2066 multitudinis3
952 2009 1155 2051 cocnx
1223 1987 1397 2051 milia
1450 1985 1815 2050 Picentium
1875 1986 1943 2049 in
2010 1988 2204 2054 fidem
2257 1992 2478 2076 populi
2529 1991 2665 2058 Ro-

421 2092 594 2155 mani
632 2112 884 2155 venere.
953 2087 1102 2152 Orti
1143 2096 1291 2150 sunt
1328 2109 1366 2150 a
1405 2083 1664 2152 Sabinis
1703 2096 1852 2151 voto
1896 2109 2044 2153 vere
2086 2111 2282 2155 sacro,
2356 2091 2654 2159 Tenuere

421 2193 503 2257 ab
548 2192 794 2255 Aterno
838 2213 1023 2254 amne
1039 2237 1057 2266 ‚
1105 2188 1215 2253 ubi
1258 2210 1431 2253 nunc
1475 2210 1631 2275 ager
1672 2186 2046 2253 Hadrianus
2090 2200 2156 2254 et
2196 2190 2448 2257 Hadria
2493 2196 2665 2260 colo-

418 2415 467 2450 σ.
496 2441 558 2449 .-
592 2395 826 2463 Achirpe‚
851 2398 899 2446 d.
937 2437 1000 2446 -,
1037 2395 1229 2446 amarsi
1249 2394 1405 2445 adhuc
1440 2389 1707 2458 dychrum,
1740 2393 1810 2443 A.
1848 2432 1912 2442 -..
1964 2393 2287 2458 Viticinorum,
2311 2397 2523 2449 BSTd.
2584 2399 2668 2450 Vi-

421 2466 706 2527 dicinorum,
729 2461 848 2525 Ass.
887 2505 950 2513 -
988 2465 1201 2528 quidam,
1235 2463 1310 2511 uti
1332 2463 1500 2511 Varro
1535 2462 1671 2523 apud
1693 2462 1831 2511 Fest.
1866 2476 1916 2523 p.
1943 2467 2057 2510 343.
2096 2503 2158 2510 ...
2197 2462 2351 2525 deum,
2373 2465 2505 2523 ΒΑ.
2552 2466 2667 2518 deo-

419 2553 540 2595 rum,
566 2537 599 2584 d
608 2530 650 2595 β
658 2547 708 2596 γ.
744 2533 864 2583 Vid.
889 2534 955 2581 ad
977 2539 1060 2592 34,
1089 2538 1132 2580 1.
1171 2570 1234 2579 .-
1271 2526 1448 2588 Sebini,
1470 2529 1522 2577 R
1546 2525 1599 2589 (b
1621 2528 1674 2575 in
1699 2524 1853 2589 corr.)
1881 2567 1942 2575 ...
1982 2527 2201 2591 roscidis,
2225 2533 2272 2580 d.
2310 2531 2575 2596 proscidis,
2599 2536 2665 2585 R.

420 2619 475 2651 ro
510 2601 637 2652 cidis
676 2600 743 2649 A.

473 2617 516 2729 ’ξ
546 2638 657 2718 109’.
696 2665 939 2726 exhaurit,
971 2667 1021 2716 R
1054 2664 1244 2727 (haurit
1276 2676 1342 2711 ex
1374 2658 1529 2723 corr.)
1575 2701 1625 2709 -
1665 2659 1800 2723 illas,
1833 2663 1901 2720 A.
1953 2664 2049 2713 His
2082 2665 2205 2727 ipsis
2238 2667 2292 2714 in
2315 2669 2478 2718 verbis
2501 2671 2665 2720 multa

417 2745 582 2786 mutat
601 2736 795 2794 Dalec„
820 2735 907 2797 qui
931 2735 1034 2782 hoc
1055 2741 1190 2782 recte
1214 2731 1386 2792 sensit,
1418 2730 1670 2779 nonnulla
1691 2731 1746 2778 in
1768 2731 1829 2781 iis
1855 2746 1979 2791 esse,
2015 2746 2160 2795 quae,
2185 2735 2260 2783 uti
2282 2735 2386 2784 iam
2407 2736 2664 2800 leguntur,

416 2805 639 2853 Plinium
651 2803 905 2864 scripsisse
928 2814 1035 2849 non
1059 2807 1135 2849 est
1158 2799 1406 2848 credibile.
1431 2798 1565 2848 Nam
1578 2798 1699 2861 quid
1716 2798 1809 2847 sibi
1831 2799 1989 2848 velint
2004 2802 2158 2850 verba
2181 2800 2413 2852 exhaurit
2433 2803 2541 2854 illos
2558 2804 2664 2853 sul-

412 2869 614 2935 phureis
639 2869 798 2933 aquis,
831 2883 981 2917 nemo
1004 2867 1153 2916 facile
1179 2867 1362 2915 dixerit
1385 2874 1582 2927 praeter
1597 2866 1932 2927 Harduinum,
1954 2868 2040 2930 qui
2056 2870 2183 2917 mire
2201 2883 2262 2917 ea
2284 2871 2660 2933 interpretatur:

417 2939 591 2998 „lacus
623 2936 901 2998 corrumpit
925 2935 980 2983 in
1013 2949 1142 2997 quos
1166 2932 1443 2983 conditur.”
1496 2931 1609 2981 Iam
1632 2947 1729 2981 nos
1754 2934 1966 2983 advertit
1989 2936 2236 2998 scriptura
2260 2938 2489 2986 omnium
2513 2941 2659 2987 codd.

418 3021 541 3054 aves
566 3019 657 3068 pro
682 3002 859 3063 labens,
885 3017 1036 3065 quam
1062 3008 1351 3065 corruptam
1376 3001 1579 3063 quidem
1601 3001 1873 3062 vestigium
1896 3008 2067 3048 tamen
2096 3016 2245 3049 verae
2278 3004 2553 3064 scripturae
2584 3005 2660 3052 in-

418 3073 582 3121 dicare
605 3079 747 3135 puto.
782 3071 1000 3119 Videtur
1030 3070 1222 3119 scilicet
1242 3068 1440 3117 Plinius
1473 3068 1576 3115 tale
1608 3067 1730 3129 quid
1763 3067 2039 3128 scripsisse:
2085 3064 2206 3114 Nar
2238 3068 2397 3116 amnis
2432 3067 2662 3121 exhaurit

416 3137 530 3189 illos
556 3140 728 3189 albens
751 3135 1031 3202 sulphureis
1058 3136 1230 3200 aquis,·
1273 3132 1483 3184 Tiberim
1512 3152 1570 3183 ex
1588 3132 1664 3182 his
1676 3143 1842 3197 petens
1867 3133 2020 3196 replet
2039 3147 2064 3179 e
2091 3142 2244 3182 monte
2262 3131 2491 3196 FiscelIO,
2519 3136 2659 3186 iuncta

414 3209 502 3257 rel.
547 3210 615 3257 Et
638 3207 807 3256 albens
840 3206 1045 3268 quidem
1079 3210 1371 3265 corruptum
1404 3202 1458 3248 in
1491 3215 1611 3248 aves
1645 3208 1695 3250 et
1729 3215 1851 3249 casu
1882 3200 1964 3248 vel
1987 3201 2377 3264 interpolatione
2408 3204 2579 3268 potius
2604 3206 2658 3254 in

375 3305 382 3314 κ
414 3275 569 3323 alium
600 3276 773 3323 locum
798 3275 1027 3321 delatum
1049 3279 1185 3319 recte
1206 3269 1335 3320 mihi
1357 3268 1531 3316 videor
1551 3268 1829 3317 restituisse
1852 3275 2053 3317 secutus
2076 3269 2271 3331 Vergil.
2306 3271 2439 3320 Aen.
2469 3275 2512 3333 7,
2541 3276 2655 3323 517.

413 3339 694 3405 sulphurea
728 3337 846 3391 Nar
878 3339 1017 3389 albus
1050 3353 1202 3399 aqua.
1255 3336 1453 3386 Deinde
1484 3335 1638 3383 verba
1661 3351 1685 3383 e
1706 3342 1866 3383 monte
1887 3331 2098 3385 Fiscello
2120 3337 2346 3387 indicant
2377 3340 2654 3403 regionem,

413 3409 499 3456 ubi
522 3408 629 3457 Nar
650 3409 704 3455 in
728 3407 954 3455 Tiberim
978 3406 1209 3467 incurrit3
1227 3417 1552 3467 prorumpere
1578 3404 1722 3464 quasi
1742 3403 2006 3452 videbatur
2027 3418 2088 3452 eo
2113 3405 2165 3452 in
2189 3405 2304 3454 loco
2329 3421 2357 3455 e
2381 3415 2554 3456 monte
2564 3410 2653 3458 Fi-

413 3475 584 3534 sce110,
615 3483 673 3523 ut
704 3487 890 3535 aquam
921 3489 1063 3523 suam
1089 3472 1356 3521 Tiberinae
1387 3471 1635 3529 misceret,
1668 3478 1719 3519 et
1753 3486 1869 3519 cum
1891 3471 1940 3518 vi
1966 3471 2138 3534 aliqua
2158 3473 2356 3523 Plinius
2390 3475 2535 3524 locos
2559 3476 2653 3526 sibi

413 3543 663 3605 opposuit,
688 3541 775 3589 ubi
797 3541 903 3589 Nar
924 3542 978 3588 in
1000 3541 1142 3588 lacus
1164 3540 1395 3598 Velinos,
1417 3538 1505 3587 ubi
1528 3538 1582 3586 in
1605 3539 1828 3588 Tiberim
1851 3539 2073 3588 incurrit.
2121 3539 2271 3589 Certe
2294 3543 2458 3591 multo
2483 3543 2652 3605 aptius

411 3609 514 3657 hoc
539 3609 726 3657 dictum
752 3614 842 3667 est,
867 3623 1020 3671 quam
1045 3609 1181 3669 quod
1201 3608 1358 3668 vulgo
1383 3605 1569 3667 legitur
1592 3621 1616 3653 e
1637 3616 1790 3655 monte
1808 3603 2018 3656 Fiscello
2043 3605 2219 3669 labens,
2246 3612 2384 3670 quod
2407 3623 2651 3672 quocum-

412 3690 511 3740 que
539 3676 746 3725 verteris
770 3673 1066 3724 difficultate
1090 3682 1141 3723 et
1171 3675 1363 3737 ineptia
1384 3674 1558 3736 aliqua
1579 3673 1792 3735 laborat,
1826 3689 1978 3736 quam
2003 3675 2273 3724 sentientes
2298 3692 2331 3723 a
2354 3685 2505 3724 monte
2530 3677 2649 3724 scri-

411 3752 631 3808 pserunt.
667 3743 822 3792 Ianus
847 3739 1035 3803 (diurn.
1061 3742 1216 3804 antiq.
1246 3747 1390 3792 1849.
1416 3756 1490 3789 nr.
1519 3746 1597 3789 59.
1623 3756 1674 3804 p.
1700 3740 1843 3802 465.)
1869 3743 1923 3790 in
1952 3743 2163 3804 vulgata
2186 3744 2474 3805 acquiescit,
2498 3745 2651 3793 verba

409 3809 689 3875 sulphureis
731 3808 873 3872 aquis
913 3811 977 3859 ad
1017 3811 1279 3873 sequentia
1316 3810 1552 3858 referens.
1603 3849 1665 3856 ...
1711 3825 1749 3869 e,
1791 3809 1900 3858 Ad.
1956 3826 2004 3869 a,
2043 3805 2100 3869 β.
2155 3808 2270 3859 Om.
2313 3811 2375 3859 R.
2415 3851 2478 3859 .-
2516 3827 2646 3872 aves,

409 3879 573 3929 RAd.
613 3920 674 3928 -
719 3876 943 3938 Reatem,
971 3879 1034 3927 R.
1074 3918 1137 3926 -.
1173 3875 1352 3938 Annio,
1385 3878 1448 3926 R.
1489 3916 1546 3925 ..-
1607 3873 2006 3935 Trebulanorum,
2038 3877 2189 3925 Pints
2212 3916 2274 3923 —
2321 3876 2426 3938 tris,
2458 3879 2645 3928 ΒΑΚ.

410 3955 518 4006 tre-5,
544 3949 590 3995 d.
631 3987 693 3994 ,-
738 3943 997 4005 Sublaceo,
1030 3944 1168 4007 Lips.
1196 3947 1259 3994 ad
1293 3946 1455 3994 Tacit.
1493 3943 1659 3992 annal.
1697 3949 1775 4002 14,
1802 3949 1883 3992 22.
1922 3984 1985 3991 ..
2026 3939 2252 4004 Cutiliae,
2275 3944 2344 3993 A.
2406 3943 2646 4006 Cutiniae,

417 4004 569 4062 GTd.
622 4010 785 4062 Cutina·
814 4029 887 4073 ac,
922 4015 984 4063 R.
1024 4053 1086 4061 -
1108 4013 1398 4076 fluctuetur,
1432 4010 1598 4060 RAd.
1627 4009 1918 4071 fluctuatur,
1951 4011 2013 4059 T.
2050 4009 2274 4073 fluctuet,
2307 4007 2411 4077 βγ.
2450 4054 2512 4070 —
2552 4011 2644 4074 Μ,

409 4095 508 4129 om.
533 4081 602 4129 A.
638 4081 757 4130 Vid.
782 4081 1018 4129 Martian.
1046 4086 1093 4141 6,
1121 4085 1236 4129 640.
1275 4119 1334 4127 ..
1375 4077 1491 4141 iuyi,
1515 4078 1582 4127 A.
1623 4117 1685 4124 ..
1721 4076 1994 4139 velantibus,
2012 4079 2077 4128 K.

474 4150 503 4211 ξ
527 4154 637 4197 110.
665 4157 750 4208 est,
779 4147 846 4196 A.
881 4157 937 4208 et,
956 4141 1110 4198 Red.
1140 4146 1370 4207 „fidem
1395 4144 1692 4208 inprvenere,
1715 4144 1781 4193 A.
1807 4185 1865 4193 ..-
1888 4161 2017 4207 vere,
2041 4139 2316 4197 RAO'rd.
2344 4166 2469 4210 vero,
2495 4144 2550 4211 β.
2581 4189 2641 4197 „-

407 4214 618 4275 Atterm,
643 4215 767 4265 ΒΑ.
811 4256 869 4263 ..
907 4213 1222 4275 Hadrianus,
1247 4215 1312 4263 A.
1355 4255 1413 4261 ..
1452 4209 1674 4272 Hadria,
1697 4211 1763 4260 A.
2108 4221 2112 4238 ·
