2961 4861
399 334 520 399 192
1089 347 1494 395 NA‘rthms
1538 346 1925 394 ms'ronmn

394 499 486 565 Et
525 509 760 588 pontus
804 520 1053 586 semper
1095 509 1277 566 extra
1323 509 1496 565 meat
1545 497 1613 562 in
1653 496 2134 583 Propontidem,
2188 497 2504 565 introrsus
2554 500 2624 563 in

392 610 660 687 pontum
701 621 1050 686 numquam
1088 599 1287 665 refluo
1330 599 1511 664 mari.

475 700 799 768 XCVIII.
865 702 1009 766 101.
1065 697 1302 765 Omnia
1342 698 1691 785 plenilunio
1734 698 1934 764 maria
1984 708 2364 785 purgantur,
2419 721 2619 785 quae-
2648 719 2750 763 220

394 804 544 868 dam
588 813 652 868 et
696 812 859 868 stato
902 812 1207 887 tempore.
1243 798 1431 865 Circa
1456 798 1830 865 Messanam
1874 809 1939 865 et
1964 798 2181 883 Mylas
2216 798 2367 865 fimo
2396 800 2624 867 similia

394 893 797 988 exspuuntur
849 902 918 966 in
971 902 1124 966 litus
1180 910 1635 988 purgamenta,
1701 899 1874 965 unde
1930 899 2150 966 fabula
2203 897 2374 967 Solis
2424 901 2623 967 boves

390 1004 483 1070 ibi
536 1003 864 1070 stabulari.
946 1002 1073 1067 His
1131 1001 1311 1066 addit
1372 1001 1477 1086 (ut
1532 1000 1690 1066 nihil
1739 1000 1913 1084 quod
1978 1000 2275 1084 equidem
2335 1001 2622 1066 noverim

390 1105 821 1192 praeteream)
863 1103 1246 1169 Aristoteles
1302 1102 1549 1169 nullum
1591 1101 1826 1167 animal
1877 1101 2002 1166 nisi
2057 1112 2243 1167 aestu
2281 1104 2622 1169 recedente

391 1208 739 1293 exspirare.
785 1203 1218 1270 Observatum
1259 1203 1329 1268 id
1367 1203 1643 1269 multum
1682 1202 1752 1266 in
1782 1198 2030 1268 Gallico
2072 1224 2309 1269 oceano
2339 1215 2405 1268 et
2432 1204 2619 1268 dum-

391 1318 570 1372 taxat
608 1308 677 1372 in
718 1306 974 1372 homine
1017 1314 1407 1391 conpertum.

475 1406 738 1473 XCIX.
807 1407 951 1471 102.
1018 1403 1166 1485 Quo
1223 1426 1378 1470 vera
1428 1402 1804 1469 coniectatio
1858 1401 2112 1468 exsistit
2159 1402 2334 1468 haud
2384 1404 2623 1470 frustra
2647 1420 2741 1465 221

390 1508 654 1594 spiritus
708 1508 884 1573 sidus
939 1509 1157 1572 lunam
1210 1505 1601 1572 existumari.
1668 1502 1815 1570 Hoc
1868 1526 2009 1568 esse
2053 1504 2226 1587 quod
2270 1514 2472 1571 terras
2515 1528 2617 1572 sa-

390 1619 564 1675 turet
604 1609 1044 1693 accedensque
1088 1628 1352 1694 corpora
1391 1605 1659 1691 inpleat,
1720 1602 2073 1669 abscedens
2126 1604 2389 1670 inaniat.
2457 1606 2619 1672 Ideo

389 1733 537 1776 cum
585 1712 977 1776 incremento
1035 1709 1172 1775 eius
1226 1706 1450 1793 augeri
1504 1705 1835 1790 conchylia
1878 1715 1945 1769 et
1983 1727 2283 1771 maxume
2326 1705 2617 1792 spiritum

388 1811 624 1876 sentire
669 1811 904 1896 quibus
949 1809 1212 1897 sanguis
1253 1831 1381 1874 non
1424 1806 1528 1885 sit,
1584 1806 1702 1872 sed
1756 1815 1819 1870 et
1876 1805 2255 1891 sanguinem
2294 1806 2618 1872 hominum

389 1912 585 1977 etiam
629 1934 775 1976 cum
817 1911 1055 1977 lumine
1100 1910 1237 1975 eius
1280 1910 1504 1997 augeri
1545 1930 1623 1973 ac
1662 1906 1883 1985 minui,
1944 1907 2190 1972 frondis
2246 1927 2499 1991 quoque
2552 1918 2618 1974 et

389 2010 626 2098 pabula
667 2011 774 2097 (ut
815 2033 930 2076 suo
971 2012 1113 2077 loco
1155 2010 1438 2095 dicetur)
1482 2008 1741 2086 sentire,
1784 2007 1854 2072 in
1895 2008 2108 2073 omnia
2149 2008 2376 2074 eadem
2415 2032 2613 2096 pene-

392 2121 599 2177 trante
642 2111 727 2177 vi.

476 2210 554 2277 C.
622 2212 766 2277 103.
819 2212 1051 2296 Itaque
1096 2211 1246 2277 solis
1289 2210 1515 2277 ardore
1569 2211 1843 2277 siccatur
1894 2212 2126 2297 liquor,
2183 2222 2251 2277 et
2299 2213 2422 2278 hoc
2477 2235 2616 2279 esse

391 2314 745 2379 masculum
790 2313 970 2378 sidus
1014 2311 1376 2398 accepimus
1421 2321 1670 2378 torrens
1713 2324 1945 2379 cuncta
1986 2313 2392 2399 sorbensque.

475 2416 621 2481 104.
669 2413 785 2482 Sic
824 2414 985 2480 mari
1024 2414 1153 2479 late
1193 2412 1438 2500 patenti
1482 2436 1772 2500 saporem
1811 2416 2069 2501 incoqui
2110 2414 2285 2494 salis,
2328 2426 2442 2481 aut
2468 2414 2616 2499 quia
2641 2428 2741 2474 222

391 2517 702 2582 exhausto
744 2516 895 2582 inde
935 2516 1108 2582 dulci
1140 2517 1463 2599 tenuique,
1510 2516 1682 2600 quod
1710 2517 2011 2584 facillime
2041 2517 2251 2582 trahat
2276 2517 2376 2583 vis
2402 2517 2612 2603 ignea,

390 2639 579 2682 omne
621 2618 911 2701 asperius
955 2616 1358 2699 crassiusque
1397 2615 1758 2700 linquatur3
1788 2671 1872 2682 .-
1900 2618 2047 2683 ideo
2092 2641 2339 2683 summa
2378 2640 2612 2702 aequo-

389 2739 536 2781 rum
575 2737 746 2800 aqua
789 2716 1140 2782 dulciorem
1180 2715 1586 2803 profundam,
1629 2717 1794 2784 hanc
1836 2739 1981 2784 esse
2020 2719 2332 2785 veriorem
2360 2741 2612 2785 causam

450 2887 665 2945 pontum,
687 2878 784 2931 R1.
821 2919 885 2928 -..
920 2887 1050 2929 meat
1069 2877 1137 2941 in,
1168 2879 1377 2931 R’Aa.
1412 2880 1577 2941 meati,
1611 2882 1659 2930 d.
1696 2888 1832 2943 meat,
1854 2881 1953 2931 1³¹.
1991 2922 2055 2931 -.
2092 2882 2347 2944 introrsus,
2371 2882 2609 2933 R²Aa².

382 2963 614 3013 prorsus,
637 2945 708 2999 Βι
727 2944 838 2997 Ta¹
857 2947 904 2996 d.
942 2986 1006 2997 ...
1040 2945 1215 3009 maris,
1237 2948 1302 2997 R.

456 3015 486 3076 δ
512 3021 625 3066 220.
696 3024 958 3080 aquantur,
990 3013 1063 3065 Βι
1082 3030 1128 3064 a.
1176 3055 1240 3063 -
1285 3021 1434 3075 statu,
1467 3012 1537 3064 A.
1583 3022 1789 3076 aestate,
1820 3016 1883 3066 Β.
1917 3023 2119 3077 statuto,
2144 3017 2286 3066 Tad.
2325 3056 2389 3066 ...
2423 3015 2613 3081 Mylae,

387 3084 623 3135 R¹Aad
673 3085 818 3133 codd.
840 3078 1092 3143 Barbari.)
1129 3081 1180 3130 in
1205 3078 1398 3145 Mylas,
1420 3083 1519 3131 R2.
1558 3078 1821 3144 Massimo,
1845 3096 1893 3131 σ.
1931 3123 1994 3131 -
2022 3081 2379 3147 fundamenta,
2413 3084 2511 3133 R1.
2548 3123 2612 3132 ...

370 3147 579 3215 fabula,
604 3167 649 3200 a.
680 3149 915 3214 fabulae,
940 3150 1168 3200 RATd.
1205 3189 1269 3198 .-
1305 3149 1431 3199 soles
1455 3148 1600 3211 bovis,
1622 3149 1690 3199 A.
1726 3189 1789 3198 ...
1827 3149 2104 3211 stabularii,
2136 3150 2203 3199 A.
2243 3191 2307 3199 .-
2343 3149 2417 3212 Is,
2448 3152 2510 3201 Β.
2548 3190 2611 3200 -.

388 3215 533 3267 addit
554 3225 618 3277 ut,
642 3217 792 3267 RAa
814 3214 986 3278 (codd.
1012 3214 1215 3279 Gelen.)
1248 3214 1472 3277 additur,
1497 3220 1543 3267 d.
1578 3214 1709 3266 adde
1734 3225 1799 3277 ut,
1822 3217 2031 3266 Robert.
2053 3257 2116 3265 .-
2128 3226 2404 3282 praeterea,
2427 3219 2610 3268 Ad.-

386 3281 702 3343 AristoteleS,
719 3284 834 3331 loco
855 3286 1126 3346 deperdito.
1147 3325 1210 3333 -
1228 3283 1545 3348 spirare,B².
1566 3323 1630 3332 .-
1649 3281 1833 3345 multis,
1849 3284 1946 3332 132.
1971 3281 2121 3346 multi,
2137 3285 2205 3334 A.
2226 3325 2290 3332 ...
2309 3287 2496 3346 oceani,
2514 3285 2611 3334 Βὶ.

455 3351 486 3411 5
511 3354 625 3397 221.
662 3348 942 3409 coniectato,
977 3351 1074 3399 R1.
1107 3391 1177 3399 -
1213 3359 1317 3412 aut,
1340 3352 1464 3401 ΒΑ.
1503 3390 1568 3400 ...
1602 3351 1804 3415 spiritus
1827 3351 1982 3412 sidus,
2014 3351 2339 3402 RATKad.
2383 3351 2612 3417 spirituo-

385 3432 490 3465 sum
535 3412 696 3475 sidus,
751 3409 839 3464 Or.
899 3415 1126 3479 spiritum
1172 3414 1334 3479 sidus,
1380 3417 1586 3467 Robert.
1632 3412 1689 3478 β.
1728 3457 1793 3466 .-.
1830 3416 2008 3478 lunam,
2031 3418 2145 3467 ΒΑ
2162 3410 2395 3468 OTadr.
2450 3420 2612 3480 lunae,

386 3483 596 3532 Robert.
618 3476 676 3542 β.
715 3521 779 3530 .-
812 3479 883 3530 Et
923 3480 1026 3541 hoc,
1067 3483 1275 3532 Robert.
1329 3523 1392 3532 -
1446 3498 1569 3544 esse,
1602 3484 1880 3534 R²Aa²d
1914 3482 2096 3547 (Βοὴ.)
2139 3493 2229 3546 est,
2261 3487 2345 3535 Βι
2368 3479 2498 3535 82¹.
2546 3525 2608 3535 ....

386 3548 624 3613 Ideoque,
647 3550 710 3598 T.
737 3588 800 3597 -
836 3546 1062 3608 concilie,
1087 3550 1152 3598 Β.
1179 3589 1242 3597 -
1268 3549 1569 3612 sanquinem,
1592 3552 1700 3602 ΒΑ
1716 3543 1947 3602 OSTad
1971 3550 2154 3615 (Βοὴ.)
2188 3553 2440 3616 sanquine,
2462 3549 2520 3615 β.
2547 3592 2610 3601 -.

387 3615 641 3677 hominum,
658 3616 769 3666 ΒΑ
787 3607 1018 3666 OSTad
1035 3612 1220 3677 (Βοὴ.)
1243 3615 1433 3678 homini,
1454 3631 1509 3666 σ.
1527 3617 1772 3679 hominem,
1788 3613 1845 3679 β.
1870 3660 1934 3669 -.
1962 3636 2021 3668 ac
2042 3618 2204 3681 minui,
2226 3620 2394 3669 RAd.
2419 3620 2611 3682 aniam,

385 3701 431 3734 a.
467 3693 559 3735 aut
581 3683 747 3745 minui,
769 3683 900 3734 Βοὴ.
936 3723 999 3732 ...
1044 3690 1106 3746 et,
1138 3684 1345 3734 RAad.
1390 3700 1473 3745 ac,
1505 3679 1607 3748 βγ.
1645 3724 1709 3733 -
1744 3684 1934 3735 dicetur
1968 3692 2046 3748 18,
2071 3693 2354 3737 321-325.
2390 3727 2455 3736 ....
2492 3702 2613 3736 ean·

386 3750 508 3813 dem,
542 3766 589 3801 σ.
634 3792 699 3801 ....
744 3751 808 3811 vi,
843 3765 945 3800 om.
978 3749 1040 3799 Τ.
1077 3789 1141 3799 .-.
1185 3749 1272 3800 Ita
1302 3768 1406 3800 cum
1436 3770 1476 3801 s.
1506 3768 1556 3801 a.
1588 3751 1807 3813 siccetur,
1841 3754 1976 3802 Pint.
2014 3793 2078 3802 .-
2112 3754 2377 3816 siccantur,
2410 3754 2508 3803 12².
2545 3793 2609 3803 ...

385 3816 548 3883 liquor
569 3828 628 3880 et,
646 3819 806 3899 ,Λεὼ
843 3816 1023 3920 liquor3
1040 3818 1136 3868 12².
1172 3816 1363 3896 leuiore,
1386 3818 1436 3867 Β
1453 3819 1504 3921 ’.ι
1524 3858 1590 3921 ..ἶ
1624 3818 1900 3882 maximum,
1922 3821 1973 3870 Β
2004 3817 2129 3883 (xim
2150 3821 2347 3871 videtur
2368 3836 2436 3871 ex
2457 3818 2613 3882 corr.)

385 3902 653 4016 -502623122
654 3887 845 4013 affe?
831 3887 1012 4004 ΕἶΑΫ-
1037 3887 1395 4017 ἀῇαἳέἴέἶωέ,
1419 3885 1489 4003 B.-
1521 3901 1643 4013 aaut,
1668 3954 1803 4004 delet
1822 3955 1958 4005 Pint.
2010 3995 2074 4005 ...
2121 3952 2297 4019 tuique,
2320 3955 2418 4005 Βί.
2455 3995 2519 4005 .-
2555 3963 2611 4005 ut

384 4035 569 4082 aquea,
592 4021 656 4070 Β.
693 4059 757 4068 .-
794 4028 843 4069 et
866 4020 1105 4085 asperius,
1136 4013 1194 4071 θ.
1247 4062 1310 4071 -
1366 4020 1604 4085 liquatur,
1627 4021 1762 4071 Pint.
1784 4021 1853 4071 A.
1890 4019 2076 4083 (Βοὴ.)
2114 4061 2178 4071 .-.
2231 4038 2436 4083 summa,
2466 4022 2607 4072 Eat.

386 4101 632 4147 summam,
655 4087 826 4138 ATd.
862 4104 1109 4150 summum,
1133 4092 1192 4138 a¹
1221 4086 1463 4151 (Richel.,
1486 4086 1648 4150 Rob.)
1683 4089 1802 4139 Vid.
1826 4090 2090 4139 Aristotel.
2114 4090 2288 4140 Probl.
2322 4096 2403 4151 23,
2427 4096 2508 4140 30.
2544 4129 2607 4139 ....

387 4167 586 4217 aequor,
608 4154 826 4215 Richel„
849 4153 981 4205 Βοὴ.
1008 4196 1072 4205 -.
1098 4171 1250 4219 aqua,
1273 4157 1336 4206 Β.
1373 4173 1570 4219 aquam,
1592 4154 1701 4205 AT
1713 4158 1785 4206 ad
1809 4154 2049 4219 michel„
2072 4155 2233 4220 Βοὴ.)
2253 4196 2317 4207 ...
2334 4157 2609 4221 profunda,

386 4217 460 4268 Β.ι
480 4219 687 4270 ATad.
732 4219 1002 4285 prqsimdit‚
1041 4223 1257 4282 Richel„
1297 4223 1428 4273 Rob.
1479 4223 1567 4274 nli
1605 4222 1721 4273 voci
1759 4225 1810 4274 Β
1846 4225 1999 4274 verba
2039 4222 2204 4275 horum
2226 4222 2410 4274 habere
2432 4239 2606 4287 supra-

385 4287 572 4352 scripta
610 4285 781 4336 habet.
836 4328 897 4337 .-
952 4304 1173 4354 sapores,
1213 4289 1264 4339 Β
1302 4286 1383 4352 (es
1423 4304 1490 4340 ex
1529 4287 1685 4351 corr.)
1738 4331 1799 4340 -.
1856 4307 1971 4355 qua,
2005 4292 2056 4343 S.
2104 4333 2166 4341 -
2214 4290 2358 4357 quod,
2379 4291 2433 4344 S.
2470 4289 2607 4356 quia,
