2961 4861
1199 355 1581 402 PRAEFATIO.
2341 356 2504 399 XLIII

235 506 450 565 titiam
478 506 686 569 ducere
713 504 885 565 libuit
924 523 1044 564 non
1079 507 1250 580 meis,
1293 508 1397 567 sed
1432 507 1622 587 ipsius
1659 505 1835 567 Plinii
1872 506 2263 584 integerrimis
2312 507 2509 567 verbis

234 613 581 674 conscribo.
620 660 705 673 .-
745 612 820 672 In
858 614 1122 691 margine
1159 621 1383 687 autem,
1422 615 1527 675 ubi
1552 615 1942 674 necessarium
1970 590 2202 692 putavi,
2232 633 2412 693 super
2436 615 2509 674 iis

230 723 534 795 maxime,
583 739 734 798 quae
781 724 1036 783 obscura
1081 722 1181 783 vel
1223 724 1434 799 gravia
1469 724 1550 782 ad
1595 723 2044 799 intelligendum
2079 729 2508 801 proponuntur,

230 830 534 907 ingenioli
560 830 674 890 mei
700 832 1169 916 qualemcunque
1197 832 1578 909 capacitatem
1604 832 2053 904 communicavi,
2076 830 2309 890 nullum
2335 848 2510 908 prae·

229 939 539 999 iudicium
568 940 927 1000 doctioribus
952 935 1240 1000 faciens.''
1282 928 1516 1000 Harum
1559 958 1704 1000 vero
1730 939 2068 1016 glossarum
2093 939 2510 1017 marginalium

228 1049 311 1107 in
369 1048 569 1107 codice
607 1046 1075 1126 Guelferbytano
1115 1049 1348 1107 nullum
1399 1056 1493 1107 est
1539 1048 1869 1124 vestigium,
1920 1048 2008 1107 uti
2054 1049 2119 1107 in
2166 1049 2509 1110 universum

228 1157 555 1217 Robertus
592 1158 952 1235 paucissima
988 1158 1055 1216 in
1095 1158 1357 1217 oratione
1383 1156 1566 1217 Plinii
1600 1157 1959 1247 immutavit,
1998 1157 2114 1217 nisi
2156 1158 2317 1233 quod
2356 1175 2509 1216 non-

229 1264 454 1326 nullas
490 1265 894 1344 peragi-aphes
929 1275 1036 1326 aut
1074 1266 1137 1325 in
1174 1265 1409 1325 brevius
1439 1265 1734 1325 contraxit
1758 1273 1865 1325 aut
1890 1267 2252 1343 transposuit
2277 1261 2374 1347 (3,
2406 1261 2509 1328 68.

230 1369 360 1434 66.
412 1372 473 1447 7,
501 1370 608 1433 41.
637 1370 743 1434 37.
775 1368 919 1436 175.
951 1371 1124 1451 174.)
1166 1381 1230 1433 et
1266 1392 1339 1434 ea
1376 1375 1454 1433 de
1493 1390 1674 1434 causa
1713 1373 1949 1449 ingenio
1976 1392 2087 1437 suo
2113 1374 2336 1450 aliquid
2363 1392 2509 1434 con-

227 1482 519 1541 donavit·
563 1482 767 1543 Unum
793 1483 1277 1555 additamentum,
1315 1483 1479 1559 quod
1510 1469 1839 1556 e‘margine
1865 1482 1929 1540 in
1956 1482 2090 1559 ipsa
2114 1481 2298 1542 Plinii
2325 1484 2510 1543 verba

228 1590 537 1666 migrasse
572 1590 808 1663 dixeris,
844 1591 1059 1668 legitur
1096 1590 1157 1664 7,
1192 1587 1362 1662 179.,
1406 1591 1514 1650 ubi
1545 1589 1861 1661 Robertus,
1911 1591 2183 1667 pluribus
2221 1590 2508 1651 vaticiniis

229 1698 501 1757 vetustis
537 1717 571 1755 e
609 1697 810 1758 Plinio
845 1699 1131 1775 repetitis,
1179 1699 1257 1758 ad
1297 1699 1771 1774 superstitionem
1806 1697 2171 1758 ethnicorum
2208 1700 2507 1775 castigan-

231 1806 389 1865 dam
426 1804 619 1865 addit:
664 1804 833 1879 „Sed
869 1806 965 1865 his
1001 1806 1291 1865 vaticiniis
1329 1824 1449 1866 non
1488 1784 1863 1877 credendum,
1908 1822 2043 1863 cum
2084 1805 2318 1881 saepius
2353 1804 2509 1865 falsa

232 1912 425 1974 sint.”
486 1913 562 1971 In
607 1913 852 1987 integris
892 1919 1099 1973 autem
1135 1912 1378 1972 Roberti
1425 1913 1735 1986 codicibus,
1786 1913 1876 1971 uti
1924 1931 2001 1972 ex
2039 1914 2164 1974 eius
2205 1914 2506 1990 prooemio

230 2027 434 2099 patet,
472 2020 654 2079 index
689 2020 872 2080 totius
898 2022 1186 2098 epitomae
1211 2020 1488 2080 Pliniano
1526 2020 1730 2080 similis
1757 2021 2093 2081 inveniatur
2121 2040 2360 2083 necesse
2388 2030 2503 2082 est.

232 2127 534 2189 Ceterum
568 2129 759 2188 codex
793 2147 828 2188 e
866 2146 985 2204 quo
1027 2131 1214 2190 bonus
1253 2129 1580 2195 monachus
1617 2146 1728 2188 sua
1760 2130 2033 2206 sumpsit,
2079 2148 2277 2206 quem,
2319 2129 2507 2191 sicubi

230 2237 609 2298 laudandum
650 2237 939 2297 habebam
972 2238 1322 2311 Robertum,
1362 2238 1663 2299 nominavi
1699 2231 1851 2319 (quo
1886 2238 2021 2298 loco
2058 2239 2257 2301 statim
2295 2240 2356 2298 id
2391 2241 2504 2300 ad-

234 2347 506 2407 dendum
520 2388 541 2419 ,
593 2363 703 2422 per
745 2365 848 2406 eas
893 2347 1301 2425 paragraphos
1312 2389 1333 2419 ,
1386 2347 1490 2406 ubi
1530 2353 1812 2423 excerpta
1850 2346 1977 2406 eius
2018 2347 2344 2408 afferuntur
2357 2390 2376 2421 ,
2420 2348 2504 2407 ibi

232 2456 424 2517 modo
460 2473 533 2515 ea
566 2455 950 2531 intelligenda
986 2475 1137 2529 esse,
1177 2456 1279 2515 ubi
1315 2456 1662 2514 nominatim
1704 2455 2004 2528 dicuntur,
2061 2464 2123 2513 et
2157 2475 2234 2515 ex
2269 2457 2502 2517 silentio

234 2565 393 2625 nihil
419 2582 552 2624 esse
580 2560 1051 2646 conficiendum),
1090 2583 1212 2623 non
1249 2564 1484 2641 optimis
1528 2564 1765 2640 quidem
1794 2557 1986 2643 (quod
2012 2563 2132 2623 iam
2158 2565 2310 2624 illud
2336 2565 2499 2627 Ara-

233 2675 396 2734 biam
424 2669 486 2746 2,
512 2668 656 2732 190.
686 2670 930 2750 prodit),
959 2680 1025 2733 at
1048 2673 1383 2734 melioribus
1412 2680 1567 2742 certe
1593 2681 1685 2754 est
1711 2674 2106 2740 accensendus
2134 2680 2196 2734 et
2220 2692 2499 2749 magnam

236 2781 688 2842 similitudinem
714 2799 850 2842 cum
876 2782 940 2841 K
948 2802 983 2841 r
1011 2789 1075 2841 et
1101 2801 1238 2842 cum
1264 2781 1514 2841 lectione
1541 2781 1786 2857 vulgata
1816 2777 1850 2862 β
1880 2801 2022 2858 prae
2050 2800 2118 2842 se
2155 2761 2291 2856 fert,
2331 2784 2498 2842 cuius

234 2893 433 2951 bonas
457 2890 735 2951 lectiones
763 2891 1102 2968 saepissime
1129 2892 1453 2950 confirmat.
1496 2889 1819 2950 Permultis
1858 2890 2008 2950 locis
2037 2893 2222 2951 bonas
2255 2898 2316 2948 et
2342 2891 2496 2950 alio·

236 3019 380 3058 rum
407 3006 468 3058 et
492 2998 729 3069 illorum
754 2973 1045 3059 librorum
1072 3000 1349 3059 lectiones
1377 3000 1701 3069 confirmat,
1743 2998 1907 3057 solus
1949 2997 2293 3057 coniecturis
2334 2999 2496 3058 viro-

235 3127 378 3170 rum
419 3108 723 3167 doctorum
761 3107 1052 3167 calculum
1093 3107 1290 3166 adiicit
1329 3101 1424 3185 (2,
1474 3101 1576 3163 90.
1623 3099 1768 3162 108.
1814 3097 1984 3162 114.‘
2014 3099 2076 3174 6,
2121 3099 2280 3183 59.),
2333 3104 2498 3163 solus

239 3217 424 3276 etiam
470 3236 547 3276 ex
596 3217 866 3276 omnibus
914 3216 1069 3274 meis
1110 3213 1278 3273 libris
1328 3231 1534 3270 veram
1582 3211 1889 3288 lectionem
1939 3211 2246 3286 aliquoties
2295 3213 2498 3289 prodit

242 3318 345 3404 (6,
374 3321 520 3385 214.
559 3320 620 3398 8,
651 3317 814 3404 36.),
852 3331 921 3381 ut
954 3323 1187 3398 integro
1225 3321 1422 3381 codice
1461 3320 1551 3378 uti
1578 3319 1747 3378 nobis
1774 3336 1893 3378 non
1919 3319 2154 3379 licuisse
2182 3322 2262 3381 sit
2287 3321 2494 3380 dolen-

178 3461 191 3476 ·
242 3432 411 3490 dum.
469 3431 637 3490 Idem
673 3450 812 3492 vero
851 3450 987 3491 cum
1013 3431 1134 3489 alia
1158 3430 1323 3502 vitia,
1362 3439 1487 3488 tum
1525 3405 2003 3504 interpolationes
2033 3429 2303 3489 omnibus
2330 3429 2491 3490 codi-

243 3540 417 3599 cibus
456 3557 795 3599 communes
834 3540 1013 3599 habet
1040 3534 1134 3619 (2,
1166 3532 1287 3617 4.),
1329 3546 1390 3598 et
1423 3537 1736 3614 aliquoties
1774 3538 1937 3597 solus
1977 3546 2067 3597 est
2105 3539 2492 3615 interpolatus

244 3643 339 3724 (3,
369 3642 488 3727 5.),
525 3666 645 3724 quo
681 3648 857 3707 etiam
892 3648 1104 3707 referri
1140 3655 1390 3726 possunt
1425 3646 1855 3724 dittographiae
1895 3648 2006 3707 sibi
2040 3648 2365 3724 appositae,
2404 3648 2493 3706 uti

247 3753 314 3829 2,
337 3752 442 3819 89.
489 3752 551 3829 5,
577 3752 681 3817 53.

328 3866 572 3926 Ineditis
615 3866 1002 3942 scriptoribus
1018 3908 1038 3938 ,
1096 3868 1249 3925 unde
1300 3867 1557 3942 aliquem
1609 3864 1867 3924 fructum
1915 3864 1977 3923 in
2025 3865 2491 3924 emendationem

245 3970 425 4033 Plinii
459 3976 931 4035 redundaturum
958 3976 1281 4051 sperabam,
1327 3993 1460 4034 cum
1489 3991 1621 4032 eam
1649 3990 1850 4031 curam
1877 3972 2278 4051 impenderim,
2315 3983 2492 4033 erunt

246 4084 348 4159 qui
387 4084 670 4144 mirentur
710 4087 994 4148 Vincentii
1018 4086 1436 4145 Bellovaceneis
1475 4081 1713 4158 specula
1752 4100 1791 4140 a
1826 4100 1920 4140 me
1958 4101 2075 4142 non
2114 4102 2242 4143 esse
2282 4083 2343 4141 in
2382 4102 2488 4143 au-

248 4192 454 4252 xilium
494 4203 734 4267 vocata,
787 4195 1003 4271 quippe
1045 4212 1197 4270 quae
1232 4192 1415 4252 Plinii
1453 4192 1872 4251 emendationis
1911 4193 2326 4270 gravissimum
2361 4210 2490 4253 esse
