2961 4861
1261 373 1641 416 PRAEFATIO.
2390 376 2583 419 XXVII

335 524 532 584 Semel
573 524 747 583 etiam
784 519 921 604 (11.
950 543 1003 583 c.
1033 519 1138 583 37.
1169 529 1200 595 ξ
1232 520 1410 604 186.)
1438 524 1852 601 Dalecampius
1880 522 2147 597 „meum”
2188 527 2406 599 attulit,
2435 535 2497 586 et
2520 527 2584 586 in

332 635 547 692 horum
587 634 852 693 codicum
899 653 1146 693 numero
1185 637 1603 710 deflorationem
1639 636 1875 696 Roberti
1918 637 2372 696 Crikeladensis·
2398 635 2583 695 fuisse

330 743 488 802 inira
516 745 757 814 docebo,
788 743 890 802 ubi
915 744 988 802 de
1015 744 1128 802 hac
1158 743 1411 820 epitome
1437 752 1668 818 agetur.
1712 743 2094 824 Cuiacianum
2122 745 2378 804 codicem
2404 745 2583 803 etiam

332 853 386 912 I.
425 854 478 912 I.
520 852 786 927 Scaliger
821 853 884 911 in
928 853 1230 929 opusculis
1266 873 1328 930 p.
1373 850 1473 912 17.
1515 861 1576 912 et
1602 848 1708 913 23.
1737 854 1813 912 ad
1845 848 1947 925 13,
1981 849 2106 925 69„
2135 874 2198 930 p.
2229 849 2336 914 38.
2364 853 2440 912 ad
2475 846 2579 924 13,

337 958 465 1033 74„
494 981 555 1037 p.
581 957 684 1041 40.
719 963 797 1020 ad
821 957 924 1034 13,
951 960 1076 1035 77.,
1109 981 1171 1039 p.
1193 958 1300 1022 45.
1321 963 1398 1021 ad
1424 958 1525 1035 13,
1553 958 1676 1034 78.,
1698 981 1760 1039 p.
1785 958 1891 1021 46.
1914 964 1990 1021 ad
2016 958 2119 1035 13,
2145 959 2270 1034 79.,
2293 980 2354 1039 p.
2375 959 2483 1022 49.
2505 963 2581 1021 ad

337 1067 596 1144 13580„
627 1092 688 1147 p.
720 1066 823 1131 52.
852 1072 932 1130 ad
962 1067 1065 1143 13,
1095 1067 1199 1132 81.
1229 1071 1451 1131 laudat.
1516 1071 1684 1131 Inter
1719 1072 1829 1131 hos
1855 1073 2039 1132 libros
2067 1082 2264 1132 tamen
2289 1090 2433 1131 mss.
2462 1089 2582 1130 non

332 1181 526 1240 solum
547 1181 755 1256 pretio,
781 1198 992 1239 verum
1013 1181 1186 1239 etiam
1215 1181 1381 1257 copia
1400 1182 1717 1240 lectionum
1739 1190 2145 1258 excerptorum
2168 1183 2394 1257 primus
2412 1181 2582 1240 locus

330 1278 677 1349 tribuendus
710 1288 1057 1365 Chiffletiano
1087 1285 1119 1370 (
1123 1283 1200 1366 Θ)
1230 1290 1561 1349 accuratius
1587 1291 1649 1350 iu
1675 1291 1970 1368 prioribus
1999 1309 2177 1366 quam
2203 1292 2263 1350 in
2290 1291 2582 1367 posterio-

329 1400 495 1458 ribus
522 1399 688 1457 h’bris
716 1398 951 1458 collato.
995 1400 1113 1459 Hic
1137 1400 1287 1459 liber
1316 1400 1807 1475 „antiquissimus
1835 1409 1895 1460 et
1921 1396 2307 1460 sanissimus’'
2349 1399 2581 1458 Vezon-

330 1507 398 1566 tii
423 1509 855 1582 asservabatur,
886 1517 946 1567 et
970 1508 1024 1567 I.
1052 1509 1156 1568 Fr.
1189 1507 1527 1569 Gronovius
1553 1510 1619 1568 in
1645 1510 1897 1586 epistola
1916 1504 2183 1569 dedicata
2200 1512 2277 1569 ad
2295 1509 2583 1569 Ioannem

329 1615 718 1694 Capelianum
745 1638 805 1694 p.
840 1613 985 1678 765.
1014 1618 1128 1677 ait:
1157 1617 1318 1693 „hae
1342 1620 1722 1678 membranae
1749 1620 1901 1677 inter
1927 1627 2202 1678 exaratos
2239 1638 2423 1678 manu
2448 1618 2582 1678 Pli-

328 1726 455 1785 nios
468 1769 488 1798 ,
529 1735 819 1802 quotquot
857 1727 1051 1788 adhuc
1089 1728 1337 1786 collatos
1379 1729 1714 1804 accepimus
1729 1769 1746 1799 ‚
1800 1727 2084 1785 familiam
2121 1724 2405 1787 ducunt.”
2480 1727 2585 1786 Ad

328 1834 576 1893 XXXI.
615 1831 677 1894 3.
715 1855 852 1894 eum
890 1836 1150 1895 omnium
1187 1837 1382 1894 adhuc
1424 1843 1814 1895 tractatorum
1852 1814 2138 1912 optimum
2179 1837 2345 1908 dicit,
2393 1854 2430 1894 a
2465 1852 2586 1910 quo

333 1937 610 2024 (miscell.
629 1965 713 2020 ,p.
757 1939 938 2024 842.)
977 1962 1096 2002 non
1135 1944 1313 2003 facile
1349 1946 1738 2004 recedendum
1780 1963 1924 2005 esse.
1980 1943 2227 2021 Semper
2255 1963 2391 2004 eum
2419 1944 2587 2004 exhi·

327 2055 471 2112 bere
503 2056 845 2113 inlustratus
877 2060 1085 2112 narrat
1107 2053 1450 2132 Dalecamp.
1488 2056 1565 2113 ad
1587 2050 1646 2113 3.
1673 2051 1883 2128 §ll7.‚
1908 2058 2159 2114 tramitte
2178 2056 2255 2114 ad
2274 2052 2337 2115 4.
2363 2052 2582 2127 §111.,

327 2165 431 2222 sub
460 2165 563 2222 diu
588 2181 700 2239 pro
729 2164 830 2222 sub
859 2165 955 2222 dio
982 2165 1059 2222 ad
1089 2168 1119 2234 ξ
1145 2160 1288 2224 145.
1331 2165 1493 2223 Illud
1522 2163 1813 2225 Gronovii
1836 2165 2117 2225 iudicium
2145 2173 2214 2241 ut
2240 2185 2447 2225 verum
2472 2164 2584 2225 fuit

324 2273 432 2330 illa
459 2282 668 2344 aetate,
700 2273 785 2330 ita
812 2291 989 2345 nunc,
1020 2275 1127 2333 ubi
1156 2275 1324 2333 codd.
1354 2272 1658 2333 Leidensis
1674 2316 1694 2347 ‚
1734 2274 2060 2334 Vossianus
2071 2316 2091 2347 ‚
2133 2276 2582 2346 Riccardianus,

330 2382 684 2442 Parisiensis
703 2402 763 2455 a,
793 2391 1155 2454 anteomnes
1185 2383 1638 2458 Bambergensis
1662 2393 1804 2443 sunt
1822 2384 2045 2458 collati,
2069 2403 2146 2444 ex
2161 2392 2331 2462 parte
2348 2390 2583 2443 tantum

330 2493 572 2568 probari
598 2492 833 2569 poterit,
866 2501 927 2550 et
951 2471 1110 2552 recte
1136 2492 1486 2552 Harduinus
1516 2512 1651 2552 eum
1680 2513 1813 2553 cum
1840 2491 2171 2552 Parisiensi
2198 2495 2238 2551 d
2269 2512 2579 2570 compara-

329 2602 416 2660 vit
429 2643 448 2674 ,
479 2581 614 2659 cum
642 2621 761 2677 quo
788 2601 1088 2677 permulta
1127 2604 1306 2662 habet
1342 2603 1707 2675 communia,
1747 2620 2103 2679 quamquam
2145 2602 2428 2662 nonnulla
2469 2603 2582 2662 sibi

325 2707 581 2787 propria..
658 2712 748 2772 Ut
780 2710 1261 2788 interpolationes
1276 2754 1296 2783 ,
1338 2730 1491 2788 quae
1530 2731 1651 2771 non
1686 2731 1910 2789 paucae
1953 2714 2013 2772 in
2070 2732 2140 2773 eo
2177 2713 2577 2784 inveniuntur,

326 2821 608 2892 omittam,
638 2821 803 2879 solus
830 2821 1056 2899 aliquot
1080 2822 1140 2882 in
1166 2822 1310 2881 locis
1338 2840 1546 2883 veram
1572 2823 1883 2882 lectionem
1920 2822 2103 2882 habet
2117 2865 2133 2896 ‚
2150 2841 2416 2898 quorum
2446 2823 2579 2881 exi-

321 2930 504 2988 mium
530 2929 873 3006 exemplum
902 2931 1123 3008 legitur
1151 2928 1214 3004 2,
1248 2928 1372 3006 16..
1403 2933 1509 2991 ubi
1537 2952 1671 2991 cum
1700 2952 1909 2993 omnes
1939 2934 2109 2992 codd.
2142 2941 2201 2991 et
2237 2932 2372 2991 edd.
2411 2933 2578 2991 exhi-

326 3040 505 3098 beant
551 3041 869 3117 pessimam
928 3042 1446 3119 interpolationem
1497 3046 1694 3101 iurant
1739 3063 1847 3118 per
1884 3040 2107 3119 fetidos
2134 3041 2307 3100 'cibos
2357 3052 2410 3100 et
2454 3043 2578 3099 alefa

321 3153 555 3222 similia,
594 3151 656 3209 in
696 3143 745 3208 Θ
786 3151 1008 3225 legitur
1046 3155 1244 3210 iurant
1273 3170 1387 3228 per
1411 3153 1669 3227 foetidas
1710 3169 1914 3227 cepas,
1952 3152 2071 3208 alia
2114 3143 2187 3230 (i.
2231 3167 2284 3208 e.
2325 3148 2494 3225 allia)
2523 3160 2577 3210 et

323 3262 534 3319 similia
546 3284 568 3328 ‚-
609 3279 729 3319 non
769 3269 858 3319 est
885 3262 1046 3336 quod
1074 3260 1386 3336 explicem,
1419 3258 1578 3315 unde
1606 3258 1713 3316 illa
1740 3258 2116 3334 interpolatio
2144 3259 2220 3318 sit
2247 3268 2396 3318 orta.
2425 3257 2573 3320 ·Iam

317 3378 555 3448 praeter
602 3370 797 3428 varias
846 3369 1122 3428 lectiones
1172 3388 1207 3425 e
1257 3387 1365 3427 sex
1409 3368 1528 3426 illis
1578 3367 1917 3427 nominatim
1966 3368 2228 3427 laudatis
2276 3368 2571 3428 codicibus

322 3486 627 3553 excerptas
655 3479 1069 3554 Dalecampius
1098 3477 1454 3555 marginibus
1487 3478 1754 3537 editionis
1798 3498 1943 3537 suae
1981 3480 2306 3539 maximam
2343 3479 2571 3556 copiam

319 3587 573 3646 aliarum
600 3586 911 3646 lectionum
939 3588 1264 3665 adscripsit,
1305 3606 1455 3664 quas
1485 3588 1653 3664 siglis
1681 3592 1793 3661 M„
1832 3592 2022 3663 Man„
2064 3592 2286 3662 Mans„
2316 3592 2572 3659 Mansa,

318 3700 440 3757 Ms.
471 3699 640 3756 Man.
670 3716 887 3773 coeemp.
917 3699 1014 3756 vel
1054 3700 1144 3769 V·.‚
1187 3699 1330 3770 Vct„
1372 3700 1611 3771 Vetust„
1654 3701 1773 3760 Vet.
1803 3702 1926 3758 cod.
1956 3700 2183 3758 notavit
2210 3699 2357 3757 etin
2383 3698 2571 3758 indice

318 3807 713 3868 subsidiorum
761 3807 995 3866 editioni
1049 3809 1369 3883 praemisso
1406 3827 1485 3867 ex
1522 3808 1977 3886 ‚Manusoripto
2015 3810 2114 3867 vel
2148 3809 2568 3885 Manuscriptis

318 3918 784 3995 exemplaribus”
832 3927 939 3977 aut
987 3919 1271 3991 „Vetera
1320 3901 1662 3991 Veteribus,
1713 3918 2010 3990 Vetustis,
2058 3917 2276 3977 Vetere
2295 3914 2565 3978 .eodice’'

317 4027 564 4088 haustas
590 4047 719 4088 esse
745 4029 910 4088 dixit.
957 4026 1122 4102 Quas
1149 4028 1426 4087 lectiones
1456 4043 1592 4087 cum
1617 4026 1965 4088 Harduinus
2001 4028 2062 4087 in
2088 4029 2452 4106 praefatione
2487 4030 2565 4088 ad

316 4137 565 4198 alteram
615 4157 783 4199 suam
837 4140 1152 4199 editionem
1191 4157 1310 4197 non
1346 4131 1509 4197 aliud
1552 4137 1661 4208 sibi
1708 4138 1899 4199 videri
1949 4138 2332 4210 affirmasset,
2383 4157 2562 4213 quam

319 4250 534 4308 eruditi
561 4250 884 4327 cuiuspiam
912 4252 1084 4310 unius
1112 4249 1437 4310 alteriusve
1462 4249 1539 4309 ad
1568 4266 1742 4309 oram
1772 4249 1908 4311 libri
1933 4250 2233 4327 appositas
2264 4248 2562 4310 coniectu·
