2961 4861
334 281 455 342 296
1038 296 1443 341 NATURAms
1491 297 1881 342 russorum:

332 458 546 512 autem
599 471 636 509 a
688 446 956 515 Piraeeo
1010 445 1503 511 Atheniensium
1552 456 1746 530 portu
1800 468 1890 508 xx
1933 467 1982 506 M
2030 468 2095 531 p.
2151 445 2364 523 abest,
2422 462 2572 512 ante

334 546 602 613 Oenone
633 547 930 612 vocitata.
979 543 1247 631 Spiraeo
1276 547 1708 631 promontorio
1737 545 2031 610 obiacent
2052 544 2311 627 Eleusa,
2345 547 2576 613 Aden-

333 650 513 727 drOS,
575 646 897 733 Craugiae
943 647 1142 724 duae,
1194 643 1471 711 Caeciae
1517 648 1717 724 duae,
1767 645 2150 725 Selachusa,
2200 645 2576 726 Cenchreis,

331 750 557 836 Aspis,
604 748 701 813 uti
746 759 812 813 et
851 749 920 811 in
948 746 1282 833 Megarico
1323 748 1466 810 sinu
1510 747 1913 813 Methurides
1942 771 2030 811 1v.
2097 748 2335 834 Aegila
2361 759 2577 813 autem

332 874 423 915 xv
474 875 536 914 M·
575 874 641 935 p.
700 873 739 912 a
792 847 1077 933 Cythera
1131 849 1484 931 eademque
1538 872 1577 912 a
1624 847 1860 913 Cretae
1904 848 2301 913 Phalasarna
2340 850 2579 936 oppido

333 974 469 1015 xxv
511 951 641 1014 mil.
686 970 1012 1035 passuum.
2266 998 2267 1001 ,

419 1051 521 1115 20.
567 1049 721 1136 Ipsa
752 1047 949 1114 Creta
992 1050 1192 1113 altero
1235 1050 1435 1116 latere
1480 1051 1564 1113 ad
1608 1061 1917 1127 austrum,
1965 1051 2166 1115 alt-ero
2203 1050 2288 1113 ad
2308 1061 2580 1136 septen-
2610 1074 2682 1119 58

337 1152 610 1216 trionem
665 1172 851 1215 versa
912 1151 1082 1233 inter
1134 1161 1343 1214 ortum
1409 1173 1836 1235 occasumque
1901 1151 2256 1237 porrigitur
2323 1163 2584 1217 centum

335 1253 594 1318 urbium
637 1252 809 1318 clara
851 1252 1042 1315 fama.
1107 1250 1430 1316 Dosiades
1477 1274 1619 1316 eam
1662 1274 1701 1314 a
1746 1248 1940 1315 Crete
1994 1251 2279 1336 nympha
2320 1252 2582 1338 Hespe-

335 1355 495 1420 ridis
535 1354 687 1432 filia,
732 1353 1218 1417 Anaximander
1254 1376 1300 1422 a
1341 1374 1496 1439 rege
1547 1349 1889 1429 Curetum,
1925 1350 2301 1417 Philistides
2344 1352 2582 1421 Mallo-

338 1466 434 1520 tes
481 1502 655 1518 ......
707 1450 934 1517 Crates
976 1451 1256 1537 primum
1293 1451 1558 1516 Aeriam
1602 1451 1861 1528 dictam,
1908 1451 2140 1516 deinde
2182 1464 2410 1538 postea
2442 1452 2582 1519 Cu..

336 1553 545 1632 retim,
593 1564 659 1618 et
683 1552 998 1617 Macaron
1041 1552 1329 1616 nonnulli
1373 1574 1412 1614 a
1457 1551 1766 1635 temperie
1811 1551 1968 1615 caeli
2012 1553 2397 1637 appellatam
2440 1555 2584 1619 exi-

340 1667 718 1721 stumavere.
762 1651 1139 1729 L'atitudine
1183 1674 1499 1735 nusquam
1543 1651 2012 1737 quinquaginta
2053 1675 2103 1715 Μ
2131 1676 2207 1738 P·
2255 1656 2580 1722 excedens

341 1769 407 1823 et
461 1759 629 1821 circa
680 1754 958 1819 mediam
1017 1752 1115 1817 sui
1169 1762 1421 1836 partem
1474 1774 1773 1816 maxume
1827 1762 2056 1837 patens
2113 1753 2581 1840 longitudinem

338 1860 546 1943 inplet
588 1879 800 1920 ccnxx
841 1878 891 1918 M
931 1844 1269 1939 passuum,
1318 1852 1655 1917 circuitum
1696 1874 1996 1915 DLxxm
2010 1901 2028 1930 ,
2073 1852 2467 1938 flectensque
2510 1880 2583 1923 se

342 1959 411 2020 in
460 1954 792 2021 Creticum
844 1955 1114 2040 pelagus
1165 1952 1245 2017 ab
1301 1975 1376 2016 ea
1427 1953 1704 2028 dictum,
1764 1974 1891 2035 qua
1940 1952 2317 2039 longissima
2361 1967 2461 2021 est
2502 1958 2587 2022 ad

409 2181 614 2241 Piraae‚
652 2179 717 2228 A.
772 2177 934 2238 Piseo,
960 2178 1022 2226 Β.
1063 2216 1123 2224 -
1180 2172 1315 2233 XX,
1351 2174 1460 2223 ΒΑ
1478 2165 1576 2221 OT
1588 2175 1635 2221 d.
1688 2172 1884 2232 XXX,
1919 2188 2005 2235 ar.
2061 2174 2203 2237 XII,
2227 2173 2285 2236 β.
2342 2218 2405 2227 ..
2459 2191 2588 2242 ante,

343 2265 443 2298 om.
486 2249 555 2298 A.
606 2288 667 2297 -.
721 2246 929 2305 Oenone,
961 2246 1170 2293 Barbar.
1189 2290 1192 2293 ,
1212 2243 1339 2302 Ad„
1391 2240 1609 2297 Oenunc,
1653 2241 1716 2288 Β.
1796 2240 2039 2303 Oenopia,
2080 2243 2145 2291 K.
2202 2284 2263 2292 -
2317 2245 2494 2308 Pireo,
2536 2252 2588 2298 d.

350 2315 546 2377 Clausa,
589 2316 657 2364 A.
717 2354 778 2362 .-
831 2311 1117 2370 Adendros,
1150 2310 1257 2359 Aa.
1311 2307 1560 2367 Thendos,
1597 2308 1660 2356 Β.
1704 2307 1959 2368 Dendros,
1994 2303 2092 2370 dss.
2143 2349 2206 2358 ....
2251 2311 2384 2362 Grau
2419 2315 2512 2375 iae,
2538 2319 2587 2365 d.

349 2383 605 2445 Crauciae,
622 2382 690 2433 A.
736 2379 1007 2448 Grauqiae,
1031 2381 1122 2429 ΒΞ.
1167 2375 1407 2442 Gauyiae,
1433 2376 1522 2424 R'-
1549 2414 1610 2422 -
1658 2373 1880 2435 Caeciae,
1905 2376 2030 2424 ΒΑ.
2066 2376 2334 2438 Acaeciae,
2368 2330 2424 2429 ὅ.
2458 2382 2589 2433 Ace-

339 2455 462 2514 ciae,
487 2454 590 2503 Td.
611 2494 672 2500 -.-
702 2448 993 2509 Selachusa,
1010 2449 1218 2496 Barbar.
1246 2444 1496 2504 Selacosa,
1514 2442 1622 2492 Aa.
1648 2441 1862 2504 Selacos,
1880 2445 1943 2492 Β.
1969 2443 2249 2496 durseracos
2269 2449 2341 2498 ad
2362 2449 2435 2510 ia,
2455 2453 2503 2501 d.
2523 2492 2588 2500 ..-

349 2518 613 2580 Cenchreis,
638 2519 686 2567 R
711 2517 883 2580 (codd.
907 2513 1161 2577 Barbari.)
1205 2512 1440 2572 Cenchreis,
1466 2514 1513 2561 d.
1552 2511 1866 2571 dacenchrus,
1891 2512 1958 2560 A.
1998 2552 2060 2560 -
2104 2513 2267 2578 Aspis,
2292 2517 2499 2566 Barbar.
2526 2521 2589 2568 Β.

343 2586 536 2651 Saspis,
559 2588 670 2636 Aa.
716 2584 858 2646 Apis,
882 2587 929 2632 d.
957 2624 1019 2631 -
1045 2582 1131 2642 uti,
1156 2584 1228 2630 ita
1249 2597 1345 2629 nos
1370 2581 1673 2643 scripsimus.
1726 2577 1850 2638 VII,
1877 2579 2042 2628 RAd.
2080 2577 2221 2642 Sunt,
2246 2577 2289 2643 β
2297 2597 2347 2647 γ.
2375 2624 2437 2633 ....
2474 2584 2588 2635 Me-

345 2651 575 2713 thurides,
600 2655 648 2701 d.
687 2648 1009 2710 Methudires,
1033 2650 1099 2698 A.
1146 2645 1493 2705 Methurides,
1527 2649 1590 2699 Β.
1635 2644 1944 2704 Εἰήνιινίᾱεε,
1970 2647 2076 2696 Τσ.
2115 2687 2177 2696 ....
2221 2649 2423 2715 Aeyila,
2457 2653 2588 2701 Bar..

342 2724 447 2770 bar.
470 2721 637 2769 RAd.
699 2717 877 2781 Eyyla,
902 2717 965 2765 T.
1009 2715 1283 2779 Aeqialwn,
1317 2707 1372 2763 θ.
1418 2713 1666 2778 Aeyialia,
1699 2715 1764 2763 K.
1811 2713 2008 2777 Aeqlia,
2039 2709 2199 2774 15&-
2237 2733 2286 2778 a,
2312 2733 2416 2766 om.
2443 2722 2490 2768 d.
2522 2759 2585 2768 -.

351 2786 573 2851 Cythera,
604 2786 814 2834 Barbar.
839 2786 947 2832 Rd.
991 2780 1257 2842 Chuthara,
1281 2782 1347 2830 A.
1388 2822 1450 2830 ...
1489 2781 1752 2843 eidemqae,
1777 2782 1842 2831 Β.
1880 2821 1943 2828 -
1980 2780 2285 2850 Palasarna,
2311 2787 2376 2834 Β.

412 2853 441 2914 ξ
470 2860 548 2903 58.
585 2852 725 2917 Ipsa,
750 2852 854 2900 Rd.
891 2851 954 2911 A,
978 2850 1048 2900 A.
1083 2888 1130 2898 ...
1180 2848 1325 2910 Crete,
1351 2851 1414 2898 Β.
1445 2890 1508 2898 -.
1539 2849 1697 2898 altera
1722 2847 1891 2908 latere,
1915 2848 1984 2897 A.
2016 2889 2080 2897 ....
2113 2866 2273 2912 versa,
2301 2868 2403 2903 om.
2430 2865 2481 2902 o.
2522 2895 2584 2903 ..-

344 2931 515 2982 ortum,
542 2921 705 2970 omitt.
732 2921 835 2969 Rd.
876 2960 939 2967 .-
976 2928 1020 2968 et
1042 2934 1259 2968 occasum
1287 2931 1428 2979 quae,
1454 2931 1501 2964 σ.
1541 2958 1604 2966 -
1641 2934 1744 2966 eam
1771 2933 1819 2977 a,
1844 2917 1954 2965 Ad.
2001 2933 2027 2965 ο
2052 2934 2180 2977 ama,
2205 2920 2294 2969 R'.
2340 2937 2469 2983 ama,
2494 2925 2585 2973 R2.

344 3031 407 3038 -
441 2989 603 3050 Creta,
626 2984 685 3049 β.
714 3028 775 3036 -
802 2984 1260 3049 Hesperidisfilia,·
1282 2985 1409 3034 haec
1432 2986 1584 3034 verba
1608 2984 1821 3034 Salmas.
1847 2998 2010 3032 exerc.
2037 2999 2086 3047 p.
2116 2990 2227 3037 119.
2252 3002 2297 3036 a.
2321 2988 2408 3049 A„
2433 3004 2585 3051 quem

343 3059 509 3118 tacite,
534 3066 591 3106 ut
616 3058 762 3116 solct,
790 3056 1033 3118 compilat
1055 3055 1229 3115 Hard.,
1255 3055 1320 3102 ad
1343 3050 1747 3112 Anaximander,
1782 3052 1857 3099 uti
1889 3052 2041 3100 verba
2065 3068 2099 3100 a
2123 3068 2230 3116 reqe
2269 3052 2485 3106 Curetum
2520 3059 2583 3106 ad

342 3123 632 3175 Philistides
653 3124 824 3174 trahit.
863 3123 963 3173 Sed
986 3123 1097 3187 ipsa
1120 3122 1211 3169 illa
1235 3122 1297 3169 de
1321 3120 1503 3183 quibus
1528 3121 1724 3182 agimus
1757 3121 1909 3168 verba
1940 3133 2030 3181 per
2053 3133 2106 3167 se
2129 3129 2356 3183 spectata
2379 3126 2585 3187 apposi-
2624 3169 2635 3177 ,

341 3193 532 3241 tionem
555 3194 779 3255 priorum
806 3206 914 3240 esse
938 3197 1161 3253 apparet,
1187 3191 1325 3251 quod
1348 3191 1498 3238 docet
1520 3189 1739 3251 primum
1763 3188 1950 3236 omissa
1970 3189 2280 3250 praepositio
2306 3191 2382 3251 ab,
2406 3192 2587 3240 deinde

341 3274 532 3307 nomen
557 3259 693 3306 illius
716 3259 850 3306 filiae
876 3259 1134 3318 omissum,
1162 3259 1300 3319 quod
1321 3257 1410 3305 vix
1434 3257 1573 3305 aliud
1598 3270 1706 3305 esse
1730 3256 1898 3318 potuit
1930 3269 2083 3316 quam
2122 3253 2272 3306 Crete.
2313 3259 2448 3307 Hinc
2481 3272 2585 3320 ego

343 3327 396 3373 in
413 3326 491 3373 his
509 3326 671 3372 verbis
690 3325 939 3373 nonnulla
954 3326 1158 3387 periisse
1176 3325 1430 3384 existimO,
1449 3339 1580 3385 quae
1597 3338 1730 3387 pone
1753 3320 1987 3371 Mallotes
2007 3322 2319 3384 legebantur,
2342 3327 2405 3374 ad
2429 3340 2586 3389 quam

345 3391 639 3454 opinionem
664 3392 908 3439 adductus
935 3406 1063 3450 sum,
1099 3392 1238 3453 quod
1261 3389 1452 3441 Crateti
1476 3405 1680 3453 quoque
1705 3404 1992 3452 cognomen
2014 3391 2259 3441 Mallotes
2291 3392 2404 3442 fuit.
2458 3394 2585 3442 Idco

343 3466 463 3522 post
486 3455 721 3507 Mallotes
744 3458 943 3518 signum
967 3459 1180 3506 lacunae
1211 3460 1378 3520 posui,
1404 3473 1463 3506 ea
1487 3458 1590 3506 fere
1616 3459 1780 3507 deleta
1804 3458 2114 3517 existimans,
2140 3474 2270 3521 qnae
2292 3461 2585 3511 Philistides

344 3529 410 3576 de
430 3526 623 3588 origine
646 3525 866 3574 nominis
890 3525 1086 3573 insulae
1121 3524 1301 3574 Cretae
1335 3533 1705 3574 commentatus
1740 3534 1861 3585 erat,
1896 3526 2078 3590 quibus
2111 3529 2353 3590 expositis
2386 3529 2584 3578 Plinius

347 3594 564 3644 fortasse
589 3594 875 3657 scripserat:
912 3591 1034 3640 idem
1074 3590 1309 3641 Mallotes
1357 3591 1542 3641 Crates.
1599 3592 1837 3642 Ceterum
1875 3608 1969 3656 pro
2002 3592 2289 3657 Hesperidis
2328 3596 2584 3646 Barbarus

343 3660 555 3725 Hesperi
574 3661 804 3710 coniecit.
840 3658 1143 3722 Desperidis,
1168 3659 1231 3709 Β.
1270 3699 1333 3707 .-
1377 3658 1641 3721 Curetlzam,
1665 3661 1730 3710 Β.
1782 3701 1842 3708 -
1887 3661 2041 3721 moles,
2067 3662 2237 3711 RAd.
2282 3661 2586 3722 Meleseates,

342 3731 475 3779 Rob.
510 3769 571 3777 -.
616 3727 805 3786 Otaces,
829 3729 891 3776 Β.
936 3726 1118 3787 Cartes,
1144 3741 1326 3790 operae
1347 3728 1547 3776 Broter.
1574 3728 1688 3778 Om.
1714 3728 1845 3777 Rob.
1886 3768 1947 3776 -
2001 3727 2225 3790 Curetim,
2249 3732 2381 3779 Rob.
2435 3728 2584 3780 Cure-

345 3796 477 3857 tinie,
502 3796 563 3844 Β.
626 3793 839 3856 Gur-etin,
864 3796 957 3844 Ad
969 3789 1013 3854 β
1023 3808 1071 3858 r.
1128 3835 1190 3842 -.
1245 3792 1381 3855 nulli,
1406 3809 1452 3842 σ.
1509 3834 1571 3843 ..
1626 3812 1673 3856 a,
1698 3796 1810 3845 Ad.
1846 3795 2022 3845 Omitt.
2047 3798 2205 3861 Βσγ.
2251 3806 2426 3859 autem,
2451 3799 2582 3847 Rob.

344 3864 501 3923 etiam,
528 3864 686 3914 Solin.
717 3870 795 3923 11,
822 3870 886 3923 4.,
913 3863 999 3926 qni
1023 3871 1079 3911 ut
1101 3863 1336 3912 Martian.
1375 3869 1420 3922 6,
1456 3868 1570 3912 659.
1607 3878 1699 3912 sua
1731 3878 1797 3911 ex
1826 3865 1876 3911 h.
1904 3864 1937 3912 l.
1965 3865 2150 3914 hausit.
2189 3906 2251 3913 -.
2290 3873 2508 3930 tempore,
2532 3878 2581 3913 σ.

345 3970 408 3979 -
447 3928 756 3995 appellatam,
779 3932 845 3979 A.
884 3928 1176 3995 appellatae,
1202 3931 1266 3980 Β.
1303 3931 1557 3994 appellate,
1583 3934 1630 3980 (1.
1667 3928 1990 3993 appellavere,
2016 3933 2079 3981 Κ.
2130 3973 2191 3981 ...
2229 3932 2581 3992 existimavere,

345 4013 447 4046 om.
471 3999 536 4047 K.
574 3998 871 4059 estimavere,
897 3999 1029 4047 Rob.
1059 4039 1120 4046 .-.
1149 3995 1507 4062 ῑοηρίᾱιᾰίηεηι,
1532 3998 1642 4048 ΒΑ
1662 3991 1761 4046 θᾶ.
1793 3996 2105 4063 lonyitudine,
2124 3995 2182 4060 β.
2219 4042 2281 4050 ..-
2319 4000 2581 4060 οἰνοαίωηπ,

343 4066 490 4114 codd.
524 4065 680 4114 Hard.
735 4067 950 4125 circuitu,
984 4061 1203 4125 RAdss.
1260 4106 1321 4114 -
1377 4064 1780 4125 DLXXXIX‚
1805 4066 1913 4114 Rd.
1965 4066 2306 4128 LXXXIX,
2330 4068 2397 4118 A.
2451 4063 2581 4116 mille

380 4132 631 4194 uinqentos
652 4131 990 4192 LXXXIX,
1014 4150 1052 4181 r.
1094 4173 1153 4181 -
1186 4133 1557 4196 promontorium
1582 4131 1917 4193 Sammonimn,
1960 4132 2128 4184 RAd.
2192 4132 2371 4186 Samm.
2410 4151 2579 4199 prom..

396 4211 446 4262 γ.
488 4238 548 4245 .-
594 4197 965 4262 Οῆνίιιηιετοροη,
992 4201 1056 4248 A.
1103 4198 1448 4264 Chiametopon,
1474 4201 1537 4249 Β.
1584 4199 1939 4263 ΊῚιίιιηιείοροη,
1965 4203 2011 4250 d.
