2961 4861
1026 320 1169 367 Lm.
1202 321 1272 365 v,
1329 319 1484 366 car.
1517 320 1564 366 1.
1624 317 1818 365 sacr.
1853 320 1889 361 ι.
2467 298 2592 363 335

347 485 470 552 tos,
511 471 751 537 flumen
791 468 1142 549 Masathat,
1186 468 1426 536 flumen
1461 468 1669 535 Darat
1708 467 1777 532 in
1816 487 1949 551 quo
1992 466 2347 534 crocodilos
2389 468 2589 555 gigni.

343 573 523 639 Dein
582 570 796 637 sinum
847 591 1046 635 noxvr
1087 592 1138 635 κ
1184 593 1250 656 p.
1309 568 1553 635 includi
1607 566 1841 634 montis
1895 564 2107 632 Barce
2162 568 2594 653 promontorio
2624 592 2689 637 10

348 682 730 740 excurrente
770 672 840 736 in
880 693 1178 739 occasum
1194 718 1215 749 ,
1262 669 1436 754 quod
1476 667 1839 754 appelletur
1882 663 2324 747 Surrentium3
2368 679 2596 755 postea
2616 658 2633 669 “

343 773 586 838 flumen
630 769 893 837 Salsum
908 818 928 849 ,
987 771 1156 836 ultra
1207 769 1381 853 quod
1428 768 1797 855 Aethiopas
1834 766 2147 834 Perorsos
2164 817 2183 847 ,
2243 790 2517 853 quorum
2557 792 2597 832 a

349 886 537 963 tergo
594 873 989 950 Pharusios;
1055 871 1136 937 iis
1198 871 1381 959 iungi
1433 870 1936 936 mediterraneos
1996 868 2311 937 Gaetulos
2364 869 2597 936 Daras.

345 977 447 1041 At
486 975 556 1040 in
599 996 712 1040 ora
754 972 1113 1059 Aethiopas
1154 971 1507 1048 Daratitas‚
1549 969 1789 1037 flumen
1829 970 2219 1037 Bambotum
2261 970 2600 1037 crocodilis

351 1087 419 1142 et
445 1074 925 1161 hippopotamis
953 1073 1282 1138 refertum.
1324 1071 1436 1137 Ab
1483 1093 1560 1135 eo
1601 1070 1836 1135 montis
1879 1082 2227 1156 perpetuos
2269 1093 2477 1156 usque
2516 1071 2600 1137 ad

353 1201 501 1243 eum
533 1196 727 1259 quem
755 1173 980 1239 Theon
1007 1173 1271 1239 ochema
1299 1173 1608 1266 dicemus,
1638 1171 1790 1235 inde
1818 1171 1904 1235 ad
1930 1174 2435 1256 promontorium
2453 1172 2597 1239 He-

357 1277 643 1364 sperium
670 1273 1079 1361 navigatione
1109 1272 1359 1338 dierum
1386 1295 1462 1336 ac
1489 1271 1779 1336 noctium
1820 1293 1897 1349 κς
1941 1272 2009 1335 in
2036 1272 2248 1338 medio
2287 1294 2364 1337 eo
2394 1274 2600 1359 spatio

358 1378 695 1443 Atlantem
749 1374 988 1439 locavit
1041 1373 1275 1439 ceteris
1329 1372 1627 1438 omnibus
1681 1372 1751 1435 in
1809 1372 2110 1446 extremis
2154 1371 2601 1440 Mauretaniae

307 1508 308 1511 ¹
354 1477 702 1563 proditum.
744 1473 1038 1539 Romana
1079 1494 1259 1537 arma
1298 1472 1579 1557 primum
1608 1469 1882 1536 Claudio
1912 1472 2206 1563 principe
2232 1473 2303 1536 in
2329 1471 2598 1538 Maure-
2629 1496 2686 1540 11

355 1578 531 1641 tania
571 1576 911 1652 bellavere,
954 1572 1400 1637 Ptolemaeum
1441 1592 1664 1658 regem
1703 1593 1742 1634 a
1772 1567 1939 1636 Gaio
1973 1568 2253 1638 Caesare
2294 1575 2598 1639 interem-

358 1687 544 1763 ptum
586 1675 933 1757 ulciscente
970 1673 1201 1739 liberto
1230 1670 1628 1748 Aedemone,
1672 1671 2274 1757 refugientibusque
2312 1673 2601 1739 barbaris

348 1787 615 1843 ventum
668 1785 919 1841 constat
962 1774 1048 1839 ad
1087 1783 1370 1839 montem
1411 1771 1766 1836 Atlantem.
1831 1770 1896 1835 N
1895 1794 1973 1837 ec
2015 1774 2222 1838 solum
2263 1774 2601 1839 consulatu

351 1878 713 1966 perfunctis
740 1886 937 1959 atque
979 1896 1015 1939 e
1059 1883 1287 1939 senatu
1330 1872 1625 1951 ducibus,
1671 1871 1785 1957 qui
1829 1883 1965 1936 tum
2007 1895 2111 1938 res
2154 1895 2438 1961 gessere,
2484 1877 2600 1940 sed

352 1977 679 2061 equitibus
710 1996 966 2061 quoque
994 1972 1322 2050 Romanis,
1370 1972 1480 2055 qui
1526 1994 1607 2035 ex
1637 1994 1713 2036 eo
1740 1972 2082 2057 praefuere
2111 1974 2222 2052 ibi,
2266 1975 2599 2041 Atlantem
2629 2000 2691 2044 12

295 2150 306 2153 ι
349 2088 723 2165 penetrasse
752 2077 820 2141 in
858 2074 1065 2163 gloria
1093 2073 1236 2137 fuit.
1284 2072 1592 2156 Quinque
1621 2082 1791 2150 sunt,
1832 2083 1907 2137 ut
1936 2074 2234 2153 diximus,
2272 2075 2600 2142 Romanae

355 2178 639 2244 coloniae
690 2178 760 2241 in
815 2198 893 2240 ea
944 2173 1303 2259 provincia,
1362 2172 1787 2258 perviumque
1843 2172 2049 2238 famae
2100 2174 2304 2241 videri
2352 2187 2599 2261 potest3

355 2341 607 2403 Cosenum,
632 2342 695 2393 N.
758 2339 1005 2397 Vosenam,
1029 2329 1312 2386 RDOKd.
1371 2335 1612 2394 Vos-enim,
1637 2336 1709 2383 ε’.
1763 2332 2051 2397 Quo-senum,
2075 2337 2169 2386 Aa
2184 2338 2220 2386 ².
2279 2337 2516 2400 Veselam,
2538 2341 2598 2391 P.

349 2408 611 2470 Bosenum,
637 2410 698 2459 T.
765 2406 1006 2458 Vesanum
1029 2405 1111 2454 vel
1148 2404 1395 2462 Venenum,
1421 2404 1568 2452 codd.
1592 2402 1800 2452 Barbar.
1840 2443 1904 2451 .-
1943 2412 2122 2466 yeme-⁹,
2145 2404 2196 2453 N
2219 2400 2390 2466 (codd.
2414 2404 2599 2470 Hard.)

347 2487 546 2544 qentem,
571 2469 945 2534 RADPadss.
994 2514 1057 2521 -.
1104 2465 1361 2530 Selatitos,
1393 2470 1760 2521 RDNTado.
1807 2468 2091 2531 solatiam,
2124 2471 2183 2520 P.
2244 2470 2494 2535 Velatitos‚
2528 2475 2599 2524 A.

353 2543 627 2604 Scelatitos,
651 2539 751 2607 βγ.
797 2539 1054 2600 salacitas,
1078 2540 1213 2590 Pint.
1258 2577 1322 2587 .-.
1371 2534 1625 2595 Μαεατοε,
1650 2536 1863 2587 ADad.
1910 2534 2192 2600 Marathos,
2226 2538 2290 2589 N.
2362 2538 2599 2603 MesatoS,

350 2615 413 2664 R.
452 2609 642 2671 Mesat,
665 2612 725 2660 P.
763 2649 828 2658 ...
854 2607 1061 2670 flamen,
1095 2607 1258 2655 omitt.
1281 2605 1426 2656 N1P.
1464 2645 1529 2653 -.
1568 2601 1854 2665 Masathat,
1879 2605 2197 2656 RADN2a.
2230 2606 2517 2671 Mas-atam,
2549 2612 2599 2659 d.

351 2679 598 2739 Masatat,
621 2673 724 2742 βγ.
762 2677 939 2728 Omitt.
963 2675 1106 2725 N¹P.
1156 2712 1218 2722 -.
1264 2670 1443 2722 Darat
1466 2671 1538 2732 in,
1559 2671 1725 2722 ANa.
1771 2669 2025 2736 Daratt'm,
2050 2674 2173 2724 RD.
2216 2672 2423 2726 Darhat
2446 2676 2516 2739 in,
2537 2677 2596 2727 P.

354 2744 560 2797 Claram
583 2745 652 2805 in,
678 2748 726 2795 d.
765 2784 828 2792 -
862 2742 1035 2806 qiqnit,
1059 2742 1157 2792 12².

419 2813 448 2874 ξ
479 2819 556 2863 10.
590 2810 743 2871 Dein,
768 2811 1043 2861 RADad.
1078 2806 1287 2868 Deinde,
1309 2801 1524 2870 NPssr.
1564 2847 1626 2855 ...
1661 2805 1873 2868 XCVI,
1898 2807 2149 2859 Gosselin.
2183 2812 2481 2862 recherches
2514 2828 2601 2863 sur

348 2881 403 2929 la
425 2881 595 2943 geogr.
625 2885 669 2938 1,
699 2883 810 2928 116.
857 2917 920 2926 .-
964 2873 1165 2934 includi,
1189 2890 1291 2923 om.
1315 2876 1405 2924 R1.
1444 2914 1509 2921 ..-
1554 2874 1744 2934 montis,
1766 2875 1871 2925 Na.
1907 2884 2098 2936 montes,
2122 2876 2441 2929 R²ADPd.
2481 2879 2597 2930 Om.

349 2949 441 2999 R¹.
481 2987 544 2995 ,..
580 2946 760 3004 Barce,
783 2943 848 2994 N.
883 2940 1091 3002 Braete,
1113 2943 1202 2992 R¹.
1238 2938 1477 3001 Braeate,
1501 2942 1600 2991 13².
1637 2937 1857 3002 Bracae,
1881 2940 1949 2990 A.
1993 2940 2209 3018 quacg,
2233 2961 2278 2995 a.
2304 2942 2514 3005 Breace,
2531 2947 2598 2996 D.

349 3028 526 3090 Brece,
551 3030 614 3079 T.
650 3024 828 3104 Brecg,
854 3030 900 3076 d.
936 3023 1154 3087 Brache,
1177 3026 1236 3074 P.
1274 3064 1338 3073 .-.
1386 3032 1732 3084 excurrentem,
1754 3025 1822 3075 D.
1872 3064 1933 3072 -
1980 3042 2089 3088 quo,
2112 3028 2223 3078 Dd.
2272 3067 2328 3075 ..
2379 3025 2599 3091 appelle.

355 3133 450 3184 tur,
474 3122 543 3172 A.
580 3118 876 3186 appellatur,
895 3120 941 3169 P
949 3113 1007 3179 β.
1045 3117 1276 3180 appellat,
1299 3116 1523 3167 RDNT
1535 3117 1663 3178 adr.
1702 3155 1765 3164 ....
1820 3114 2038 3177 Salsum,
2063 3117 2446 3169 RADNTad.
2498 3117 2598 3170 Sa-

350 3207 479 3249 xum,
503 3191 562 3241 P.
602 3187 822 3247 Palsum,
845 3182 903 3249 β.
951 3227 1014 3236 .-
1060 3183 1318 3241 Perroros,
1341 3184 1405 3234 N.
1449 3181 1677 3243 Peroros,
1708 3196 1757 3231 σ.
1805 3223 1869 3231 .-
1907 3182 2199 3247 ΡῘιαναείοε,
2225 3188 2305 3236 a2.
2339 3184 2597 3249 Para-rios,

349 3257 521 3309 RAD
541 3248 679 3308 OPa
698 3258 726 3304 ¹.
765 3253 1013 3314 Formias,
1049 3252 1153 3303 NT
1166 3254 1212 3301 d.
1248 3248 1528 3310 Pharaeos,
1551 3243 1609 3309 β.
1665 3288 1729 3297 -.
1782 3247 1878 3311 Itis,
1902 3251 2027 3302 RD.
2081 3250 2199 3314 hiis,
2222 3253 2291 3303 A.
2340 3294 2403 3303 -.
2450 3255 2596 3305 medi.

352 3334 621 3384 terraneos,
644 3326 709 3373 D.
746 3320 1119 3380 mediterraneo,
1141 3318 1525 3368 RANTPad.
1563 3356 1627 3365 .-
1660 3315 1837 3370 Daras
1862 3358 1926 3367 .-
1951 3336 2056 3382 ora,
2078 3321 2349 3372 ADNad.
2384 3321 2597 3371 Darras

351 3431 415 3440 -
441 3407 549 3451 ora,
570 3391 630 3439 P.
666 3388 995 3447 Daratinora,
1019 3389 1106 3437 R'.
1143 3385 1446 3444 Dav-minor,
1471 3385 1522 3434 R
1537 3386 1571 3433 ².
1609 3425 1671 3432 .-
1708 3381 2029 3449 Darathitas,
2052 3386 2122 3436 A.
2164 3386 2511 3449 Darardidas,
2534 3391 2595 3439 P.

352 3499 415 3508 ...
439 3455 750 3517 Bambotum,
769 3458 873 3508 Na.
909 3453 1237 3515 Banbotham,
1255 3456 1365 3504 Dd.
1389 3448 1718 3513 Bombotkum,
1737 3451 1806 3501 A.
1838 3453 2105 3516 Halmium,
2124 3457 2184 3506 P.
2221 3453 2422 3516 Rotam,
2446 3456 2510 3505 Β.
2532 3496 2597 3505 -.

358 3525 520 3576 Theon
543 3522 751 3585 ochema,
773 3524 981 3574 Barbar.
1007 3522 1273 3574 RDNad.
1326 3517 1490 3570 Theon
1515 3535 1691 3581 ocema,
1717 3520 1784 3569 A.
1831 3536 1915 3571 eon
1938 3520 2151 3583 ochema,
2175 3537 2224 3572 σ.
2272 3521 2595 3583 monomenta,

349 3593 408 3643 P.
463 3631 527 3640 -.
582 3589 795 3640 dicemus
821 3597 867 3649 6,
898 3595 1009 3641 197.
1064 3590 1282 3648 dicimus,
1308 3581 1365 3636 θ.
1403 3587 1519 3638 Om.
1543 3588 1617 3635 (11.
1673 3628 1737 3636 .-.
1788 3588 2118 3652 Hesperium,
2151 3591 2255 3639 Na.
2307 3589 2597 3654 Hesperum,

350 3659 691 3710 RADTPd.
734 3658 976 3722 Hesperu,
999 3659 1134 3708 Pint.
1181 3697 1244 3705 ..-
1291 3673 1360 3715 eo,
1383 3654 1642 3705 ANPa2.
1669 3655 1846 3706 Omitt.
1870 3656 2165 3708 RDTa¹d.
2207 3695 2263 3704 .-
2314 3655 2502 3715 ceteris,
2525 3656 2593 3705 A.

350 3744 385 3775 a
409 3726 598 3785 ceteris,
622 3721 1035 3789 RDNPadssr.
1061 3725 1180 3774 Vid.
1206 3726 1269 3773 ad
1293 3730 1375 3781 32,
1400 3728 1482 3772 49.

417 3792 447 3854 ξ
477 3799 555 3843 11.
592 3792 954 3853 Diauretaniae,
979 3792 1048 3840 D.
1086 3789 1480 3849 Mauretaniam,
1497 3790 1559 3838 P.
1582 3829 1643 3837 -.
1672 3788 1990 3850 debellavere,
2015 3790 2105 3839 Td
2129 3786 2331 3851 (Ambr.
2357 3789 2400 3840 1.
2421 3788 2593 3852 11.)-

348 3861 694 3921 Ptolomaeam,
718 3859 845 3910 BA.
903 3900 964 3909 ....
1025 3857 1169 3916 Gaio,
1192 3858 1416 3908 RADP
1440 3852 1625 3917 (Rob.)
1682 3853 1752 3914 0.,
1775 3852 2019 3921 Ναᾶβγ.
2066 3896 2130 3905 -.
2167 3856 2408 3922 principe,
2431 3859 2491 3909 P.
2529 3899 2593 3908 .-

348 3927 634 3989 Aedemone,
660 3927 913 3978 RADad
937 3922 1122 3988 (Βοὴ.)
1174 3924 1444 3983 Aetemone,
1468 3924 1534 3974 N.
1585 3920 1882 3985 Eudemone,
1914 3925 1958 3973 P
1991 3920 2196 3985 (Ambr.
2229 3922 2327 3987 Π.)
2378 3924 2594 3988 Aedone,

349 3998 494 4045 codd.
519 3997 672 4045 Rezz.
709 3992 941 4055 Admone,
964 4008 1013 4042 σ.
1053 4033 1115 4041 -
1151 3991 1456 4041 consulatum
1469 3990 1761 4054 profunctis,
1783 3992 1842 4040 P.
1870 4030 1933 4039 .-
1971 3989 2170 4052 lacibus,
2193 3991 2261 4041 A.
2287 4033 2351 4041 ...
2376 3992 2505 4053 dam,
2528 3995 2591 4045 R.

351 4103 413 4111 ..-
450 4077 590 4126 reyes
613 4078 735 4122 sere,
757 4062 824 4112 D.
867 4100 925 4109 .-
965 4060 1027 4120 in,
1051 4058 1322 4111 RADad.
1349 4058 1529 4124 Omitt.
1552 4057 1654 4107 NP
1679 4053 1881 4120 (Bou).

416 4129 446 4190 ξ
474 4136 553 4180 12.
592 4129 808 4180 diximus
829 4131 858 4192 ξ
883 4134 930 4178 2.
956 4134 1004 4178 3.
1032 4133 1077 4176 5.
1116 4166 1180 4176 -.
1207 4139 1529 4192 parvamque,
1551 4125 1611 4174 P.
1656 4123 1884 4175 Perviam
1908 4126 1959 4175 h.
1984 4126 2019 4174 l.
2046 4127 2344 4176 substantivi
2365 4128 2474 4177 vice
2497 4143 2591 4192 pro

349 4197 440 4245 iter
455 4206 627 4261 patens
650 4197 846 4256 dicitur,
871 4196 946 4245 uti
968 4197 1104 4259 apud
1122 4195 1287 4244 Tacit.
1308 4194 1426 4243 hist.
1446 4200 1494 4254 3,
1515 4198 1562 4242 8.
1611 4233 1673 4241 ...
1708 4192 1872 4255 same,
1890 4194 2060 4243 Ra¹d.
2103 4194 2274 4257 sama,
2291 4195 2497 4245 DNPa
2511 4199 2582 4259 2'7‘.

334 4264 513 4326 famae
537 4304 600 4313 -
619 4264 902 4328 plerumque
927 4278 1028 4312 om.
1050 4262 1121 4312 A.
