2961 4861
1228 386 1609 429 PRAEFATIO.
2457 387 2551 427 vn

387 539 591 599 Codex
632 541 941 601 Vossianus
972 533 1097 620 (V)
1126 538 1344 598 Leidae
1372 559 1462 597 nr.
1497 535 1599 598 61.
1642 539 1863 598 Forma
1889 538 2146 595 maxima
2171 540 2233 596 in
2260 541 2550 597 membra-

299 651 394 708 nis
431 651 582 709 binis
621 650 908 709 columnis
950 650 1204 725 scriptus
1224 690 1242 719 ,
1286 668 1325 707 a
1362 649 1586 708 Ioanne
1623 648 1927 706 Friderico
1967 645 2269 707 Gronovio
2282 690 2300 721 ,
2342 648 2444 724 qui
2482 667 2552 706 eo

298 760 524 836 primus
560 761 625 817 in
661 760 816 818 notis
856 759 980 818 suis
1020 760 1098 816 ad
1134 757 1396 817 Plinium
1443 776 1591 817 usus
1634 765 1753 831 est,
1808 757 2178 816 venerandae
2226 757 2554 832 antiquitati

297 870 595 929 tribuitur.
637 866 910 927 Pertinet
949 888 988 926 a
1024 865 1128 927 20.
1172 872 1203 939 ς
1236 864 1378 928 186.
1423 887 1610 945 usque
1651 869 1726 927 ad
1767 854 1868 927 36.
1902 863 2091 939 597„
2133 868 2237 928 sed
2276 867 2554 928 lacunam

296 980 477 1038 habet
504 973 608 1038 35.
647 982 678 1047 ὅ
711 974 1087 1038 176-194.
1161 976 1355 1054 Culpa
1389 976 1618 1037 librarii
1652 977 1875 1037 factum
1917 986 2028 1050 est,
2068 985 2139 1035 ut
2175 978 2320 1036 satis
2361 978 2559 1054 magni

295 1088 414 1147 loci
440 1084 546 1161 31,
582 1083 956 1148 118-131,
998 1082 1103 1158 32,
1136 1083 1425 1147 17-31.
1472 1083 1576 1160 33,
1610 1083 1898 1147 95-98.
1930 1088 2023 1146 bis
2060 1086 2122 1145 in
2150 1106 2221 1145 eo
2257 1087 2555 1161 legantur,

294 1199 518 1274 quibus
545 1200 620 1257 de
645 1197 1081 1273 repetitiom‘bus
1110 1198 1444 1255 accuratius
1472 1199 1586 1255 hoc
1612 1194 1744 1255 loco
1782 1204 1874 1255 est
1910 1197 2223 1272 agendum,
2272 1214 2425 1268 cum,
2470 1196 2558 1254 uti

166 1333 183 1338 ²
292 1307 457 1367 infra
483 1308 563 1365 ad
593 1306 851 1365 codicem
877 1306 1329 1364 Riccardianum
1359 1301 1473 1386 (R)
1503 1314 1563 1364 et
1589 1307 1925 1364 Parisinum
1954 1307 1993 1364 d
2022 1312 2369 1381 exponetur,
2414 1307 2558 1363 certi

293 1417 526 1492 aliquid
574 1436 651 1474 ex
697 1416 814 1474 illis
865 1417 938 1473 de
989 1416 1250 1475 codicum
1303 1416 1646 1492 cognatione
1696 1417 1895 1491 colligi
1942 1416 2152 1491 possit.
2220 1413 2302 1470 Et
2350 1415 2557 1472 tertius

291 1526 536 1602 quidem
574 1525 739 1583 locus
779 1521 882 1596 33,
916 1521 1188 1585 95-98.
1227 1527 1516 1602 repetitus
1555 1525 1773 1600 legitur
1809 1543 1962 1601 pone
2002 1524 2187 1582 verba
2228 1542 2400 1599 qnam
2436 1543 2558 1581 mo-

292 1637 554 1712 lybditim
582 1638 613 1703 ὅ
645 1629 788 1693 106.
829 1634 1091 1692 eiusdem
1127 1634 1265 1692 libri
1301 1643 1361 1692 et
1396 1644 1645 1710 apparet
1683 1634 1992 1693 librarium
2030 1633 2355 1711 archetypi,
2398 1633 2558 1691 unde

294 1744 360 1802 V
411 1752 502 1803 est
548 1744 960 1818 transcriptus,
1010 1761 1179 1800 mero
1228 1761 1429 1800 errore
1475 1743 1649 1801 illum
1707 1741 1904 1799 locum
1967 1741 2158 1798 denuo
2197 1743 2555 1800 exaravisse.

294 1852 496 1913 Maior
535 1853 903 1929 perturbatio
953 1859 1047 1910 est
1095 1852 1155 1908 in
1204 1851 1547 1926 repetitione
1588 1851 1850 1926 priorum
1901 1849 2165 1907 locorum
2183 1891 2200 1922 ,
2252 1850 2330 1907 ad
2379 1867 2557 1923 quam

293 1961 738 2035 intelligendam
774 1979 870 2018 res
912 1967 1002 2017 est
1041 1960 1218 2018 altius
1257 1961 1592 2035 repetenda.
1648 1959 2050 2035 Incipiendum
2094 1976 2238 2017 vero
2280 1977 2319 2017 a
2360 1959 2556 2026 verbis

294 2065 407 2141 31,
441 2064 817 2128 118-131.
871 2069 972 2127 Sic
1012 2079 1064 2128 et
1102 2072 1447 2146 serpentium
1485 2072 1763 2129 morsibus
1800 2117 1886 2128 ..-
1925 2071 2188 2144 redeyere
2216 2067 2378 2145 Afri,
2420 2067 2553 2143 qui-

293 2179 410 2237 bus
447 2178 677 2237 duabus
724 2178 969 2255 syllabis
1021 2179 1258 2254 scriptis
1307 2179 1506 2237 statim
1555 2188 1882 2254 sequuntur
1924 2173 2007 2237 32
2020 2220 2037 2251 ,
2074 2173 2174 2236 17.
2231 2174 2554 2237 inserendis

285 2290 585 2366 praebent.
641 2288 713 2346 In
753 2289 1027 2347 Stabiano
1068 2336 1152 2347 .-
1192 2283 1295 2360 32,
1327 2284 1430 2347 43.
1470 2292 1703 2365 saepius
1745 2307 1876 2347 vero
1918 2298 2212 2364 qnantum.
2273 2286 2432 2345 Tum
2468 2287 2552 2344 le·

290 2406 516 2475 guntur
544 2393 648 2470 31,
682 2393 826 2457 131.
857 2416 1002 2457 voce
1028 2398 1281 2474 abrupta
1307 2415 1518 2456 rursus
1547 2406 1849 2474 resumpta
1882 2416 2060 2458 canas
2088 2417 2332 2474 quarum
2360 2415 2549 2473 usque

289 2510 368 2567 ad
393 2509 576 2566 finem
604 2509 738 2566 libri
768 2515 828 2565 et
855 2508 1065 2567 deinde
1090 2503 1195 2580 32,
1230 2503 1458 2566 1-17.
1492 2509 1714 2566 hiantia
1743 2510 2021 2578 manibus,
2055 2526 2204 2582 quae
2232 2509 2550 2569 cohaerent

289 2636 430 2676 cum
468 2617 587 2675 illis
627 2618 946 2675 inserendis
980 2619 1275 2693 praebent.
1333 2615 1492 2675 Tum
1531 2626 1687 2675 recte
1729 2617 2064 2675 scribuntur
2088 2617 2274 2676 verba
2304 2613 2408 2688 32,
2439 2611 2545 2674 43.

289 2728 617 2802 veneficium
656 2723 720 2784 in
758 2728 1063 2786 menstruis
1102 2773 1186 2785 -..
1220 2721 1336 2799 32,
1376 2721 1478 2786 57.
1512 2730 1822 2803 pastinaca
1861 2738 2060 2786 contra
2097 2747 2281 2799 saum,
2333 2727 2547 2802 quibus

291 2835 533 2894 demum
560 2835 743 2893 finitis
786 2836 1036 2911 repetita
1073 2836 1353 2911 leguntur
1378 2837 1563 2895 verba
1590 2831 1695 2908 31,
1731 2832 1873 2895 118.
1943 2837 2045 2896 Sic
2098 2847 2151 2895 et
2195 2839 2548 2913 serpentium

288 2990 376 3012 ‚-.
405 2939 514 3016 31,
546 2939 690 3003 131.
729 2946 992 3020 redeqere
1021 2943 1183 3022 Afri,
1215 2964 1366 3021 quae
1405 2964 1589 3022 supra
1626 2964 1733 3004 suo
1776 2947 1907 3004 loco
1936 2946 2129 3021 posita
2170 2946 2447 3016 vidimus,
2488 2952 2549 3003 et

289 3061 423 3111 tum
465 3048 571 3124 32,
605 3050 707 3112 17.
745 3056 1063 3113 inserendis
1094 3057 1390 3131 praebent.
1447 3057 1521 3113 In
1551 3056 1826 3113 Stabiano
1868 3100 1952 3112 -..
1989 3049 2095 3123 32,
2126 3048 2231 3111 31.
2268 3056 2545 3128 privatim

290 3172 495 3222 eontra
528 3165 764 3235 viseum,
806 3181 957 3238 quae
997 3172 1151 3221 certe
1180 3164 1395 3240 partim
1422 3164 1646 3238 pariter
1675 3180 1874 3238 supra,
1906 3177 2264 3236 quamquam
2292 3180 2409 3219 non
2437 3179 2546 3220 suo

291 3270 448 3342 loco,
487 3278 740 3331 exstant.
802 3270 885 3328 Et
923 3290 1141 3345 magna
1179 3271 1328 3328 haec
1361 3271 1740 3346 perturbatio
1791 3277 1922 3329 orta
1969 3278 2061 3329 est
2108 3269 2249 3329 folio
2284 3290 2402 3330 uno
2445 3279 2549 3329 aut

294 3379 529 3440 duobus
567 3381 781 3439 codicis
818 3381 1119 3458 archetypi
1156 3400 1194 3438 a
1234 3380 1571 3455 bibliopega
1626 3380 1783 3437 male
1821 3381 2147 3439 transiectis
2164 3421 2182 3451 ,
2238 3381 2394 3438 unde
2443 3380 2548 3438 ille

295 3488 505 3559 codex,
546 3491 647 3563 qui
687 3489 819 3547 fons
858 3498 950 3549 est
986 3489 1289 3547 habendus
1319 3490 1531 3548 codicis
1560 3489 1642 3560 V,
1687 3500 1776 3548 est
1814 3491 2229 3565 transcriptus;
2271 3486 2546 3549 librarius

294 3597 536 3654 secundi
578 3596 790 3655 codicis
830 3617 1029 3656 errore
1068 3598 1432 3673 deprehenso
1470 3617 1694 3657 novum
1740 3617 2000 3657 errorem
2039 3601 2347 3671 commisit,
2388 3601 2565 3674 quod·

295 3708 482 3765 verba
530 3723 652 3764 non
701 3706 935 3777 omissa,
988 3708 1093 3765 sed
1128 3709 1302 3766 modo
1345 3710 1707 3784 transposita
1752 3710 1969 3767 iterum
2027 3711 2279 3768 scribere
2335 3711 2546 3784 coepit,

296 3816 404 3872 sed
454 3834 591 3873 cum
642 3815 877 3873 tandem
929 3816 1176 3874 vidisset
1211 3818 1396 3875 verba
1434 3816 1539 3875 illa
1578 3834 1695 3876 non
1736 3818 1953 3877 omissa
1991 3837 2149 3889 esse,
2202 3819 2264 3876 in
2302 3814 2406 3890 32,
2434 3814 2543 3899 ,31.

297 3924 555 3982 substitit
593 3943 784 4001 neque
825 3941 1011 4000 usque
1052 3925 1129 3982 ad
1157 3921 1261 3996 32,
1292 3922 1397 3984 43.
1439 3933 1532 3984 est
1571 3944 1942 4003 progressus.
1988 3925 2267 3986 Omnium
2305 3928 2543 3986 illarum

226 4091 229 4096 f
294 4034 698 4107 repetitionum
750 4035 1121 4095 diversitates
1162 4035 1486 4110 scripturae
1525 4036 1586 4092 in
1629 4036 1880 4094 editione
1917 4055 2049 4095 mea
2094 4038 2267 4096 attuli
2313 4046 2543 4096 notatas

295 4138 491 4202 littera
536 4138 613 4202 Ψ.
675 4142 950 4205 Ceterum
995 4145 1201 4216 codex,
1246 4145 1333 4203 uti
1373 4144 1494 4201 iam
1532 4144 1678 4203 vidit
1720 4143 2078 4218 Gronovius,
2122 4148 2185 4205 in
2226 4155 2392 4222 parte
2435 4166 2544 4206 sua

298 4255 610 4329 superstite
637 4256 872 4331 optimis
899 4255 1062 4316 libris
1091 4262 1183 4315 est
1220 4254 1718 4328 adnumerandus,
1761 4274 2118 4332 quamquam
2155 4258 2354 4317 multis
2384 4257 2541 4317 vitiis
