2961 4861
1211 398 1593 443 PRAEFATIO.
2362 403 2520 445 Lxlx

274 552 449 611 etiam
477 550 622 611 alios
650 551 818 626 sequi
842 551 1108 628 potuisse
1137 559 1197 610 et
1223 551 1475 612 fortasse
1502 554 1614 612 hoc
1641 552 1774 628 ipso
1800 552 1862 611 in
1889 552 2042 624 loco,
2074 572 2247 627 quem
2273 555 2366 613 illi
2392 565 2521 615 ten-

272 663 498 733 tabant,
531 669 793 720 secutum
820 659 1024 733 fuisse,
1056 669 1182 719 tum
1203 661 1485 736 Plinium,
1518 663 1591 720 de
1619 681 1736 737 quo
1765 680 1941 721 nemo
1969 664 2213 737 dubitat,
2255 665 2315 722 in
2344 666 2522 724 rebus

271 771 527 829 maxime
548 770 834 829 botanicis
856 769 1071 845 ubique
1093 770 1401 830 offendisse
1423 780 1485 830 et
1504 774 1685 831 verba
1706 770 1958 844 Graeca,
1983 774 2140 831 unde
2163 793 2271 832 sua
2289 775 2521 850 petivit,

273 880 618 955 saepissime
645 880 800 939 male
827 858 1204 939 intellexisse.
1262 878 1436 954 Quod
1473 900 1608 940 cum
1649 881 1735 939 illi
1777 881 1891 940 viri
1919 881 2073 941 docti
2100 903 2219 942 uno
2248 903 2349 941 ore
2378 902 2522 941 con-

272 990 599 1061 fiterentur,
627 990 806 1067 iidem
834 995 1031 1047 tamen
1061 990 1271 1064 quovis
1294 990 1390 1049 vel
1412 990 1797 1049 audacissimo
1815 991 2075 1083 remedio
2096 986 2275 1050 Plinii
2297 1011 2523 1050 errores

273 1098 637 1157 emendaturi
679 1103 868 1170 erant,
910 1099 1051 1172 quid
1087 1099 1219 1175 ipsi,
1250 1100 1393 1173 quid
1419 1100 1675 1159 librariis
1704 1101 2100 1172 tribuendum,
2128 1120 2375 1177 prorsus
2405 1121 2524 1159 non

274 1215 566 1268 curantes.
610 1207 693 1267 Et
720 1208 854 1283 quis
884 1208 1122 1266 tandem
1147 1208 1303 1281 finis,
1333 1209 1427 1293 ita·
1447 1188 1651 1284 quaeri
1677 1216 1900 1285 potest,
1944 1210 2052 1268 erit
2078 1211 2404 1287 corrigendi
2432 1211 2525 1268 al-

273 1324 467 1376 terum
495 1335 572 1376 ex
597 1318 785 1377 altero
816 1315 1198 1394 scriptorem?
1228 1317 1335 1377 Uti
1361 1318 1461 1377 alii
1482 1315 1543 1390 2,
1568 1294 1935 1378 242-2442
1977 1319 2232 1378 Plinium
2261 1340 2337 1377 ex
2364 1320 2526 1395 Aga-

271 1426 559 1498 themero,
598 1426 700 1485 alii
734 1426 891 1491 hunc
931 1440 1008 1485 ex
1043 1428 1149 1485 illo
1178 1429 1487 1487 emendare
1510 1427 1845 1487 voluerunt.
1892 1426 2065 1500 Quod
2085 1429 2269 1503 igitur
2290 1429 2362 1487 de
2383 1448 2528 1504 quo·

194 1601 197 1603 .
275 1536 417 1593 dam
461 1532 640 1593 Plinii
674 1533 805 1594 loco
845 1512 1237 1595 Schneiderus
1277 1538 1354 1595 ad
1396 1536 1793 1613 Theophrast.
1835 1539 1911 1596 T.
1953 1539 2069 1596 ΠΙ.
2099 1556 2160 1613 p.
2195 1534 2339 1596 177.
2368 1530 2527 1596 recte

276 1644 522 1716 monuit,
556 1645 611 1702 ei
637 1662 898 1703 errorem
925 1663 1099 1727 suum
1127 1646 1577 1720 relinquendum
1605 1665 1755 1716 esse,
1784 1647 1943 1703 idem
1968 1648 2032 1704 in
2060 1647 2347 1721 plurimos
2376 1648 2527 1705 alios

276 1754 440 1812 locos
472 1754 678 1812 cadere
707 1762 940 1824 censeo,'
970 1754 1060 1811 uti
1089 1772 1208 1812 non
1233 1754 1430 1812 minus
1460 1754 1867 1812 auctoritatem
1894 1751 2078 1812 Plinii
2104 1756 2183 1810 ad
2211 1756 2528 1812 emendan-

278 1863 418 1921 dum
448 1852 930 1938 Theophrastum
958 1856 1148 1941 (certe
1175 1862 1348 1921 etiam
1375 1863 1454 1920 ad
1480 1863 1628 1921 alios
1672 1858 2019 1943 scriptores)
2062 1868 2229 1921 caute
2266 1862 2530 1922 adhiberi

262 1960 491 2031 =debere
515 1972 675 2030 idem
704 1970 1090 2031 Schneiderus
1116 1970 1160 2030 l.
1190 1972 1233 2029 1.
1261 1991 1322 2047 p.
1349 1967 1493 2031 671.
1525 1972 1829 2033 verissime
1855 1973 2155 2031 iudicavit.
2199 1972 2328 2031 Illis
2349 1973 2530 2048 igitur

278 2083 341 2140 in
366 2081 734 2152 coniecturis,
767 2080 904 2139 licet
938 2080 1223 2157 plurimas
1261 2100 1508 2159 prorsus
1555 2081 1737 2140 falsas
1774 2100 1908 2141 esse
1946 2082 2334 2158 intelligerem
2348 2124 2366 2153 ,
2416 2081 2531 2142 hoc

278 2198 477 2250 tamen
510 2208 613 2248 me
647 2190 928 2267 impedire
974 2210 1095 2250 non
1142 2191 1361 2268 potnit,
1393 2193 1708 2267 quominus
1736 2192 2052 2268 plerasque
2081 2211 2302 2264 omnes,
2334 2194 2530 2267 quoad

281 2317 488 2359 earum
525 2317 762 2378 compos
799 2299 925 2358 fieri
959 2299 1124 2377 potui
1139 2342 1157 2373 ,
1204 2303 1621 2360 commentario
1650 2320 1781 2359 meo
1810 2304 2148 2372 insererem,
2176 2311 2246 2360 ut
2270 2302 2343 2359 iis
2372 2319 2530 2360 com-

280 2408 617 2469 memoratis
656 2408 881 2468 animos
921 2408 1208 2468 lectorum
1245 2410 1317 2468 de
1355 2410 1685 2468 sinceritate
1734 2412 2048 2470 verborum
2100 2412 2199 2469 vel
2246 2411 2422 2468 etiam
2459 2410 2531 2480 de

284 2519 533 2578 veritate
569 2519 754 2597 ipsius
793 2519 881 2577 rei
917 2538 957 2576 a
982 2519 1177 2577 Plinio
1217 2519 1463 2578 traditae
1494 2521 1862 2579 adverterem
1901 2536 2119 2597 eosque
2146 2521 2224 2579 ad
2253 2519 2528 2578 dubitan-

284 2630 447 2700 dum,
479 2628 876 2703 quaerendum
902 2636 982 2700 et,
1015 2628 1066 2686 si
1092 2628 1200 2686 diis
1228 2629 1451 2703 placet,
1493 2647 1702 2688 verum
1729 2629 2138 2704 reperiendum
2179 2628 2527 2699 excitarem3

284 2739 344 2797 in
372 2737 574 2815 paucis
603 2737 970 2809 coniecturis,
1001 2756 1150 2812 quae
1177 2738 1446 2815 plurimis
1477 2738 1671 2797 verbis
1698 2739 1934 2798 mutatis
1963 2748 2023 2798 et
2062 2738 2428 2816 transpositis
2471 2744 2532 2794 et

284 2867 349 2906 se
385 2848 548 2923 ipsae
583 2849 1005 2922 redarguerent
1041 2856 1101 2906 et
1135 2865 1417 2924 magnum
1457 2849 1714 2924 spatium
1752 2850 2133 2923 requirerent,
2177 2847 2321 2906 satis
2348 2847 2533 2904 habui

285 2957 478 3028 virum
527 2958 764 3016 doctum
812 2963 873 3014 et
918 2957 1136 3029 locum,
1178 2958 1280 3017 ubi
1329 2959 1722 3017 coniecturam
1752 2976 1921 3015 suam
1949 2956 2212 3031 protulit,
2253 2956 2528 3013 indicare.

286 3064 565 3125 Ceterum
599 3063 820 3124 multas
861 3066 1227 3126 coniecturas
1270 3067 1344 3124 ab
1387 3067 1521 3124 aliis
1558 3065 1893 3141 propositas
1947 3082 2043 3119 me
2089 3062 2308 3136 fugisse
2361 3061 2531 3119 facile

284 3175 487 3246 cred03
516 3184 580 3234 at
603 3192 794 3250 neque
822 3193 1023 3234 omnes
1049 3176 1255 3244 libros,
1284 3174 1346 3231 in
1376 3173 1591 3245 quibus
1612 3171 1864 3228 fortasse
1885 3170 2256 3241 delitescunt,
2286 3169 2534 3245 adipisci

282 3284 469 3360 potui,
499 3303 686 3359 neque
713 3291 936 3342 temere
964 3283 1239 3355 quodque
1269 3280 1526 3355 spissum
1554 3278 1831 3338 volumen
1860 3277 1985 3336 sine
2013 3285 2174 3337 certa
2201 3265 2533 3337 inveniendi

287 3409 395 3466 spe
421 3391 694 3450 evolvere
721 3391 906 3450 volui.
948 3388 1083 3448 Iam
1112 3388 1195 3447 sic
1222 3388 1566 3463 saepissime
1593 3405 1689 3445 me
1715 3388 2021 3463 deceptum
2048 3388 2226 3447 sensi.

373 3497 570 3571 Pergo
598 3499 675 3555 ad
703 3497 1202 3573 orthographiam,
1231 3497 1334 3556 ubi
1360 3498 1501 3557 item
1529 3497 1671 3557 mihi
1697 3516 1737 3556 a
1764 3498 1961 3557 codice
1986 3496 2407 3573 Bambergensi
2444 3504 2535 3556 est

290 3606 665 3667 ordiendum.
709 3602 901 3677 Quem
929 3625 1063 3665 cum
1089 3607 1418 3667 accuratius
1459 3606 1822 3684 perlustrare
1862 3614 1920 3665 et
1957 3607 2266 3682 explorare
2305 3605 2532 3681 eoepis-

289 3735 434 3789 sem,
465 3733 608 3773 mox
623 3725 853 3791 'magna
881 3733 1014 3774 mea
1041 3733 1175 3775 cum
1213 3716 1593 3776 admiratione
1618 3715 1883 3776 intellexi
1918 3716 1978 3773 in
2018 3733 2090 3773 eo
2127 3733 2246 3772 non
2286 3713 2535 3789 vestigia

287 3824 633 3901 antiquioris
662 3823 1110 3901 orthographiae
1130 3826 1397 3900 inveniri,
1420 3828 1526 3885 sed
1546 3834 1734 3885 totam
1755 3844 1886 3884 eam
1914 3826 2095 3885 talem
2121 3823 2248 3882 fere
2277 3828 2530 3895 exstare,

285 3935 526 4009 qualem
551 3934 615 3992 in
642 3933 912 4010 Vergilio
941 3934 1198 4010 optimus
1224 3934 1371 3994 liber
1396 3933 1697 3993 Medioeus
1725 3934 1991 4006 exhibet,
2029 3933 2387 3994 illustratam
2414 3950 2529 3991 nu-

288 4062 394 4120 per
413 4044 819 4104 dissertatione
839 4043 1346 4121 praestantissima
1364 4062 1401 4101 a
1418 4040 1768 4120 Philippo
1788 4040 2017 4119 Wagn
2031 4062 2104 4103 er
2118 4062 2153 4103 o
2178 4060 2335 4113 mec,
2366 4041 2533 4100 cuius

291 4163 624 4216 accuratam
652 4162 1102 4232 promptamque
1129 4152 1477 4224 doctrinam,
1519 4152 1571 4210 si
1611 4168 1728 4211 non
1756 4152 1977 4212 dudum
2015 4171 2090 4212 ex
2128 4170 2245 4227 quo
2273 4160 2533 4229 tempore
2589 4143 2604 4150 ’
