2961 4861
477 353 516 394 1.
540 362 549 373 ⁸
1397 345 1779 391 PRAEFATIO.

476 504 552 562 tis
583 509 676 561 est
701 508 994 573 oneratus,
1037 500 1128 559 uti
1153 494 1259 573 33,
1293 494 1396 558 26.
1424 499 1485 557 in
1515 498 1713 559 codice
1739 495 1795 555 B
1821 496 2098 556 scribitur
2124 499 2245 558 vita
2273 498 2632 573 priscorum,
2678 499 2744 558 in

476 614 516 671 h
546 620 604 670 et
630 611 763 671 edd.
803 609 1060 684 vulgatis
1090 612 1420 685 priscorum
1458 610 1598 678 vita,
1643 625 1776 665 cum
1805 604 2051 666 VRdil
2091 612 2251 665 recte
2286 624 2473 666 unum
2515 625 2739 668 nomen

474 724 593 781 vita
619 727 961 795 agnoscant,
1004 724 1065 775 et
1098 723 1206 775 aut
1243 717 1368 792 ipse
1405 723 1514 774 aut
1552 717 1740 774 codex
1778 714 2134 792 archetypus
2162 732 2404 773 manum
2434 715 2595 775 docti
2621 717 2738 775 ali·

474 830 639 889 cuius
669 827 891 887 librarii
917 826 1325 885 emendantem
1351 831 1412 882 et
1437 823 1888 899 interpolantem
1914 831 2008 882 est
2038 830 2336 900 expertus.
2380 824 2478 884 Ita
2497 819 2605 897 34,
2626 822 2737 884 17.

473 957 581 1015 pro
617 939 931 1013 proroqari
979 934 1307 994 faciliorem
1344 934 1657 993 lectionem
1708 932 1891 991 habet
1930 935 2257 1009 propaqari
2269 973 2288 1004 ‚
2341 933 2549 992 eodem
2597 933 2739 993 loco

338 1066 347 1071 ·
471 1048 660 1105 antris
686 1063 798 1120 pro
825 1046 996 1105 atriis
1009 1068 1034 1113 ‚-
1072 1037 1178 1117 34,
1209 1039 1313 1103 88.
1357 1061 1492 1102 cum
1520 1041 1740 1100 nomini
1769 1046 1986 1119 infante
2026 1061 2104 1100 ex
2142 1042 2409 1117 sequenti
2447 1043 2739 1101 adverbio

472 1155 868 1214 miserabiliter
904 1153 1269 1235 adhaesisset
1296 1153 1493 1211 littera
1519 1172 1595 1224 m,
1642 1151 1841 1209 statim
1878 1158 2016 1227 post
2056 1168 2165 1228 pro
2202 1151 2523 1210 blandiente
2548 1151 2738 1211 inter-

472 1262 738 1339 polatum
776 1268 867 1321 est
904 1264 1275 1322 blandientem
1283 1284 1306 1329 ‚-
1347 1254 1453 1331 35,
1487 1254 1547 1319 9.
1588 1267 1746 1319 recte
1783 1277 1919 1318 cum
1960 1258 2141 1335 vulgo
2178 1260 2472 1318 scribatur
2506 1279 2737 1332 aevum,

473 1390 549 1431 ex
591 1389 710 1447 quo
750 1372 809 1430 in
847 1371 982 1430 aliis
1009 1372 1178 1430 codd.
1219 1369 1390 1428 solito
1426 1386 1623 1427 errore
1650 1367 1872 1427 factum
1902 1374 1996 1427 est
2021 1387 2169 1439 eum,
2209 1368 2486 1428 librarius
2514 1370 2738 1429 codicis

472 1480 526 1540 B
568 1480 802 1558 scripsit
838 1483 1037 1547 deum3
1094 1472 1200 1549 35,
1234 1471 1376 1537 139.
1416 1477 1579 1554 quod
1615 1478 1678 1535 in
1719 1476 1886 1536 bonis
1926 1476 2098 1536 codd.
2143 1476 2418 1536 stu-ibitur
2451 1479 2525 1537 ab
2570 1480 2735 1550 Oeta,

472 1590 536 1647 in
577 1590 707 1647 aliis
748 1595 1087 1664 surruptum
1127 1587 1189 1645 in
1224 1596 1442 1656 avecta,
1483 1585 1544 1643 in
1581 1585 1709 1644 aliis
1744 1591 2060 1657 mutatum,
2103 1592 2174 1644 ut
2209 1592 2365 1644 certe
2409 1603 2589 1645 voces
2630 1587 2737 1644 ad·

473 1704 690 1769 essent,
731 1716 837 1757 avo
872 1707 927 1757 et
963 1717 1023 1770 a,
1062 1694 1117 1754 B
1155 1695 1577 1771 interpolatum
1616 1694 1854 1753 exhibet
1890 1715 1928 1753 a
1955 1696 2194 1753 Boeotia
2206 1718 2229 1763 ‚-
2271 1689 2377 1766 36,
2406 1690 2513 1754 41.
2545 1696 2736 1770 vulgo

477 1825 612 1866 cum
638 1813 796 1866 recte
822 1807 1058 1880 legatur
1083 1808 1190 1864 alii
1216 1808 1511 1881 reliqatam
1535 1798 1649 1884 (sc.
1677 1796 1997 1881 leaenam),
2026 1802 2088 1863 in
2113 1801 2168 1860 B
2196 1809 2288 1861 est
2311 1803 2735 1880 interpolatum

475 1934 616 1974 aure
646 1918 902 1989 ligatam,
944 1915 1103 1988 quod
1142 1922 1339 1971 ortum
1379 1919 1470 1970 est
1497 1931 1574 1970 ex
1599 1931 1717 1971 non
1745 1912 2045 1972 intellecto
2072 1910 2513 1984 ALIRELJG‚
2541 1913 2636 1970 uti
2667 1913 2735 1971 in

478 2023 676 2081 codiee
717 2022 1035 2098 archetypo
1078 2021 1361 2097 scriptum
1403 2019 1629 2091 fuerat3
1689 2015 1794 2093 36,
1841 2016 1942 2081 74.
1984 2039 2091 2097 pro
2146 2040 2216 2079 eo
2262 2020 2422 2095 quod
2471 2019 2662 2095 vulgo
2697 2039 2734 2079 e

478 2130 680 2213 multis
720 2130 1005 2203 bonisque
1045 2128 1340 2187 codicibus
1378 2135 1540 2187 recte
1578 2129 1792 2205 legitur
1830 2131 1891 2188 in
1932 2131 2245 2202 molitione,
2284 2129 2348 2188 in
2384 2128 2521 2188 aliis
2560 2130 2735 2189 varia

479 2239 704 2297 ratione
742 2238 1138 2313 deturpatum,
1176 2236 1231 2295 B
1270 2238 1781 2313 interpolationem
1816 2237 1925 2325 sibi
1966 2238 2267 2314 propriam
2304 2237 2482 2296 habet
2518 2241 2580 2297 in
2620 2241 2733 2298 im-

480 2351 797 2408 molatione.
847 2345 1013 2420 Quae
1051 2346 1249 2406 omnia
1284 2347 1358 2405 de
1399 2346 1745 2405 auctoritate
1773 2347 1989 2406 codicis
2016 2344 2071 2403 B
2100 2345 2406 2421 hucusque
2433 2347 2735 2423 disputate

484 2477 619 2518 cum
646 2476 680 2515 e
706 2458 874 2516 libris
899 2455 1553 2516 XXXII-XXXVI.
1585 2457 1769 2533 petita
1797 2455 1933 2526 sint,
1972 2446 2332 2531 loquendum
2367 2457 2487 2514 iam
2529 2463 2621 2515 est
2661 2458 2736 2516 de

482 2566 637 2626 libro
675 2564 1016 2624 XXXVII.
1031 2607 1051 2637 ‚
1096 2566 1196 2641 qui
1232 2583 1271 2623 a
1305 2565 1600 2642 prioribus
1639 2564 1801 2623 libris
1838 2563 2268 2639 aliquantulum
2304 2565 2518 2625 differt.
2573 2563 2639 2624 N
2637 2557 2735 2624 am

485 2675 715 2732 etiamsi
750 2674 847 2733 hic
889 2645 1123 2749 quoque
1164 2674 1318 2732 liber
1355 2691 1388 2730 e
1427 2674 1624 2732 codice
1654 2679 1890 2759 ceteros⁵
1904 2691 2107 2731 omnes
2132 2673 2389 2732 multum
2416 2683 2736 2751 superante

485 2790 580 2840 est
604 2781 950 2859 descriptus,
975 2782 1133 2855 quod
1162 2799 1295 2839 cum
1323 2800 1401 2839 ex
1424 2782 1748 2840 innumeris
1776 2781 1908 2840 aliis
1936 2782 2101 2853 locis,
2133 2788 2262 2841 tum
2293 2785 2453 2866 01:⁰55
2477 2775 2580 2841 80.
2603 2779 2734 2853 81.,

486 2890 589 2950 ubi
625 2889 786 2948 solus
829 2895 1154 2947 ceterorum
1197 2889 1460 2949 codicum
1502 2888 1983 2966 interpolationes
2024 2890 2258 2967 putidas
2301 2891 2630 2964 convincit,
2676 2898 2737 2949 et

489 3003 554 3070 ἐξ
596 2994 970 3060 183-187.
1021 2998 1485 3057 luculentissime
1534 2999 1924 3058 demonstrari
1969 3006 2199 3075 potest,
2259 3000 2363 3060 ubi
2411 3000 2735 3077 scripturae

488 3108 772 3184 vulgatae
809 3108 1285 3198 interpolationes
1324 3107 1710 3186 perspicimus
1754 3108 2013 3182 quidem,
2053 3115 2138 3180 at,
2181 3108 2319 3184 quia
2355 3108 2454 3167 bic
2480 3109 2649 3168 locus
2673 3108 2735 3167 in

487 3215 543 3275 B
578 3217 812 3289 excidit,
857 3219 1000 3293 quid
1038 3219 1110 3277 iis
1147 3191 1475 3277 faciendum
1519 3218 1596 3298 sit
1632 3218 1945 3289 nescimus,
2004 3226 2202 3277 tamen
2237 3216 2399 3290 ¹fons,
2441 3218 2601 3277 unde
2638 3217 2734 3277 hio

488 3326 636 3383 liber
661 3335 754 3384 est
781 3327 1102 3396 derivatus,
1141 3326 1203 3383 in
1239 3327 1581 3384 universum
1619 3297 1812 3384 minus
1841 3325 1953 3384 fuit
1977 3326 2237 3401 liquidus
2265 3345 2444 3402 quam
2470 3327 2735 3404 priorum

488 3431 791 3490 librorum.
845 3431 1084 3490 Etenim
1120 3451 1240 3491 non
1281 3434 1458 3491 modo
1497 3434 1559 3491 in
1608 3434 1859 3508 singulis
1897 3436 2227 3494 nominibus
2266 3437 2454 3495 codex
2486 3433 2542 3493 B
2578 3437 2735 3495 hunc

492 3558 598 3615 per
630 3539 851 3596 librum
888 3547 980 3597 est
1016 3539 1402 3616 interpolatus
1444 3535 1564 3620 (uti
1591 3545 1622 3610 ξ
1649 3538 1734 3614 4.,
1762 3543 1865 3600 ubi
1893 3553 1972 3603 tot
1998 3547 2281 3620 praelatis
2316 3553 2611 3604 mutatum
2648 3551 2736 3603 est

489 3649 556 3706 in
586 3650 869 3724 praelatis
894 3650 1088 3706 multis
1103 3670 1125 3714 ‚-
1165 3650 1201 3718 ς,
1226 3642 1352 3719 85.,
1384 3650 1487 3706 ubi
1512 3649 1871 3726 lepidissima
1895 3635 2081 3711 ironia
2093 3655 2443 3731 seminarum
2469 3664 2733 3713 senatus-

492 3760 746 3817 consulto
783 3764 909 3815 tota
949 3755 1236 3813 exstincta
1276 3763 1366 3814 est
1403 3775 1511 3832 per
1547 3757 2050 3834 interpolationem
2085 3765 2438 3839 seminarum
2484 3764 2698 3821 iudicio
2712 3783 2735 3828 ,-

496 3869 528 3935 5
558 3855 660 3924 92.
700 3882 936 3939 gemma
974 3864 1263 3937 quaedam
1303 3864 1487 3940 vulgo
1524 3867 1734 3925 dicitur
1758 3867 2093 3942 languidius
2120 3843 2427 3948 rejulqens,
2465 3888 2574 3947 pro
2617 3887 2735 3945 qua

498 3973 757 4050 eleganti
795 3973 1155 4050 metonymia
1189 3973 1250 4033 in
1288 3972 1342 4032 B
1383 3974 1573 4033 ieiune
1612 3976 1890 4052 scriptum
1931 3978 2146 4055 legitur
2189 3983 2382 4039 minus
2416 3983 2740 4057 refulqensg

499 4086 530 4151 5
562 4077 706 4141 149.
734 4099 845 4158 pro
870 4083 1255 4150 aliamflutem
1284 4076 1640 4163 (gemmam)
1681 4104 1853 4161 quam
1877 4083 2086 4147 Belum
2126 4100 2325 4149 vocant
2361 4089 2424 4147 in
2450 4087 2505 4147 B
2539 4089 2740 4165 inepte

496 4197 589 4248 est
627 4189 1047 4267 transpositum
1090 4198 1150 4250 et
1183 4192 1601 4269 interpolatum
1636 4194 1841 4253 Belum
1881 4206 2067 4256 autem
2103 4200 2277 4257 aliam
2314 4217 2485 4275 quam
2523 4201 2609 4259 sic
2643 4214 2737 4258 vo·

652 4497 765 4568 Ἦ
