2961 4861
449 379 655 422 XLVIII
1377 377 1756 421 PRAEFATIO.

448 530 726 591 historiae
760 529 1020 590 intulisse
1058 528 1152 589 his
1196 529 1388 590 verbis
1423 531 1763 606 profitetur:
1810 530 2071 606 „Ingens
2097 528 2278 590 Plinii
2320 531 2721 593 historiarum

450 640 728 700 volumen
766 640 1198 715 elegantissime
1238 639 1524 717 scriptum
1561 687 1646 697 -
1674 687 1758 698 -..
1787 687 1872 697 .-
1911 645 1971 697 et
2009 648 2348 718 corruptum
2398 638 2719 701 correxit’?

452 744 546 830 (v.
577 746 853 808 Guiberti
891 749 1089 807 abbat.
1129 748 1203 806 de
1242 748 1582 823 Novigento
1612 764 1812 824 opera,
1842 766 1907 824 p.
1941 743 2110 819 716„
2150 757 2211 807 et
2247 767 2399 824 qnae
2425 751 2554 827 ipse
2582 751 2720 809 dixi

450 859 514 916 in
542 858 740 916 diariis
769 856 1130 916 scholasticis
1163 851 1349 917 1833.
1392 876 1487 914 nr.
1518 850 1621 915 52.
1664 875 1728 931 p.
1755 849 1964 936 414.).
2016 854 2264 915 Praeter
2289 859 2400 916 hos
2430 878 2575 918 vero
2603 880 2716 918 er·-

450 985 613 1027 rores
651 967 813 1025 aliud
855 984 1061 1025 eorum
1101 983 1288 1042 genus
1329 963 1647 1022 maximam
1695 964 2170 1041 depravationem
2211 968 2529 1025 verborum
2566 966 2714 1026 Pli-

451 1076 761 1133 nianorum
813 1073 1027 1146 effecit,
1078 1073 1320 1133 lacunas
1369 1073 1528 1144 dieO,
1580 1090 1830 1147 quarum
1867 1071 2091 1147 largior
2128 1075 2339 1133 messis
2389 1075 2492 1133 vix
2543 1079 2714 1154 apud

452 1183 644 1242 ullum
680 1183 860 1242 alium
898 1185 1242 1261 scriptorem
1277 1181 1557 1241 Latinum
1596 1182 1927 1252 invenitur3
1969 1201 2003 1240 e
2045 1180 2298 1241 Graecis
2340 1202 2495 1242 unus
2531 1183 2709 1244 Pau-

450 1293 648 1351 sanias
690 1292 802 1350 hoc
838 1293 1073 1351 nomine
1110 1310 1243 1350 cum
1283 1289 1480 1348 Plinio
1520 1290 1847 1366 comparari
1892 1297 2106 1367 potest.
2178 1289 2401 1353 Contra
2445 1294 2711 1353 liberum

450 1402 575 1461 fere
604 1420 666 1460 se
692 1402 882 1461 tenuit
906 1399 1297 1479 glossematis,
1319 1415 1519 1473 ,quae,
1550 1398 1731 1456 sicubi
1756 1398 2152 1472 inveniuntur,
2182 1397 2368 1458 ferme
2396 1409 2537 1459 sunt
2565 1421 2708 1480 sup-

452 1512 748 1588 plementa
774 1509 1150 1567 librariorum
1177 1509 1255 1565 ad
1282 1507 1629 1584 explicanda
1661 1507 1958 1584 asyndeta,
2002 1508 2078 1565 ad
2116 1509 2536 1584 expediendam
2565 1530 2708 1570 con-

453 1621 838 1679 structionem
865 1612 1021 1676 κατὰ
1062 1611 1288 1675 σύνεσιν
1318 1610 1438 1696 (uti
1468 1611 1583 1688 34,
1633 1610 1776 1675 153.
1818 1615 2158 1676 eiiciendum
2194 1616 2306 1676 fuit
2333 1613 2609 1699 prodest)
2649 1629 2710 1679 et

456 1731 678 1790 similes
705 1749 802 1789 res
830 1729 1106 1789 minores.
1779 1746 1786 1753 ¹

537 1841 640 1900 Ad
670 1842 912 1900 lacunas
940 1839 1119 1916 igitur
1147 1856 1281 1897 cum
1310 1837 1427 1897 iam
1454 1841 1810 1913 perventum
1839 1836 1935 1910 sit,
1965 1844 2101 1895 ante
2123 1835 2316 1894 omnia
2334 1835 2430 1895 hic
2448 1836 2704 1912 loquen—

453 1951 595 2009 dum
639 1956 731 2006 est
769 1949 842 2004 de
884 1947 1080 2005 codiee
1116 1948 1527 2022 Bamberqensi
1564 1946 1680 2003 iam
1711 1964 1891 2021 supra
1918 1930 2242 2021 descripto,
2286 1945 2449 2004 cuius
2476 1946 2703 2022 prima-

452 2059 610 2116 rium
659 2056 935 2114 meritum
982 2056 1046 2113 in
1071 2054 1212 2130 ipsis
1259 2055 1379 2113 illis
1427 2054 1653 2113 lacunis
1703 2062 1763 2112 et
1810 2054 2272 2112 demonstrandis
2310 2060 2369 2111 et
2398 2055 2703 2131 explendis

456 2166 730 2225 cernitur.
771 2164 857 2222 Et
883 2171 973 2222 est
1001 2164 1238 2237 quidem
1264 2163 1360 2222 hie
1386 2162 1576 2221 codex
1603 2164 1864 2221 omnium
1890 2161 2298 2222 Plinianorum
2324 2163 2496 2240 longe
2524 2184 2702 2240 prae-

456 2274 851 2334 stantissimus
869 2281 947 2345 et,
965 2270 1168 2348 quales
1194 2290 1332 2330 raro
1355 2271 1673 2330 editoribus
1695 2278 1961 2330 veterum
1987 2272 2336 2349 scriptorum
2361 2272 2700 2345 obveniunt,

453 2405 529 2445 ex
550 2383 866 2463 archetypo
889 2400 998 2442 suo
1020 2383 1095 2441 ab
1118 2381 1360 2442 librario
1380 2381 1465 2441 ita
1487 2381 1835 2458 descriptus,
1850 2388 1919 2439 ut
1938 2379 2031 2440 hic
2050 2381 2111 2439 in
2134 2382 2573 2442 transcribendo
2595 2390 2702 2442 aut

453 2514 682 2554 summa
701 2494 1061 2569 negligentia
1073 2500 1336 2551 uteretur
1353 2497 1457 2549 aut
1479 2491 1780 2567 archetypi
1793 2491 2144 2567 scripturam
2154 2508 2270 2549 non
2285 2492 2500 2565 ubique
2520 2492 2699 2551 intel-

452 2605 682 2679 ligeret.
710 2602 794 2661 Et
812 2603 943 2672 hoe,
970 2603 1127 2677 quod
1146 2611 1448 2678 postremo
1468 2600 1601 2658 loeo
1622 2600 1765 2672 dixi,
1788 2600 1927 2659 huie
1945 2600 2187 2659 librario
2207 2619 2327 2659 non
2349 2600 2528 2658 semel
2549 2601 2700 2659 acci-

454 2713 613 2770 disse
641 2712 851 2768 docent
875 2711 990 2767 loci
1018 2710 1222 2785 quales
1251 2720 1389 2768 sunt
1416 2706 1521 2782 32,
1557 2704 1722 2781 140„
1752 2709 1857 2767 ubi
1880 2728 1989 2785 pro
2010 2709 2192 2768 Aiunt
2214 2712 2296 2767 ita
2316 2719 2543 2768 curatos
2563 2710 2625 2767 in
2643 2707 2699 2767 B

453 2820 671 2897 legitur
700 2821 867 2877 nunti
892 2829 945 2877 et
972 2827 1201 2878 curatos
1230 2822 1303 2890 si,
1333 2818 1431 2876 vel
1448 2812 1564 2890 35,
1601 2816 1682 2890 7.,
1713 2818 1815 2876 ubi
1841 2836 1952 2894 pro
1981 2821 2288 2878 stimulatio
2317 2819 2376 2876 in
2405 2815 2459 2875 B
2482 2818 2703 2894 legitur

453 2931 782 3000 stimmatiO,
823 2926 919 2986 vel
962 2921 1076 2999 35,
1112 2921 1192 2998 1.,
1222 2926 1325 2984 ubi
1356 2945 1491 2984 cum
1517 2926 1796 2985 librarius
1826 2927 2038 2986 codicis
2065 2925 2119 2983 B
2146 2927 2372 2985 litteras
2399 2926 2458 2984 in
2486 2926 2697 2986 arche-

450 3049 594 3119 typo
622 3048 751 3100 cata
770 3057 957 3116 prope
984 3055 1100 3095 non
1129 3033 1381 3111 amplius
1408 3035 1604 3111 legere
1631 3043 1852 3112 posset,
1884 3036 2138 3111 spatium
2166 3054 2418 3094 vacuum
2437 3035 2696 3110 reliquit.

451 3148 648 3207 Multo
691 3149 923 3224 saepius
960 3153 1162 3205 tamen
1200 3144 1590 3223 negligentiae
1630 3144 1845 3203 crimen
1887 3146 1949 3203 in
1975 3144 2279 3204 librarium
2307 3145 2483 3217 cadit,
2529 3146 2698 3203 cuius

453 3258 723 3335 exempla
749 3255 862 3315 hoc
889 3256 1019 3314 loeo
1048 3273 1503 3314 commemorare
1530 3272 1648 3311 non
1677 3271 1826 3329 opus
1849 3254 2098 3326 videtur,
2130 3272 2262 3311 cum
2285 3273 2361 3312 ex
2380 3254 2508 3330 ipsa
2533 3253 2696 3311 Iani

455 3360 768 3424 collatione
806 3364 960 3440 typis
999 3381 1281 3439 expressa
1317 3380 1495 3420 nemo
1534 3380 1652 3420 non
1689 3356 1916 3420 affatim
1961 3381 2030 3420 ea
2057 3369 2259 3439 petere
2283 3364 2491 3438 possit.
2534 3362 2697 3422 Hinc

452 3474 711 3547 ineptam
754 3487 994 3527 manum
1030 3471 1280 3545 primam
1318 3476 1527 3544 postea
1568 3470 1940 3546 corrigendo,
1981 3471 2244 3529 radendo
2256 3512 2274 3542 ,
2321 3490 2502 3548 supra
2544 3472 2692 3531 scri-

453 3580 648 3641 bendo
676 3580 1062 3648 emendatam,
1093 3584 1162 3635 ut
1187 3580 1430 3635 chartae
1457 3594 1781 3653 parcerem,
1810 3597 1927 3637 non
1955 3580 2173 3654 ubique
2199 3578 2554 3638 afferendam
2582 3600 2693 3658 pu·

452 3690 596 3762 tavi,
638 3689 743 3748 sed
770 3695 898 3746 tum
926 3687 1182 3757 demum,
1226 3671 1328 3743 ubi
1352 3685 1583 3743 referre
1612 3687 1942 3760 videbatur,
1973 3696 2222 3762 utraque
2247 3697 2372 3748 tum
2401 3708 2580 3747 manu
2606 3691 2694 3748 ita

455 3799 569 3857 sibi
589 3799 880 3875 apposita,
904 3804 972 3855 ut
999 3812 1101 3853 eas
1129 3811 1238 3871 per
1256 3792 1341 3850 B¹
1373 3802 1434 3851 et
1450 3793 1538 3851 B²
1558 3795 1970 3869 discernerem,
1996 3815 2247 3871 quarum
2269 3799 2551 3872 siglarum
2572 3799 2693 3858 iam

456 3911 914 3967 consentaneum
945 3912 1038 3962 est
1063 3903 1255 3978 priore
1274 3903 1623 3979 plerumque
1644 3904 1994 3963 deteriorem
2015 3906 2342 3979 lectionem,
2365 3908 2691 3984 posteriore

458 4016 751 4076 veriorem
787 4012 1117 4090 significari.
1159 4013 1338 4072 Haud
1375 4031 1513 4071 raro
1550 4019 1749 4071 tamen
1784 4013 1917 4090 ipsa
1942 4033 2152 4074 manus
2178 4016 2370 4092 prima
2396 4016 2692 4075 veriorem

454 4124 770 4182 lectionem
812 4123 1066 4194 exhibet,
1096 4123 1183 4181 uti
1212 4118 1326 4193 32,
1361 4117 1483 4193 10.,
1515 4123 1617 4181 ubi
1643 4121 1728 4179 13¹
1757 4131 1916 4181 recte
1944 4122 2122 4183 habet
2148 4128 2373 4185 mitulos
2390 4168 2407 4196 ,
2435 4123 2524 4182 Β2
2552 4144 2689 4184 cum

456 4233 752 4313 plerisque
781 4233 1048 4293 omnibus
1078 4231 1245 4291 codd.
1267 4233 1494 4303 vitulos,
1516 4231 1676 4305 quod
1694 4230 2207 4307 interpolationem
2228 4219 2411 4309 vulgo
2432 4251 2689 4310 regnan-

992 4487 1077 4528 ..ἱ
