2961 4861
412 348 534 411 212
1108 364 1517 411 NATURAms
1563 364 1953 412 HISTORIAE

411 536 598 578 suum
662 522 974 576 remotum
1027 511 1093 574 in
1150 512 1617 577 mediterraneo
1676 512 1932 580 Obulco
1991 516 2165 598 quod
2221 516 2656 585 Pontificense

407 613 800 698 appellatur3
838 634 988 676 mox
1015 611 1233 698 Epora
1262 613 1755 692 foederatorum,
1790 613 1986 680 Sacili
2014 614 2431 697 Martialium,
2464 618 2650 685 Ono-

405 715 510 792 ba,
558 726 622 779 et
667 715 893 777 dextra
925 711 1232 778 Corduba
1271 715 1516 779 colonia
1541 715 1860 780 Patriciae
1889 717 2287 802 cognomine,
2333 718 2485 784 inde
2513 721 2654 806 pri-

405 838 580 879 mum
633 813 986 900 navigabili
1038 813 1271 892 Baete,
1340 816 1581 901 oppida
1642 814 1954 895 Carbula,
2019 817 2358 898 Detunda‚
2414 820 2651 886 fluvius

407 917 734 1003 Singulis,
780 916 1005 980 eodem
1047 916 1269 980 Baetis
1311 917 1513 981 latere
1554 917 1863 982 incidens.
1934 916 2199 1004 Oppida
2239 920 2653 1007 Hispalensis
2680 941 2739 984 ιι

402 1029 755 1084 conventus
800 1016 992 1095 Celti,
1037 1017 1241 1094 Arua,
1287 1016 1592 1096 Canama,
1634 1017 1821 1097 Evia,
1865 1018 2035 1103 Ilipa
2077 1022 2459 1108 cognomine
2502 1023 2644 1101 Illa,

402 1121 666 1198 Italica,
725 1129 790 1184 et
844 1142 882 1183 a
923 1121 1109 1186 laeva
1149 1119 1444 1205 Hispalis
1486 1120 1731 1184 colonia
1773 1121 2150 1208 cognomine
2191 1122 2645 1201 Romuliensis,

403 1245 486 1286 ex
540 1222 811 1285 adverso
865 1219 1174 1305 oppidum
1234 1218 1434 1283 Osset
1488 1221 1661 1304 quod
1715 1222 2200 1308 cognominatur
2252 1223 2417 1286 Iulia
2472 1221 2650 1287 Con-

402 1322 671 1400 stantia,
717 1321 1123 1406 Vergentum
1170 1321 1342 1402 quod
1381 1319 1508 1383 Iuli
1555 1318 1840 1399 Genius,
1890 1319 2161 1408 Orippo,
2211 1321 2447 1401 Caura,
2495 1321 2648 1387 Sia-

401 1446 575 1500 rum,
631 1422 867 1487 fluvius
910 1420 1196 1485 Menoba
1237 1419 1426 1484 Baeti
1473 1430 1539 1484 et
1591 1420 1733 1505 ipse
1777 1445 1816 1484 a
1858 1422 2087 1486 dextro
2128 1422 2329 1488 latere
2371 1424 2647 1489 infusus.

403 1525 502 1588 At
528 1525 697 1588 inter
727 1522 1049 1587 aestuaria
1076 1520 1298 1585 Baetis
1328 1520 1568 1606 oppida
1594 1520 1905 1586 Nabrissa
1936 1525 2313 1608 cognomine
2341 1513 2646 1605 Veneria,

406 1637 472 1691 et
517 1623 875 1701 Colobona3
923 1623 1205 1687 coloniae
1249 1621 1417 1685 Asta
1460 1644 1624 1704 quae
1667 1621 1878 1709 Regia
1921 1623 2175 1701 dicitur,
2222 1636 2288 1689 et
2327 1625 2395 1689 in
2436 1627 2646 1690 medi-

402 1738 694 1792 terraneo
738 1725 944 1789 Asido
987 1746 1152 1807 quae
1199 1720 1606 1787 Caesariana.
1672 1721 1963 1811 Singulis
2005 1724 2238 1789 fluvius
2280 1725 2349 1788 in
2388 1726 2644 1791 Baetim
2674 1747 2742 1789 12

403 1852 533 1913 quo
578 1829 824 1893 dictum
868 1836 966 1890 est
1017 1824 1237 1889 ordine
1280 1824 1653 1909 inrumpens
1695 1824 2133 1910 Astigitanam
2176 1826 2483 1891 coloniam
2524 1829 2645 1892 ad-

402 1929 525 1997 luit
568 1927 942 2013 cognomine
971 1926 1343 2013 Augustam
1370 1923 1429 1988 F
1431 1925 1680 2003 irmam,
1727 1924 1807 1989 ab
1854 1949 1929 1990 ea
1969 1927 2371 2015 navigabilis.
2426 1929 2648 1994 Huius

405 2040 758 2095 conventus
804 2038 952 2092 sunt
993 2026 1287 2109 reliquae
1307 2027 1591 2091 coloniae
1619 2026 1933 2106 inmunes,
1980 2027 2180 2094 Tucci
2210 2051 2374 2113 quae
2404 2053 2643 2118 cogno-

479 2236 683 2302 Obulyo,
707 2239 774 2287 A.
816 2278 877 2286 ...
915 2234 1247 2299 Pontificense,
1271 2237 1423 2285 RAd
1448 2233 1620 2297 (codd.
1648 2233 1853 2298 Gelon.)
1897 2234 2230 2302 Bonttflcense,
2262 2250 2311 2286 σ.
2351 2277 2411 2284 -.
2456 2234 2648 2302 Epora,

414 2308 596 2359 Moral.
628 2308 682 2355 in
718 2306 896 2356 Ortelii
929 2307 1056 2354 thes.
1093 2318 1263 2367 geogr.
1298 2320 1338 2353 s.
1370 2319 1435 2364 v.‚
1472 2304 1642 2353 Surita
1675 2313 1725 2353 et
1757 2305 2059 2366 Wesseling.
2095 2308 2158 2354 ad
2196 2305 2445 2355 Antonin.
2477 2305 2641 2353 itiner.

404 2391 455 2441 p.
492 2381 606 2424 403.
651 2372 935 2439 Ripepora‚
967 2367 1144 2433 ΒΑβ.
1191 2369 1359 2436 Ripa,
1393 2369 1589 2436 Epora,
1625 2374 1714 2437 dr.
1763 2413 1825 2420 -.
1870 2368 2050 2432 Sacili,
2081 2372 2289 2422 Barbar.
2324 2372 2423 2421 R¹.
2462 2371 2639 2435 sacili,

404 2446 551 2494 codd.
586 2444 792 2493 Barbar.
838 2439 1058 2499 Sacilin,
1082 2440 1188 2491 R2.
1236 2439 1374 2501 Saci,
1414 2442 1565 2490 Ado.
1613 2481 1673 2488 -.
1722 2438 2063 2499 Martialium,
2104 2442 2157 2490 A
2196 2438 2370 2502 (codd.
2410 2437 2644 2501 Barbar.)

304 2529 330 2545 κ
407 2509 712 2569 Mortalium,
735 2512 799 2560 Β.
838 2508 1165 2568 Maritalium,
1189 2509 1343 2558 Kdtr.
1382 2549 1444 2556 -
1489 2506 1668 2568 Onoba,
1691 2508 1897 2557 Barbar.
1920 2509 1986 2557 A.
2028 2506 2218 2568 Onuba,
2242 2510 2350 2557 Βσ.
2387 2506 2573 2566 Enuba,
2591 2510 2644 2556 d.

406 2619 469 2626 .-
515 2578 769 2628 Patriciae
810 2577 1093 2640 coqnomina
1117 2577 1280 2625 RTd.
1325 2573 1553 2624 Patricia
1586 2575 1869 2639 cognomine,
1910 2577 1976 2625 A.
2020 2573 2253 2624 Patricia
2296 2574 2641 2639 coquominata,

405 2642 463 2706 β.
503 2686 564 2693 -.
605 2643 816 2707 quando,
845 2644 942 2695 R².
980 2684 1042 2691 -
1078 2640 1252 2703 Baete,
1276 2643 1401 2691 ΒΑ.
1438 2640 1616 2703 Betae,
1642 2646 1688 2692 d.
1724 2641 1894 2703 Baeti,
1918 2639 2018 2706 βγ.
2047 2684 2108 2690 -
2149 2639 2389 2703 Carbula,
2413 2643 2639 2692 RATd.

410 2710 638 2770 Carbulo,
662 2707 718 2771 β.
769 2707 989 2770 Castulo,
1026 2710 1243 2760 Casaub.
1278 2712 1343 2759 ad
1376 2710 1540 2759 Strab.
1567 2717 1614 2772 3,
1644 2716 1753 2759 142.
1794 2750 1854 2761 ...
1890 2709 2147 2769 Detunda,
2180 2711 2338 2760 Hard.
2377 2725 2442 2758 ex
2465 2711 2641 2759 Ptole-

405 2780 538 2827 maei
562 2793 732 2840 geogr.
757 2778 825 2827 11.
854 2783 901 2836 4,
931 2784 1007 2826 11.
1043 2776 1279 2834 Detuma,
1300 2779 1443 2826 codd.
1461 2779 1669 2827 Barbar.
1693 2778 1968 2839 DetummO,
1985 2779 2049 2827 R.
2082 2775 2306 2837 Detumo,
2325 2777 2386 2825 T.
2411 2775 2640 2835 Decumo,

406 2850 497 2896 der.
533 2845 769 2906 Decuma,
793 2846 845 2895 A
856 2840 957 2908 βγ.
999 2885 1061 2892 -
1098 2841 1320 2907 Similis,
1343 2847 1411 2894 A.

474 2917 503 2979 ξ
541 2920 621 2967 11.
667 2911 1037 2977 Hispaniensis,
1071 2911 1167 2960 R2.
1215 2952 1277 2959 -.
1327 2909 1451 2961 Celti
1476 2953 1539 2960 -
1566 2910 1714 2972 Evia‚
1746 2913 1904 2963 Hard.
1962 2910 2087 2962 Celti
2115 2909 2272 2973 (man.
2308 2926 2405 2961 sec.
2458 2909 2643 2972 Celeia)

407 2998 542 3031 exau
561 2999 689 3031 sava
711 2979 938 3032 camania
963 2996 1068 3041 eva,
1086 2980 1150 3028 Β.
1180 2976 1305 3028 Celti
1324 2978 1584 3027 Axatiara
1607 2980 1803 3029 vacinia
1827 2995 1997 3039 nawa,
2016 2983 2082 3030 A.
2113 2977 2397 3029 Celtiaraba
2419 2976 2643 3028 Cumana

405 3049 566 3112 Acua‚
586 3051 648 3099 T.
692 3046 817 3100 Celti
837 3067 871 3098 a
894 3064 1021 3097 rava
1044 3046 1279 3098 caniania
1302 3062 1440 3108 aeva,
1460 3049 1507 3096 d.
1546 3043 1735 3095 Celtica
1756 3046 1999 3096 Axatiata
2022 3046 2215 3095 Arruci
2236 3045 2466 3105 Menoba,
2493 3042 2549 3108 β.
2575 3087 2638 3094 .-

405 3116 528 3178 Illa,
552 3118 784 3170 R¹Td‹r.
820 3115 961 3181 Ilpa,
984 3115 1119 3166 R²A
1142 3112 1311 3176 (codd.
1335 3112 1572 3177 Barbar.)
1617 3113 1741 3175 Ilia,
1765 3115 1921 3165 Hard.
1946 3128 1983 3178 r
2004 3116 2185 3163 merito
2215 3122 2420 3165 notatus
2443 3131 2474 3163 a
2495 3115 2639 3164 Wes-

412 3188 588 3247 scling.
626 3187 688 3234 ad
713 3186 959 3235 Antonin.
995 3182 1157 3233 itiner.
1192 3198 1241 3247 p.
1278 3190 1391 3233 411.
1426 3191 1477 3232 et
1498 3183 1675 3232 Ukert.
1710 3197 1884 3245 geogr.
1907 3190 2005 3231 vet.
2030 3183 2099 3232 11.
2137 3188 2180 3240 l,
2207 3186 2342 3244 374„
2377 3184 2509 3231 unde
2541 3195 2638 3244 ego

405 3260 692 3315 corruptam
717 3253 956 3300 librorum
990 3253 1288 3315 scripturam
1309 3253 1523 3300 retinere
1544 3250 1718 3299 malui.
1768 3250 1944 3301 omitt.
1970 3253 2111 3300 codd.
2141 3250 2318 3300 Gelen.
2343 3246 2401 3311 β.
2439 3290 2500 3297 ,-
2537 3246 2637 3297 Hi-

409 3318 577 3381 spalis,
603 3319 703 3366 vid.
727 3319 946 3367 Ptolem.
974 3333 1143 3380 geogr.
1169 3320 1237 3368 11.
1265 3324 1311 3378 4,
1341 3325 1418 3368 14.
1463 3316 1695 3382 Hispali,
1719 3318 1866 3366 Βᾶσ.
1912 3317 2114 3380 Hispal,
2149 3320 2215 3367 A.
2254 3360 2317 3366 ...
2354 3315 2638 3365 Romulien-

404 3383 487 3444 sis,
513 3386 656 3434 Βᾱσ.
694 3382 1017 3445 Romulensis,
1040 3381 1203 3448 Αβγ.
1244 3427 1305 3433 -
1343 3383 1502 3445 Iulia,
1526 3386 1594 3434 A.
1628 3382 1815 3444 Iuliae,
1838 3385 1934 3435 R2.
1972 3383 2094 3445 Ilia,
2119 3384 2309 3435 R¹Td.
2346 3426 2407 3432 ..-
2453 3381 2640 3446 Uryen.

409 3459 521 3509 tum,
545 3450 643 3502 R¹.
680 3449 998 3515 Lurqentum,
1022 3453 1088 3501 A.
1124 3450 1482 3515 Luurqentum,
1505 3452 1601 3502 12².
1639 3451 1934 3518 Iuryentum,
1959 3455 2006 3501 d.
2034 3493 2095 3500 -
2123 3451 2244 3514 Iuli,
2268 3455 2331 3502 Β.
2360 3493 2420 3500 -.
2464 3450 2640 3515 qenins

411 3517 608 3584 Orippo,
636 3518 796 3569 Carus
821 3518 1050 3580 antiquit.
1076 3518 1270 3581 Hispal.
1297 3525 1344 3579 3,
1374 3525 1417 3568 l.
1452 3519 1803 3584 yentiorbippo,
1826 3521 1892 3569 Β.
1925 3518 2118 3583 qenitor
2149 3520 2278 3585 ippu,
2303 3521 2412 3569 Ad.
2456 3518 2642 3582 yenitor

404 3585 590 3651 Hippo,
615 3582 670 3649 β.
712 3627 775 3635 .-
819 3582 992 3635 Caura
1014 3582 1232 3646 Siarum,
1259 3585 1436 3645 Carus,
1462 3588 1509 3635 d.
1556 3585 1605 3633 Τ
1599 3603 1730 3636 aura
1756 3586 1974 3645 Siarum,
1999 3588 2059 3637 Β.
2106 3586 2308 3636 Accura
2331 3584 2547 3644 Siarum,
2569 3586 2636 3634 A.

408 3652 783 3715 Caurasiarum,
817 3648 875 3715 β.
925 3694 987 3701 -.
1037 3651 1259 3713 Menube,
1285 3655 1405 3703 ΒΤ.
1461 3652 1728 3714 Maenuba,
1763 3657 1829 3704 A.
1884 3652 2143 3714 Menubae,
2179 3658 2225 3704 d.
2265 3696 2327 3703 ...
2371 3652 2542 3712 Baeti,
2573 3653 2637 3702 Β.

406 3723 583 3774 omitt.
608 3724 717 3773 Ad.
755 3762 818 3771 ....
856 3720 959 3786 ipse
985 3738 1032 3781 a,
1056 3722 1167 3771 Ad.
1216 3719 1235 3767 i
1269 3738 1336 3779 so,
1360 3722 1423 3770 R.
1464 3762 1527 3769 -
1564 3730 1632 3770 est
1654 3724 1813 3782 varia,
1852 3724 1916 3771 A.
1957 3764 2018 3770 -
2056 3721 2253 3787 oppida,
2277 3724 2341 3771 Β.
2395 3718 2639 3785 oppidum,

403 3786 606 3855 Αᾶβγ.
646 3831 708 3839 ...
744 3788 1017 3850 Nabrissa,
1048 3791 1173 3839 RA.
1284 3789 1470 3848 abrisen,
1505 3792 1551 3838 d.
1606 3786 1870 3850 Nebrissa,
1902 3784 2004 3854 βγ.
2057 3792 2132 3840 At
2152 3806 2199 3839 V.
2223 3791 2441 3855 Ptolem.
2468 3803 2637 3851 geogr.

402 3860 471 3909 Π.
509 3864 556 3918 4,
585 3865 662 3908 12.
701 3899 763 3907 ..-
805 3854 1064 3915 Colobana,
1097 3852 1159 3906 Β.
1218 3853 1478 3915 Colobana,
1503 3858 1611 3905 Ad.
1651 3896 1711 3904 ....
1748 3855 1899 3918 Asta,
1922 3860 1969 3906 d.
2023 3855 2208 3917 Hasta,
2233 3857 2356 3907 ΒΑ.
2398 3897 2459 3904 --.
2503 3854 2640 3904 Asit-

405 3941 513 3990 quo,
537 3928 599 3976 R.
638 3967 700 3975 -.
741 3923 1034 3984 Caesarina,
1058 3917 1166 3974 ΑΘ
1177 3925 1223 3974 d.
1263 3923 1533 3984 &savinam
1556 3926 1617 3973 R.

473 3992 501 4052 ξ
531 3999 608 4043 12.
645 3990 858 4057 Singilis,
883 3995 943 4043 Τ.
984 4035 1044 4042 -
1083 3993 1144 4053 in,
1171 4007 1272 4040 om.
1299 3990 1378 4041 d¹.
1418 4033 1479 4039 -
1518 3989 1727 4053 Baetim,
1745 3991 1841 4041 R2.
1889 3990 2085 4051 Baetin,
2108 3985 2270 4054 Αβγ.
2315 3987 2637 4047 Belis‚R¹d.

404 4056 637 4123 Betbyce,
662 4074 708 4109 σ.
749 4101 811 4108 -
850 4058 1012 4121 alluit,
1036 4062 1101 4110 A.
1140 4058 1318 4121 abluit,
1342 4061 1444 4110 Rd.
1486 4100 1547 4107 -
1596 4058 1885 4124 Auyustam,
1910 4062 1956 4109 d.
1993 4058 2277 4122 Anyustam,
2301 4059 2425 4108 ΒΑ.
2467 4098 2523 4106 .-
2564 4073 2638 4106 re-

408 4124 606 4188 liquiae,
640 4129 686 4175 d.
726 4168 788 4176 -
826 4126 1030 4187 colonia,
1062 4129 1127 4177 A.
1167 4167 1229 4175 ..-
1269 4127 1503 4187 immunis,
1545 4126 1640 4178 R¹.
1681 4168 1742 4175 .-
1789 4125 1937 4185 Ituci,
1971 4128 2076 4176 Rd.
2132 4124 2307 4190 Itycci,
2340 4126 2406 4175 A.
2459 4124 2637 4183 Itucci,

403 4187 504 4256 βγ.
546 4232 606 4241 -
642 4192 774 4243 Atui
797 4210 938 4256 quae,
963 4209 1009 4242 σ.
1048 4203 1134 4242 aut
1156 4194 1346 4257 ubique,
1370 4195 1434 4244 R.
1482 4192 1638 4244 Ucubi
1662 4211 1801 4258 quae,
1825 4196 1934 4244 Ad.
1975 4235 2036 4242 ...
2075 4190 2284 4253 Nuntia,
2308 4207 2360 4243 σ.
2396 4234 2457 4241 .-
2493 4192 2638 4242 Pom-

397 4258 524 4325 peio,
548 4260 730 4309 RAT.
765 4260 996 4325 Pompeii,
1021 4256 1162 4324 (Ιβγ.
1191 4301 1252 4308 -
1291 4269 1455 4325 rapta,
1478 4261 1701 4312 RATd.
1727 4270 1884 4326 capta,
1908 4257 2008 4326 βγ.
2037 4302 2099 4310 -.
2135 4260 2332 4325 Astyqi,
2356 4262 2476 4310 ΒΤ.
2500 4260 2639 4308 Asti-

404 4325 471 4393 qi,
494 4320 698 4388 Adssr.
736 4328 854 4376 vid.
878 4328 1096 4377 Ptolem.
1122 4341 1290 4387 geogr.
1341 4329 1408 4377 Π.
1435 4334 1482 4389 4,
1512 4335 1587 4377 14.
1619 4370 1677 4376 ..-
1706 4327 1950 4393 Sostippo,
1976 4329 2036 4377 R.
2067 4370 2126 4377 .-
2159 4326 2426 4388 Callecula,
2449 4328 2521 4377 ita
2543 4342 2640 4377 nos
