2961 4861
1088 348 1097 353 ’
1186 366 1564 410 ramnum.
2389 369 2500 409 Lm

255 522 445 579 viores
483 539 684 578 eorum
722 519 987 577 locorum
1026 520 1359 593 afferamus,
1400 520 1523 590 ubi,
1569 537 1701 577 cum
1730 518 2068 577 Harduinus
2099 518 2501 579 auctoritatem

253 648 499 688 suorum
539 629 802 686 codicum
852 635 1087 687 secutus
1128 629 1452 705 pleniorem
1490 628 1797 686 lectionem
1835 626 2354 703 Dalecampianam
2398 622 2500 707 (β)

249 737 642 812 glossematis,
667 744 734 795 ut
759 738 875 812 ipsi
900 738 1231 810 videbatur,
1255 748 1314 796 et
1334 737 1743 797 additamentis
1770 735 2144 794 librariorum
2171 735 2502 809 liberasset,

248 846 704 921 Bambergensis
745 847 898 905 hanc
937 847 1127 923 ipsam
1169 847 1475 905 lectionem
1519 843 1552 927 β
1596 846 1823 906 calculo
1863 864 1972 904 suo
2011 846 2385 923 approbavit,
2429 846 2506 903 ad

251 973 429 1030 quam
469 956 640 1013 nobis
688 956 1080 1013 recedendum
1119 955 1254 1014 fuit.
1319 955 1434 1013 Hic
1475 973 1709 1030 quoque
1752 961 1924 1014 notas
1973 973 2177 1013 eorum
2217 954 2506 1012 librorum

249 1064 559 1135 addemus,
601 1064 704 1138 qui
747 1082 879 1121 cum
905 1062 960 1120 Β
993 1071 1052 1120 ct
1083 1060 1116 1144 β
1146 1064 1405 1134 faciunt3
1447 1065 1550 1122 ubi
1592 1065 1741 1122 tales
1778 1071 1952 1122 notae
1991 1083 2029 1122 a
2065 1064 2236 1122 nobis
2268 1063 2506 1121 additae

250 1191 371 1230 non
399 1172 795 1242 inveniuntur,
837 1173 948 1231 soli
975 1173 1113 1231 libri
1138 1169 1240 1253 Ββ
1281 1174 1642 1249 conspirant.
1688 1171 1841 1231 Sunt
1880 1173 2063 1247 igitur
2100 1172 2164 1230 hi
2201 1172 2322 1230 fere
2354 1172 2503 1231 loci:

251 1277 359 1354 33,
381 1277 443 1340 4.
464 1274 866 1361 P(Passion).
913 1276 1015 1340 36.
1038 1282 1100 1339 h.
1135 1277 1278 1341 161.
1301 1281 1430 1341 Ph.
1478 1277 1581 1354 34,
1610 1277 1751 1340 107.
1779 1282 1946 1339 codd.
1960 1280 2230 1340 Barbari.
2264 1278 2406 1342 177.
2428 1280 2506 1339 Ρ.

250 1385 359 1461 35,
406 1385 547 1450 159.
587 1389 643 1447 P
687 1384 923 1470 (margo
963 1387 1260 1467 Victorii).
1326 1386 1430 1462 36,
1476 1386 1580 1450 30.
1622 1389 1698 1448 P.
1765 1385 1866 1450 35.
1897 1386 2000 1451 81.
2042 1390 2210 1449 codd.
2256 1388 2507 1448 Gelenii.

252 1495 361 1570 37,
386 1493 489 1556 80.
519 1497 560 1554 h
589 1493 680 1577 (et
706 1518 782 1556 ex
809 1506 976 1574 parte
998 1496 1142 1576 GP)
1169 1548 1253 1556 .-
1275 1498 1388 1557 CP
1419 1496 1809 1580 (quamquam
1838 1492 2153 1579 corrupti)‘.
2200 1494 2300 1558 97.
2330 1496 2509 1575 (quae

251 1609 313 1666 in
341 1606 453 1665 hac
480 1611 511 1676 ὅ
540 1607 882 1666 Harduinus
911 1627 945 1665 e
973 1608 1143 1666 codd.
1177 1608 1442 1665 omisisse
1469 1609 1573 1678 ait,
1618 1617 1827 1682 postea
1852 1607 2158 1665 Broterius
2202 1626 2277 1664 ex
2319 1607 2509 1666 omni-

252 1717 369 1776 bus
418 1716 586 1773 libris
635 1709 944 1796 restituit).
1008 1716 1254 1773 Praeter
1295 1715 1403 1771 hos
1441 1715 1606 1772 locos
1651 1723 1790 1773 sunt
1828 1714 1950 1785 alii,
2001 1716 2102 1772 ubi
2151 1733 2270 1771 non
2320 1716 2513 1772 solum

252 1823 731 1898 Bambergensis,
776 1841 988 1881 verum
1017 1822 1190 1879 etiam
1221 1822 1320 1880 alii
1363 1823 1589 1880 codices
1620 1841 1762 1881 sane
1792 1812 2051 1900 corrupti
2078 1823 2389 1880 lectionem
2418 1822 2511 1881 la-

254 1949 544 1992 cunosam
573 1931 834 1989 omnium
862 1930 1177 1989 editionum
1205 1932 1462 2006 explent,
1510 1932 1762 2006 neglecti
1799 1932 1888 1989 illi
1927 1952 1964 1990 a
1992 1932 2136 1991 viris
2167 1933 2353 1991 doctis
2383 1934 2513 2009 qui-

254 2044 373 2100 bus
401 2057 502 2099 eos
529 2039 819 2115 inspicere
846 2038 1041 2109 licuit3
1086 2040 1205 2097 vid.
1236 2036 1340 2111 36,
1375 2036 1542 2112 116.,
1572 2041 1674 2099 ubi
1702 2060 1735 2098 e
1765 2042 2059 2099 codicibus
2099 2051 2233 2100 ante
2262 2062 2355 2100 me
2385 2044 2511 2101 col-

254 2150 395 2208 latis
424 2147 580 2206 Kdr
607 2149 856 2207 editores
886 2154 1140 2206 attentos
1171 2147 1363 2206 facere
1390 2158 1740 2225 potuerunt3
1773 2146 1877 2222 37,
1907 2146 2074 2222 145.,
2106 2151 2206 2209 ubi
2234 2151 2273 2208 d
2303 2151 2516 2210 similia

256 2251 684 2333 Bambergensi
722 2258 979 2315 exhibet.
1040 2254 1160 2316 Sed
1200 2256 1344 2316 haec
1385 2259 1585 2316 omnia
1621 2258 1779 2317 levia
1820 2269 1959 2318 sunt
1996 2278 2142 2335 prae
2181 2260 2301 2318 illis
2344 2262 2511 2333 locis,

258 2368 365 2427 ubi
389 2386 545 2425 unus
572 2366 624 2424 B
652 2367 892 2426 lacunas
922 2384 1074 2441 quae
1101 2366 1405 2442 hucusque
1444 2369 1506 2423 in
1547 2368 1814 2425 omnibus
1857 2369 2155 2426 codicibus
2203 2379 2263 2426 et
2302 2363 2514 2427 editio-

260 2479 434 2537 nibus
465 2478 774 2535 exstabant
798 2477 1031 2552 egregie
1062 2478 1263 2552 explet
1301 2477 1546 2550 eiusque
1582 2478 1759 2535 unius
1800 2478 2149 2535 auctoritate
2188 2477 2352 2536 fretis
2380 2475 2513 2536 Pli-

263 2587 365 2645 nio
392 2605 502 2644 sua
527 2586 839 2643 restituere
866 2585 1038 2642 nobis
1066 2585 1298 2643 licebat.
1356 2584 1559 2643 Missis
1597 2587 1776 2643 rebus
1816 2585 2130 2644 levioribus
2160 2606 2514 2645 commemo-

265 2697 415 2755 rabo
445 2691 549 2767 32,
581 2690 683 2754 36.
718 2689 860 2753 119.
895 2688 1038 2752 125.
1096 2687 1199 2765 33,
1234 2688 1335 2752 75.
1367 2688 1470 2751 76.
1506 2688 1645 2752 110.
1705 2689 1810 2766 34,
1842 2688 1945 2753 88.
1978 2690 2079 2755 95.
2138 2691 2242 2768 36,
2277 2692 2377 2756 65.
2410 2691 2513 2754 79.

268 2800 413 2864 102.
447 2799 589 2862 137.
623 2798 765 2862 180.
823 2797 926 2873 37,
959 2796 1062 2861 38.
1111 2797 1253 2860 170.
1297 2797 1438 2860 176.
1487 2798 1629 2861 199.
1672 2813 1732 2861 et
1768 2822 2046 2880 magnum
2084 2805 2253 2862 illum
2293 2805 2513 2875 locum,

263 2933 382 2988 quo
420 2921 609 2971 totum
649 2930 795 2987 opus
822 2930 929 2987 per
955 2910 1454 2986 Bambergensem
1483 2913 1721 2971 demum
1759 2914 1994 2987 egregie
2036 2914 2346 2971 clauditur.
2403 2912 2516 2970 His

262 3030 458 3080 tamen
496 3022 762 3079 omnibus
803 3039 899 3079 res
942 3022 1202 3078 nondum
1245 3022 1566 3092 conficitur,
1617 3031 1677 3079 et
1716 3021 1854 3078 licet
1895 3020 2035 3078 libri
2086 3040 2192 3077 sex
2238 3021 2520 3094 postremi

262 3130 551 3189 naturalis
592 3130 874 3188 historiae
915 3148 1075 3187 nunc
1112 3128 1300 3186 multo
1341 3129 1686 3203 integriores
1719 3135 1779 3183 et
1806 3128 2099 3204 pleniores
2140 3144 2316 3202 quam
2345 3133 2519 3186 antea

259 3241 535 3314 legantur
551 3280 571 3310 ‚
626 3246 823 3298 tamen
864 3257 983 3295 non
1022 3256 1131 3314 pro
1172 3243 1331 3294 certo
1369 3236 1784 3309 affirmaverim
1823 3221 2050 3293 nullam
2079 3236 2311 3295 omnino
2346 3238 2408 3295 in
2444 3237 2517 3294 iis

260 3348 538 3405 lacunam
576 3353 816 3405 restare.
889 3346 1281 3404 Inveniuntur
1322 3346 1457 3417 loci,
1510 3345 1611 3402 ubi
1657 3345 1997 3421 paucissimi
2046 3364 2238 3421 neque
2288 3365 2518 3423 semper

262 3455 758 3533 praestantissimi
787 3456 1014 3514 codices
1043 3454 1283 3512 lacunas
1311 3453 1568 3530 explent,
1610 3455 1697 3513 uti
1724 3450 1828 3528 36,
1864 3451 1988 3528 11„
2018 3456 2120 3514 ubi
2150 3458 2337 3514 verba
2363 3475 2515 3514 non-

264 3562 436 3623 nulla
479 3581 516 3620 a
557 3564 764 3619 ceteris
807 3563 1076 3621 omnibus
1125 3563 1418 3622 codicibus
1462 3564 1682 3622 omissa
1717 3571 1950 3640 praeter
1996 3561 2081 3645 βγ
2120 3583 2275 3622 unus
2313 3563 2365 3621 B
2409 3583 2516 3622 ex-

252 3674 446 3744 hibet,
488 3671 590 3729 vel
620 3665 722 3744 36,
757 3664 924 3742 130.,
968 3670 1068 3729 ubi
1095 3672 1305 3730 lacuna
1341 3692 1515 3748 quam
1545 3673 1717 3731 BRd
1747 3674 1969 3732 faciunt
2006 3680 2241 3749 praeter
2270 3673 2517 3748 scriptu-

258 3800 390 3842 ram
420 3780 725 3855 vulgatam
752 3779 814 3839 in
842 3798 959 3837 uno
987 3781 1139 3839 libro
1168 3783 1208 3839 h
1236 3800 1352 3839 non
1379 3782 1697 3853 invenitur,
1742 3783 1838 3841 vel
1867 3778 1971 3854 36,
2008 3777 2173 3854 165.,
2205 3782 2306 3840 ubi
2346 3799 2519 3840 verae

262 3891 593 3966 scripturae
634 3890 913 3965 vulgatae
951 3907 1107 3947 unus
1144 3887 1205 3947 K
1239 3891 1478 3949 accedit.
1539 3890 1659 3949 Sed
1702 3885 1960 3950 omnium
2000 3891 2255 3949 maxime
2298 3911 2517 3950 memo-

259 3998 469 4058 rabilis
517 4004 607 4055 est
645 3999 810 4058 locus
854 3994 968 4069 34,
1014 3993 1145 4070 94.,
1197 3999 1297 4056 ubi
1350 3995 1383 4077 β
1436 3993 1625 4077 (quae
1675 3998 1805 4057 aliis
1853 3999 2029 4073 locis,
2080 4001 2168 4059 uti
2217 3996 2338 4071 34,
2373 3996 2514 4060 102.

262 4102 369 4177 37,
404 4103 570 4177 114.,
601 4108 731 4166 sola
756 4109 1000 4166 lacunas
1028 4101 1292 4186 admisit)
1324 4107 1506 4165 verba
1533 4116 1695 4167 recte
1723 4109 1921 4183 habet,
1963 4129 2115 4185 quae
2142 4109 2218 4169 ab
2248 4111 2518 4169 omnibus

271 4216 510 4276 omnino
550 4217 862 4291 codicibus,
917 4217 1091 4276 etiam
1118 4217 1191 4289 B,
1244 4217 1479 4277 absunt.
1556 4215 1776 4278 Totum
1826 4237 1967 4279 vero
2015 4219 2128 4278 hoc
2176 4219 2252 4278 de
2293 4218 2518 4279 lacunis
