2961 4861
609 370 750 421 Lm.
783 375 856 421 11.
916 375 1074 421 CAP.
1108 374 1708 421 Lxx111-Lxxvn.
1774 374 1967 421 snc'r.
2000 377 2173 420 75-79.
2377 362 2496 423 177

270 525 463 591 horae
522 524 830 614 colligat,
868 524 1304 591 Alexandriae
1355 547 1508 591 vero
1562 543 1694 589 xlv
1751 526 1960 603 horas,
2018 527 2086 590 in
2140 525 2325 592 Italia
2374 545 2497 606 xv,

267 624 336 689 in
383 623 716 691 Britannia
774 644 965 704 xvn,
1036 625 1150 692 ubi
1203 635 1446 691 aestate
1513 625 1766 692 lucidae
1829 636 2057 691 noctes
2108 626 2265 690 haut
2307 627 2501 692 dubie

267 726 641 811 promittunt
694 726 764 791 id
818 726 991 810 quod
1045 726 1217 813 cogit
1268 726 1432 791 ratio
1491 726 1686 804 credi,
1747 726 1978 791 solstiti
2032 725 2258 791 diebus
2313 749 2500 792 acce-

267 827 458 891 dente
521 826 649 892 sole
699 829 965 914 propius
1015 827 1320 893 verticem
1367 827 1592 892 mundi
1605 876 1624 906 ,
1690 838 1964 915 angusto
2015 828 2179 893 lucis
2235 828 2501 904 ambitu,

267 927 560 993 subiecta
613 938 824 994 terrae
878 927 1212 994 continuos
1268 927 1406 993 dies
1456 928 1691 994 habere
1746 930 1913 994 senis
1964 927 2291 993 mensibus
2309 976 2327 1005 ‚
2383 950 2500 992 no-

268 1029 515 1112 ctisque
562 1052 597 1094 e
642 1028 896 1094 diverso
940 1028 1024 1093 ad
1063 1029 1357 1095 brumam
1396 1039 1660 1095 remoto.
1740 1028 1937 1111 Quod
1982 1030 2123 1095 fieri
2172 1030 2240 1094 in
2292 1029 2501 1093 insula
2531 1048 2625 1094 187

265 1129 475 1194 Thule
516 1129 806 1213 Pytheas
858 1128 1285 1195 Massiliensis
1338 1130 1563 1196 scribit
1619 1154 1734 1196 sex
1790 1131 2041 1197 dierum
2091 1129 2500 1217 navigatione

262 1230 330 1294 in
385 1230 882 1315 septentrionem
932 1254 972 1295 a
1022 1230 1384 1295 Britannia.
1413 1231 1720 1309 distante,
1790 1233 2051 1317 quidam
2109 1254 2262 1297 vero
2318 1242 2383 1297 et
2432 1231 2501 1294 in

264 1329 469 1395 Mona
522 1352 688 1414 quae
730 1330 927 1395 distat
966 1353 1006 1395 a
1050 1329 1490 1397 Camaloduno
1531 1331 1902 1399 Britanniae
1960 1333 2197 1420 oppido
2249 1333 2502 1398 circiter

265 1447 358 1495 cc
401 1432 577 1497 milia
620 1432 972 1497 adfirmant.

344 1529 675 1598 LXXVI.
752 1535 788 1596 7
793 1533 852 1598 8.
907 1532 1305 1599 Umbrarum
1345 1534 1515 1599 hanc
1566 1535 1880 1601 rationem
1924 1546 1990 1601 et
2033 1558 2227 1620 quam
2269 1546 2502 1601 vocant

262 1633 684 1718 gnomonicen
739 1634 984 1700 invenit
1034 1633 1475 1700 Anaximenes
1533 1634 1830 1700 Milesius
1882 1636 2350 1701 Anaximandri
2419 1636 2501 1701 de

265 1755 392 1816 quo
435 1733 715 1799 diximus
759 1735 1133 1821 discipulus,
1189 1736 1563 1822 primusque
1615 1734 2014 1823 horologium
2059 1737 2232 1819 quod
2274 1736 2500 1820 appel-

262 1836 400 1900 lant
443 1833 865 1901 sciothericon
906 1834 1394 1901 Lacedaemone
1436 1835 1735 1901 ostendit.

344 1933 712 2000 LXXVII.
780 1937 882 2000 79.
923 1935 1149 2021 Ipsum
1191 1935 1360 2001 diem
1402 1934 1511 2000 alii
1554 1935 1738 2001 aliter
1779 1936 2218 2001 observavere.
2275 1935 2498 2020 Baby·
2529 1952 2624 1998 188

258 2035 418 2100 lonii
445 2036 614 2100 inter
642 2034 803 2101 duos
832 2036 981 2101 solis
1012 2046 1291 2114 exortus,
1335 2034 1774 2100 Athenienses
1811 2036 1978 2101 inter
2007 2035 2167 2102 duos
2210 2058 2497 2115 occasus,

260 2135 498 2201 Umbri
540 2159 580 2200 a
621 2137 886 2202 meridie
929 2138 1013 2201 ad
1053 2136 1404 2213 meridiem,
1450 2136 1682 2220 volgus
1709 2158 1896 2200 omne
1939 2159 1979 2200 a
2020 2135 2165 2202 luce
2193 2136 2277 2200 ad
2318 2147 2495 2202 tene-

259 2236 435 2314 bras,
492 2237 862 2301 sacerdotes-
909 2236 1182 2301 Romani
1235 2246 1302 2302 et
1353 2234 1464 2319 qui
1519 2235 1689 2300 diem
1731 2235 1951 2302 finiere
2008 2237 2280 2314 civilem,
2341 2235 2498 2302 item

260 2336 579 2422 Aegyptii
625 2347 690 2401 et
731 2335 1147 2422 Hipparchus
1190 2359 1230 2400 a
1271 2336 1486 2401 media
1526 2345 1716 2401 nocte
1758 2336 1827 2400 in
1868 2336 2165 2402 mediam.
2238 2336 2497 2400 Minora

261 2449 480 2504 autem
530 2438 864 2503 intervalla
922 2460 1062 2504 esse
1115 2437 1279 2503 lucis
1333 2438 1502 2502 inter
1554 2447 1730 2501 ortus
1787 2438 1945 2502 solis·
1989 2437 2171 2501 iuxta
2225 2436 2495 2501 solstitia

260 2645 579 2695 scribendum
601 2659 710 2695 esse
733 2652 902 2695 censet
921 2644 1128 2694 Barbar.
1152 2643 1365 2693 subiecto
1387 2640 1888 2707 terraefffflobert.)
1912 2683 1968 2691 -
1999 2641 2183 2705 haberi,
2208 2646 2414 2695 Robert.
2430 2685 2490 2694 .-

260 2713 409 2772 senis,
433 2711 482 2760 R.
505 2709 583 2774 (iu
608 2709 760 2774 corr.)
785 2714 875 2762 ad.
910 2711 1060 2762 Hanc
1080 2726 1258 2760 vocem
1280 2726 1397 2761 cum
1421 2712 1650 2775 sequenti
1683 2712 1821 2761 delet
1847 2711 1983 2761 Pint.
2021 2752 2083 2765 ,-
2122 2712 2300 2774 diebus,
2335 2712 2387 2765 S.
2426 2752 2489 2762 ...

260 2777 347 2839 ad,
370 2780 546 2830 mad.
581 2797 631 2842 a,
655 2778 727 2830 R¹
749 2780 812 2829 Τ.
848 2821 911 2828 -.
951 2782 1138 2840 bruma,
1162 2779 1223 2828 Τ.

328 2848 359 2910 ξ
388 2850 498 2897 187.
534 2844 644 2913 tyle,
667 2846 731 2897 R.
757 2844 889 2908 thile,
906 2847 1115 2896 Robert.
1139 2846 1293 2895 Hunc
1313 2847 1487 2895 locum
1509 2846 1711 2910 respicit
1726 2846 1911 2897 Dicuil.
1939 2847 2001 2897 de
2022 2861 2181 2896 mens.
2208 2847 2342 2896 orbis
2366 2846 2488 2897 v11.

261 2919 309 2975 2,
352 2920 399 2963 2.
450 2955 515 2963 .-
557 2913 743 2977 pitacus,
784 2914 853 2964 R¹
868 2949 880 2962 .
927 2912 1133 2977 phium-s,
1175 2913 1262 2962 ΒΡ.
1311 2911 1530 2977 phiceas,
1570 2915 1779 2963 Robert.
1824 2914 1942 2962 Vid.
1966 2915 2124 2963 Fuhr.
2148 2910 2368 2975 Pytheas
2392 2929 2486 2963 aus

257 2978 518 3039 Massilia,
549 2995 599 3042 p.
628 2983 707 3030 74.
744 3021 808 3029 .-..
846 2979 1029 3041 scribit,
1062 2979 1230 3031 ΒΤᾶ1
1265 2977 1525 3042 (Bobert.)
1565 2980 1649 3042 qui
1669 2979 1848 3038 scribit,
1872 2980 1944 3028 a¹.
1981 2980 2192 3042 scripsit,
2218 2974 2327 3038 11²ss
2337 2992 2387 3040 γ.
2426 3018 2490 3028 ..-

257 3046 611 3111 εερίεπιτνῐοηῖ,
651 3048 701 3097 R
736 3044 790 3110 (Ξ
828 3062 892 3097 ex
933 3045 1085 3111 corr.)
1120 3089 1184 3097 ...
1219 3045 1522 3108 Brittannia,
1562 3042 1626 3095 R.
1663 3086 1727 3095 .-
1766 3043 2020 3108 quaedam,
2044 3044 2143 3093 R1.
2180 3084 2242 3092 -
2280 3046 2492 3106 innoma,

258 3128 306 3162 σ.
347 3155 409 3163 -
450 3109 790 3175 Camalodun0‚
816 3117 889 3164 ad
912 3112 1161 3176 (Richel.)
1193 3112 1506 3173 Cmaloduno,
1528 3113 1592 3161 R.
1626 3109 1978 3170 Camaladun0‚
2003 3110 2113 3160 ST.
2145 3107 2490 3173 Camoladuno,

257 3197 298 3231 r.
330 3179 741 3244 Calamaladuno‚
764 3183 974 3231 Robert.
1010 3223 1074 3231 .-
1116 3179 1216 3241 GC,
1239 3181 1304 3228 R.
1342 3178 1577 3241 ducentis,
1601 3175 1786 3242 adssr.
1834 3218 1897 3226 -.
1919 3227 1923 3231 ,
1947 3176 2102 3240 milia,
2126 3179 2216 3227 R2.
2261 3175 2490 3239 millibus,

257 3244 442 3313 ειᾱβγ.
479 3250 593 3299 Om.
617 3248 716 3298 R¹.
754 3290 817 3298 -
851 3247 1189 3311 qnomonicem,
1215 3263 1258 3295 a.
1285 3254 1332 3295 et
1356 3261 1492 3309 quem
1515 3265 1558 3295 v.
1581 3261 1868 3308 quomonem,
1890 3245 2023 3293 Pint.
2048 3286 2111 3294 -.
2137 3245 2491 3307 Anaximones,

257 3314 360 3365 1³¹.
396 3357 458 3365 -
494 3315 884 3375 Anaximandri,
916 3316 1058 3364 R2d.
1093 3314 1361 3371 Anaxima‚
1385 3312 1456 3361 R¹
1478 3329 1525 3362 a.
1577 3314 1714 3362 Post·
1737 3313 1831 3363 has
1854 3311 2047 3361 litteras
2067 3313 2244 3361 iisdem
2267 3313 2320 3361 in
2345 3314 2488 3363 codd.

257 3378 398 3442 (Ra)
434 3389 711 3445 sequuntur
733 3377 1058 3430 acellatusam
1083 3422 1146 3430 -
1170 3378 1373 3430 altitudi
1395 3378 1469 3440 (4,
1498 3384 1679 3440 67-5,
1704 3377 1829 3442 34.).
1864 3381 1927 3429 In
1951 3381 2121 3429 codice
2145 3396 2176 3429 a
2198 3381 2357 3429 altera
2380 3396 2487 3429 ma-

253 3463 355 3497 nus
399 3449 615 3509 margini
637 3448 899 3512 adscripsit
920 3450 1072 3498 verba
1091 3446 1419 3497 Anaximenes
1440 3445 1681 3496 Milesius
1706 3488 1769 3497 ..
1796 3447 2118 3498 observavere
2159 3455 2209 3496 et
2230 3455 2489 3510 praeterea

254 3517 412 3564 haec:
450 3532 510 3564 ea
534 3532 657 3578 quae
679 3525 970 3577 sequuuntur
993 3531 1085 3565 non
1108 3516 1333 3579 leyuntur
1355 3515 1425 3563 ita
1447 3522 1502 3563 ut
1524 3515 1712 3579 scripta
1733 3523 1859 3563 sunt.
1885 3511 1980 3561 sed
2007 3531 2067 3563 ea
2101 3532 2227 3578 quae
2260 3516 2496 3577 subsequi

258 3580 429 3632 debent
451 3580 762 3646 requirantur
783 3584 833 3632 in
855 3584 1162 3646 sequentibus
1186 3583 1269 3631 ubi
1287 3580 1560 3633 huiusmodi
1562 3583 1743 3648 fiyura
1767 3592 1839 3632 est
1860 3582 1943 3631 (D
1968 3581 2134 3644 sicque
2161 3598 2252 3646 per
2275 3580 2488 3630 ordinem

259 3647 401 3715 leqito
441 3663 592 3713 usque
634 3646 705 3697 ad
724 3650 881 3713 finem
921 3648 1130 3699 eiusdem
1172 3648 1290 3700 libri
1326 3659 1369 3699 et
1390 3651 1460 3699 sic
1486 3650 1668 3713 incipe.-
1703 3647 1975 3712 Babylonii
1998 3664 2101 3712 seq.
2139 3649 2293 3697 Ianus
2316 3655 2487 3697 autem

256 3717 385 3766 haec
425 3716 709 3766 adnotavit:
761 3715 934 3779 „Illud
974 3718 1174 3779 signum
1215 3732 1331 3766 cum
1372 3718 1693 3780 sequentibus
1732 3717 1895 3766 verbis
1927 3717 2179 3764 invenitur
2198 3722 2314 3778 post
2335 3714 2488 3763 verba

257 3784 371 3833 libri
387 3784 455 3833 V.
492 3784 758 3832 cubitorum
782 3783 1039 3834 altitudine
1063 3785 1327 3845 inveniunt,
1349 3793 1469 3848 post
1491 3786 1699 3847 longam
1723 3799 1965 3843 rasuram,
1988 3784 2075 3832 ubi
2098 3781 2314 3831 fortasse
2335 3782 2488 3831 verba

258 3850 341 3901 dri
348 3850 744 3901 -observavere
765 3851 952 3914 scripta
974 3852 1161 3901 erant.”
1186 3851 1420 3902 Ceterum
1442 3853 1578 3901 Pint.
1599 3852 1802 3900 coniicit
1824 3850 2013 3900 invenit
2035 3846 2265 3900 Milesius
2288 3847 2485 3898 Anaxi-

258 3916 462 3967 mander
484 3917 544 3967 de
568 3933 662 3980 quo
685 3915 898 3968 diximus
918 3919 1212 3983 primusque,
1237 3921 1374 3982 quod
1396 3918 1584 3967 refutat
1608 3919 1820 3968 Salmas.
1845 3931 2009 3966 exerc.
2033 3931 2083 3979 p.
2109 3921 2223 3965 445.
2247 3917 2297 3965 b.
2321 3918 2380 3966 F.
2418 3955 2481 3965 -.

260 3982 478 4034 diximus
511 3982 540 4043 ξ
566 3990 647 4035 31.
684 4026 746 4034 -
786 3983 1072 4050 discipulus,
1097 3988 1202 4035 Rd.
1239 3995 1285 4035 et
1315 3983 1535 4035 Thaletis
1567 3982 1832 4048 discipulus
1863 3984 2022 4047 Khr.
2057 3983 2231 4034 Verba
2262 3990 2311 4031 et
2351 3982 2483 4034 Tha-

259 4049 369 4099 letis
390 4066 526 4115 pone
548 4049 919 4102 Anaximandri
940 4054 1161 4102 collocat
1186 4054 1259 4102 d2.
1295 4092 1358 4101 -
1392 4052 1690 4115 primusque,
1714 4052 1776 4100 R.
1808 4050 1999 4115 primus
2025 4051 2119 4114 qui,
2144 4053 2247 4101 Td.

324 4116 353 4177 ξ
381 4124 493 4168 188.
530 4135 772 4180 occassus,
795 4120 859 4169 R.
893 4119 1079 4170 Hausit
1103 4122 1231 4169 haec
1252 4120 1386 4169 Plin.
1412 4134 1477 4167 ex
1502 4119 1735 4168 Varrone
1758 4134 1838 4182 ap.
1865 4117 1998 4168 Gell.
2033 4125 2081 4176 3,
2108 4125 2153 4168 2.
2174 4159 2237 4168 -..
2259 4118 2330 4168 ad
2349 4135 2481 4179 mer„

257 4184 459 4235 BTad.
483 4186 533 4234 in
555 4201 689 4246 mer„
706 4183 749 4247 β
758 4200 807 4250 r.
828 4228 890 4236 -..
894 4188 1100 4251 finiere,
1123 4181 1411 4237 RTOad1.
1438 4184 1697 4247 diffiniere,
1721 4182 1888 4250 d²ssr.
1913 4225 1969 4234 ...
1994 4183 2197 4236 Minora
2220 4186 2483 4247 maiorave,

262 4245 405 4369 θ.Ρῖ
428 4251 626 4368 εἰυῑὲῑθεηι,
650 4255 823 4304 mad.
846 4254 1097 4316 civitatem,
1120 4253 1217 4304 12¹.
1254 4253 1410 4315 limite,
1434 4255 1486 4303 R.
1508 4255 1573 4303 ad
1594 4267 1754 4315 marg.
1999 4316 2078 4377 12

399 4332 472 4369 m.
