2961 4861
433 321 557 384 160
1129 334 1534 382 NATURAms
1580 333 1968 380 ms'romAE

431 487 510 552 T.
556 486 809 552 Annius
852 484 1017 550 Milo
1061 484 1305 564 occisus
1365 495 1480 549 est.
1527 483 1775 550 Eodem
1833 507 2088 551 causam
2133 485 2386 551 dicente
2442 485 2661 551 lateri-

430 587 553 653 bus
600 586 793 652 coctis
836 586 1118 672 pluvisse
1160 585 1228 650 in
1272 596 1416 650 acta
1460 585 1598 650 eius
1640 586 1790 650 anni
1833 586 2102 651 relatum
2146 597 2263 651 est.

513 686 729 752 LVII.
799 687 900 752 58.
954 685 1301 750 Armorum
1343 685 1623 770 crepitus
1677 695 1742 750 et
1793 685 1986 751 tubae
2039 686 2286 751 sonitus
2330 686 2581 752 auditos
2628 710 2664 751 e
2696 707 2788 751 148

431 789 609 854 caelo
641 785 979 852 Cimbricis
1006 785 1191 851 bellis
1221 785 1586 871 accepimus
1616 785 1967 869 crebroque
1999 796 2063 851 et
2090 787 2271 872 prius
2313 796 2377 851 et
2405 798 2629 873 postea
2643 814 2661 866 3

433 889 618 954 tertio
660 910 813 952 vero
856 887 1192 951 consulatu
1233 884 1407 949 Mari
1451 885 1533 951 ab
1575 885 1901 952 Amerinis
1954 896 2020 952 et
2060 885 2456 954 Tudertibus
2512 910 2662 974 spe-

430 998 601 1052 ctata
643 1011 821 1052 arma
862 986 1163 1054 caelestia
1204 985 1286 1051 ab
1329 995 1478 1050 ortu
1520 1007 1877 1070 occasuque
1905 987 2072 1053 inter
2102 1010 2172 1053 se
2201 990 2661 1068 concurrentia,

429 1089 631 1172 pulsis
676 1110 838 1172 quae
882 1087 962 1153 ab
1006 1108 1237 1152 occasu
1280 1096 1479 1152 erant.
1552 1085 1777 1171 Ipsum
1821 1088 2044 1152 ardere
2088 1089 2334 1153 caelum
2377 1090 2661 1155 minume

428 1188 659 1252 mirum
704 1198 771 1252 et
813 1188 1068 1275 saepius
1111 1188 1339 1264 visum,
1384 1186 1622 1252 maiore
1662 1186 1815 1273 igni.
1841 1186 2121 1253 nubibus
2166 1190 2504 1274 conreptis.

512 1286 761 1351 LVIII.
832 1289 933 1354 59.
996 1285 1343 1352 Celebrant
1396 1284 1634 1352 Graeci
1686 1286 2121 1372 Anaxagoran
2177 1286 2659 1354 Clazomenium
2690 1308 2786 1353 149

429 1388 810 1473 olympiadis
855 1388 1364 1474 septuagesimae
1407 1397 1668 1452 octavae
1725 1388 2002 1453 secundo
2054 1411 2218 1453 anno
2260 1390 2658 1476 praedixisse

430 1489 802 1554 caelestium
841 1489 1196 1553 litterarum
1242 1487 1527 1564 scientia,
1574 1487 1808 1570 quibus
1852 1487 2085 1580 diebus*
2110 1512 2336 1554 saxum
2364 1513 2659 1555 casurum

430 1599 600 1654 esset
659 1612 694 1654 e
749 1590 910 1666 sole,
970 1588 1168 1671 idque
1226 1589 1468 1653 factum
1523 1587 1802 1653 interdiu
1851 1588 1919 1652 in
1972 1587 2282 1655 Thraciae
2341 1601 2520 1675 parte
2575 1591 2660 1656 ad

428 1688 648 1774 Aegos
691 1688 950 1754 flumen.
1027 1686 1161 1770 Qui
1203 1689 1368 1774 lapis
1413 1688 1778 1753 etiamnunc
1820 1690 2176 1754 ostenditur
2217 1691 2658 1776 magnitudine

429 1790 631 1867 vehis,
679 1792 885 1855 colore
930 1790 1177 1867 adusto,
1233 1800 1479 1854 comete
1526 1810 1778 1872 quoque
1821 1788 1947 1855 illis
1989 1790 2282 1855 noctibus
2323 1790 2653 1877 flagrante.

432 1887 629 1969 Quod
671 1891 726 1952 si
770 1890 912 1972 quis
954 1890 1354 1975 praedictum
1398 1890 1636 1967 credat,
1695 1890 1882 1954 simul
1924 1889 2202 1955 fateatur
2243 1913 2506 1956 necesse
2560 1902 2659 1956 est

429 1988 687 2052 maioris
731 1989 1019 2053 miraculi
1064 1989 1463 2053 divinitatem
1509 1988 1938 2074 Anaxagorae
1982 1990 2180 2055 fuisse
2226 1992 2510 2076 solvique
2552 2016 2656 2058 re-

429 2112 572 2152 rum
615 2099 881 2162 naturae
925 2089 1319 2153 intellectum
1363 2100 1424 2152 et
1470 2089 1774 2153 confundi
1817 2090 2048 2168 omnia,
2110 2090 2164 2153 si
2222 2102 2334 2176 aut
2381 2093 2518 2177 ipse
2564 2093 2658 2157 sol

427 2189 591 2275 lapis
637 2210 777 2254 esse
821 2200 933 2253 aut
973 2211 1276 2272 umquam
1318 2188 1598 2273 lapidem
1650 2190 1718 2253 in
1771 2211 1846 2253 eo
1904 2190 2102 2255 fuisse
2148 2191 2476 2269 credatur3
2537 2192 2652 2256 de-

427 2291 639 2356 cidere
696 2302 906 2354 tamen
961 2289 1184 2353 crebro
1240 2312 1367 2354 non
1410 2289 1529 2353 erit
1573 2289 1856 2353 dubium.
1929 2289 2009 2352 In
2050 2289 2274 2374 Abydi
2319 2292 2654 2378 gymnasio

426 2415 510 2458 ex
553 2415 628 2458 ea
672 2413 865 2457 causa
910 2390 1134 2456 colitur
1176 2389 1490 2474 hodieque
1533 2388 1822 2454 modicus
1867 2389 2124 2474 quidem
2187 2392 2302 2456 sed
2356 2414 2547 2476 quem
2588 2393 2654 2457 in

423 2493 637 2557 media
679 2502 988 2557 terrarum
1031 2514 1328 2557 casurum
1368 2491 1543 2556 idem
1583 2490 2004 2576 Anaxagoras
2055 2492 2452 2576 praedixisse
2503 2517 2652 2558 nar-

424 2734 583 2781 detur.
627 2731 761 2781 Nam
791 2732 911 2780 licet.
941 2732 1231 2782 consulatus
1262 2731 1413 2782 Pauli
1445 2738 1497 2780 et
1516 2732 1749 2781 Marcelli
1778 2732 1968 2782 incidat
2006 2734 2062 2782 in
2096 2747 2286 2781 annum
2313 2737 2441 2793 704„
2476 2736 2652 2784 caedes

422 2799 634 2848 Milonis
656 2798 710 2845 in
733 2813 778 2846 a.
807 2801 935 2858 706„
956 2800 1090 2847 unde
1113 2799 1296 2848 horum
1317 2799 1563 2848 librorum
1586 2799 1830 2861 scriptura
1852 2800 2074 2863 aliquam
2096 2800 2200 2847 veri
2219 2801 2434 2862 speciem
2459 2815 2577 2862 prae
2601 2816 2654 2850 se

423 2865 537 2927 fert,
560 2875 731 2915 tamen
751 2873 862 2929 post
881 2866 1014 2913 nude
1045 2866 1268 2928 positum
1302 2867 1353 2914 h.
1378 2866 1413 2914 1.
1449 2865 1676 2925 offendit,
1701 2872 1752 2914 et
1771 2867 1924 2915 verba
1943 2875 2056 2930 post
2077 2881 2252 2915 annum
2274 2882 2381 2916 non
2404 2868 2552 2922 nimis
2577 2883 2652 2917 se-

422 2948 539 2983 vere
563 2933 769 2996 deipsis
794 2933 1061 2983 duodecim
1094 2933 1349 2982 mensibus
1383 2933 1628 2994 capienda
1662 2940 1793 2982 sunt.
1850 2932 1983 2983 Cum
2015 2934 2312 2993 nesciamus,
2349 2950 2448 2997 quo
2480 2950 2653 2984 mense

424 3002 515 3051 illa
536 3001 710 3064 pluvia
732 3001 984 3060 deciderit,
1028 3000 1158 3049 nihil
1192 3015 1289 3049 nos
1319 3000 1544 3062 impedit,
1580 3000 1850 3062 quominus
1886 3001 2123 3048 tredecim
2157 3001 2240 3048 vel
2273 3003 2653 3062 quatuordecim

423 3072 579 3118 modo
604 3083 802 3118 menses
825 3068 1163 3118 intercessisse
1187 3076 1435 3130 putemus.
1472 3066 1555 3115 Ita
1577 3067 1878 3116 dubitationi
1900 3068 2149 3134 Xylandri
2172 3070 2237 3117 ad
2252 3069 2407 3118 Dion.
2428 3068 2566 3119 Cass.
2587 3069 2650 3118 T.

423 3137 466 3185 Ι.
491 3152 541 3199 p.
567 3142 826 3199 320.apte
849 3136 1041 3186 occurri
1066 3136 1319 3185 existimo.
1358 3174 1420 3182 -.
1465 3133 1543 3193 Τ.,
1579 3135 1740 3183 omitt.
1764 3135 1814 3182 R
1836 3137 1892 3182 'a
1910 3137 1938 3181 ¹.
1978 3174 2041 3182 .-
2079 3132 2320 3196 Manlius,
2343 3136 2548 3185 Robert.
2593 3175 2648 3183 -

426 3200 633 3260 Eadem,
666 3203 763 3251 R2.
802 3243 865 3250 ...
895 3196 1128 3266 ρῑαὺίεεε,
1160 3203 1232 3252 ita
1264 3217 1357 3252 nos
1391 3202 1695 3265 scripsimus.
1738 3198 1942 3264 pluisse,
1975 3197 2260 3265 Βαᾱσβγ.
2301 3243 2363 3250 -
2400 3212 2516 3252 acta
2550 3204 2651 3253 eius

425 3268 559 3326 anni,
583 3269 689 3317 Rd.
726 3268 829 3317 eius
854 3270 974 3317 anni
994 3279 1122 3330 acta,
1143 3265 1244 3333 βγ.
1281 3270 1386 3319 eius
1410 3266 1548 3329 anni,
1574 3285 1620 3317 a.
1655 3265 1762 3317 eius
1785 3277 1912 3329 acta,
1935 3268 2143 3318 Robert.

491 3332 521 3392 ᾗ
549 3338 660 3383 148.
686 3333 885 3394 sonitus,
909 3336 959 3385 R
991 3332 1176 3397 (Rob.)
1210 3351 1379 3395 sonus,
1405 3337 1496 3385 ad.
1522 3375 1585 3384 ...
1611 3334 1831 3395 auditus,
1856 3349 1981 3384 σ...
2005 3337 2286 3398 erebroqne,
2310 3337 2415 3386 ΒΤ
2434 3327 2648 3401 Badro.

421 3400 726 3462 crebrosque,
747 3396 805 3461 β.
844 3440 906 3449 ...
943 3409 989 3449 et
1004 3411 1188 3465 postea,
1212 3404 1286 3451 ad
1317 3398 1576 3464 (Robert.)
1613 3411 1801 3467 postea,
1833 3402 1883 3451 R
1903 3404 1933 3450 ¹.
1976 3411 2150 3467 postea
2172 3411 2231 3463 et,
2255 3404 2353 3452 R2.
2392 3444 2455 3452 .-.
2491 3405 2651 3464 tertia,

422 3468 519 3516 R1.
560 3506 621 3514 -
659 3464 785 3526 viro,
807 3468 871 3516 R.
911 3508 973 3515 -
1009 3467 1259 3529 consulati,
1279 3469 1531 3518 Richelet.
1569 3508 1633 3517 ...
1671 3467 1867 3529 Maria,
1889 3470 1953 3518 R.
1990 3466 2161 3518 Marii
2193 3487 2242 3530 a,
2267 3473 2353 3519 ad.
2391 3468 2578 3519 Martii
2600 3487 2649 3531 a,

422 3548 471 3582 σ.
508 3573 571 3581 .-
613 3530 875 3594 Amerinis,
909 3533 1094 3583 Sabell.
1142 3531 1467 3594 Mamertinis,
1509 3528 1715 3584 Badra
1740 3533 2009 3597 (Robert.)
2053 3534 2380 3597 Mamertinis,
2411 3538 2475 3586 R.
2527 3537 2647 3585 Vid.

420 3601 681 3652 Plutarch.
704 3602 833 3650 Mar.
862 3604 941 3651 17.
979 3641 1042 3650 ....
1087 3610 1350 3665 expectata,
1372 3601 1470 3652 Ru
1510 3643 1572 3650 -
1620 3618 1939 3666 occasuqnae,
1962 3604 2025 3653 R.
2080 3618 2145 3652 .-;
2186 3604 2341 3666 pulsis
2367 3619 2511 3667 qnae,
2542 3605 2647 3653 Ra.

414 3666 696 3733 pulsisque,
722 3669 810 3717 do.
844 3665 1105 3732 pulsisque
1130 3684 1238 3732 que,
1262 3669 1323 3716 T.
1351 3708 1411 3715 .-
1437 3676 1502 3729 et,
1524 3670 1588 3719 R.
1626 3677 1702 3716 est
1725 3678 1781 3730 et,
1806 3686 1838 3719 a
1856 3667 2038 3731 (Rob.)
2055 3666 2155 3734 βγ.
2188 3676 2283 3730 -;-,
2309 3673 2357 3719 (1.
2384 3711 2445 3719 .-.
2472 3670 2521 3717 in
2546 3687 2648 3719 ma-

420 3735 540 3795 iore,
563 3736 661 3785 R'.
697 3776 759 3784 .-.
799 3733 915 3800 iyni,
937 3735 1037 3784 R2.
1081 3734 1199 3798 iyne,
1230 3727 1375 3799 Bar.
1411 3734 1615 3798 iynibuS,
1647 3751 1679 3784 a
1698 3738 1725 3784 ¹.
1775 3752 1849 3797 ne,
1875 3738 2047 3787 R¹a¹.
2084 3738 2149 3797 vi,
2173 3737 2306 3786 Rob.
2346 3737 2398 3786 vi
2419 3737 2565 3799 iqnis,
2586 3733 2646 3798 β.

498 3801 527 3862 §
574 3806 684 3852 149.
730 3802 1094 3865 Anax-aymam
1129 3804 1162 3851 d
1203 3799 1462 3864 (Robert.)
1513 3800 1883 3864 Anaxuzown,
1925 3820 1970 3853 a.
2024 3801 2408 3866 Anmaqoram,
2452 3799 2645 3867 Βῖβγ.

418 3867 789 3929 Anaxazoram,
813 3871 863 3919 R
881 3872 914 3918 ¹.
958 3909 1014 3916 -
1058 3865 1451 3929 Clazomenium,
1476 3869 1527 3917 R
1542 3873 1577 3916 ².
1615 3867 1969 3930 zlazomenium,
1992 3872 2041 3921 R
2062 3874 2091 3919 ¹.
2117 3911 2178 3919 .-
2215 3871 2439 3931 seeundo,
2462 3872 2645 3920 R2ad.

419 3953 546 3985 meve
568 3937 785 3997 secundo,
810 3938 859 3986 R
878 3940 907 3987 ¹.
946 3978 1007 3985 -
1045 3936 1333 3995 litterarum,
1356 3937 1541 3985 R2ad.
1587 3935 1790 3985 militiae
1812 3953 1997 4000 rarum,
2029 3940 2077 3987 R
2096 3941 2126 3984 ¹.
2163 3937 2455 3999 militiarum,
2487 3930 2543 3986 θ.
2583 3979 2644 3985 .-

420 4018 699 4059 causarum,
731 4017 780 4052 σ.
820 4045 882 4052 -.
920 4020 961 4065 e,
994 4005 1134 4053 R2a.
1180 4020 1254 4061 ex,
1287 4005 1333 4052 d.
1382 4001 1457 4063 de,
1483 4002 1578 4052 R¹.
1627 4021 1674 4061 a,
1706 4005 1913 4054 Robert.
1953 4046 2013 4053 .-
2052 4004 2250 4066 trachie,
2283 4005 2348 4054 R.
2389 4046 2449 4053 -.
2488 4006 2645 4070 eyhos,

418 4069 482 4117 R.
523 4109 582 4116 -
620 4070 787 4133 lapsis,
811 4072 858 4120 R
879 4071 917 4119 ¹.
955 4111 1017 4120 ...
1064 4070 1348 4128 etiamnunc,
1382 4072 1565 4120 R2’ad.
1620 4070 1905 4131 etiamminc‚
1937 4086 1985 4119 σ.
2024 4072 2215 4131 etiamn,
2249 4074 2297 4122 R.
2317 4075 2346 4120 ¹.
2386 4113 2447 4120 -..
2496 4069 2646 4129 vehis,

420 4135 652 4184 RTad¹.
700 4135 938 4197 vehibilis,
973 4138 1009 4188 S
1043 4135 1303 4198 (Robert.)
1338 4141 1421 4186 (12.
1477 4136 1698 4197 vehiculi,
1730 4140 1794 4187 K.
1846 4180 1905 4186 ,-.
1952 4136 2124 4198 colere,
2157 4142 2254 4189 R¹.
2313 4181 2373 4187 -.
2428 4136 2644 4198 adkisto,

419 4201 514 4251 13¹.
553 4242 615 4250 -
652 4204 827 4263 comite,
850 4204 948 4253 R'.
988 4244 1049 4252 .-.
1090 4202 1410 4268 praedictum,
1444 4205 1494 4253 R.
1526 4202 1605 4264 (in
1638 4203 1793 4265 corr.)
1827 4209 1873 4254 d.
1932 4206 2159 4265 relictum,
2196 4223 2240 4256 a.
2282 4248 2340 4254 -
2379 4206 2563 4260 credat,
2597 4207 2646 4254 R
