2961 4861
470 377 577 418 LVI
1394 373 1772 416 PRAEFATIO.

469 527 722 586 tionibus
750 544 995 603 prorsus
1024 543 1153 586 esse
1180 525 1452 598 liberum,
1496 535 1556 583 et
1594 526 1656 584 in
1695 524 1926 582 utendis
1965 523 2206 598 singulis
2245 541 2537 582 summam
2563 544 2735 601 pru-

468 637 722 695 dentiam
749 634 987 713 requiri,
1018 654 1171 708 cum,
1203 636 1292 693 uti
1327 636 1504 693 modo
1533 634 1817 704 dicebam,
1864 639 1922 689 et
1961 633 2021 689 in
2048 631 2217 690 malis
2244 631 2414 690 libris
2442 635 2636 692 bonae
2668 642 2737 693 et

464 747 527 804 in
554 746 724 805 bonis
751 744 944 803 malae
973 743 1293 821 scripturae
1321 743 1847 819 deprehendantur.
1902 738 2073 817 Quod
2113 759 2247 798 cum
2285 741 2404 799 iam
2433 761 2510 799 ex
2536 745 2727 801 modo

464 855 662 913 allatis
691 854 837 913 locis
864 853 1079 927 partim
1106 853 1372 929 prodeat,
1411 851 1638 925 aliquot
1673 850 1907 920 addam,
1947 849 2050 908 ubi
2090 849 2154 907 in
2191 849 2580 909 deterioribus
2621 870 2729 910 co-

465 962 691 1021 dicibus
727 962 914 1019 bonas
953 961 1228 1020 lectiones
1272 966 1537 1020 servatas
1579 978 1708 1019 esse
1749 959 2038 1028 videmus,
2077 975 2232 1031 quae
2271 967 2330 1015 et
2370 976 2480 1016 sua
2505 969 2733 1018 natura

467 1076 527 1130 et
577 1070 886 1145 aliquoties
939 1070 1270 1128 testimonio
1310 1067 1768 1142 Bambergensis
1819 1066 2205 1142 suspicionem
2252 1067 2752 1159 interpolationis-

466 1196 713 1256 prorsus
762 1178 1045 1237 reiiciunt.
1112 1178 1207 1237 Ita
1248 1174 1367 1250 32,
1409 1172 1513 1236 52.
1565 1179 1743 1247 iecur,
1794 1175 1953 1249 quod
2001 1174 2274 1233 omittunt
2310 1172 2598 1247 VRTd,
2646 1179 2728 1236 ob

467 1305 646 1362 quam
676 1286 1047 1345 omissionem
1074 1287 1243 1345 locus
1273 1287 1348 1344 ab
1379 1284 1700 1343 editoribus
1727 1283 1898 1341 foede
1926 1289 2018 1342 est
2051 1281 2458 1358 interpolatus,
2501 1284 2725 1343 habent

464 1392 568 1453 Ρδ
588 1391 761 1475 θρφ,
799 1396 1109 1454 accedente
1136 1391 1227 1464 133
1273 1389 1375 1466 32,
1409 1387 1513 1452 50.
1544 1396 1734 1451 nassis
1763 1399 2035 1449 enotatur
2062 1410 2139 1449 ex
2164 1409 2282 1449 nno
2308 1390 2392 1463 Κ,
2434 1394 2726 1451 omissum

463 1506 527 1564 in
553 1497 967 1574 BVROTd,
1009 1504 1166 1577 quod
1200 1502 1411 1560 iniuria
1449 1501 1675 1560 factum
1718 1521 1850 1560 esse
1878 1502 2050 1559 docet
2075 1509 2310 1577 praeter
2334 1500 2724 1563 Aristotelem

463 1614 755 1690 particula
793 1614 880 1672 vel
920 1612 982 1670 in
1021 1611 1240 1670 eisdem
1279 1611 1550 1670 omnibus
1589 1611 1886 1668 codicibus
1915 1618 2153 1667 exstans
2182 1617 2240 1668 et
2270 1610 2723 1686 explicationem

465 1741 584 1781 non
623 1722 960 1793 admittenS‚
1001 1721 1115 1780 nisi
1148 1720 1295 1779 illud
1334 1739 1546 1779 nomen
1574 1718 1835 1787 additur3
1876 1713 1981 1789 33,
2010 1713 2116 1777 45.
2155 1728 2386 1794 urgente
2431 1717 2504 1788 Q.
2549 1713 2625 1799 (i.
2668 1740 2722 1780 e.

464 1826 716 1913 Quinto)
760 1831 868 1890 soli
907 1831 1124 1889 habent
1150 1828 1237 1901 il;
1277 1829 1416 1886 inde
1452 1829 1721 1887 fecerunt
1748 1836 1980 1902 urgente
2008 1847 2171 1903 quem
2196 1825 2269 1899 B,
2300 1838 2536 1902 urqente
2560 1850 2722 1888 mar-

460 1958 698 2014 cumque
735 1939 826 2009 V,
869 1949 1102 2013 urqente
1149 1942 1415 1997 Marcum
1465 1937 1535 2006 Q.
1573 1935 1784 2006 RTd3
1824 1936 2004 2014 paulo
2047 1935 2203 1994 infra
2242 1933 2533 1996 Gronovii
2572 1959 2718 1998 con-

461 2049 687 2107 iectura
715 2049 1004 2106 teruncius
1034 2047 1273 2105 fulcitur
1300 2065 1407 2122 per
1435 2047 1594 2105 solos
1621 2046 1676 2104 il
1691 2064 1709 2116 3
1751 2046 1976 2104 accedit
2004 2048 2324 2105 terruncius
2352 2065 2430 2104 ex
2454 2046 2541 2118 B3
2582 2048 2720 2108 hinc

460 2155 726 2215 fecerunt
763 2158 1012 2217 teruncis
1040 2155 1253 2227 VTd,
1304 2157 1522 2214 ter-unis
1565 2155 1651 2226 R3
1692 2149 1797 2226 34,
1829 2149 1932 2215 85.
1974 2156 2271 2214 Lesbocles
2307 2164 2466 2214 recte
2501 2156 2717 2234 legitur

458 2266 520 2323 in
548 2282 636 2336 m3
666 2263 821 2322 male
848 2266 1114 2324 Lesboles
1142 2265 1361 2323 habent
1388 2262 1589 2337 VRd,
1633 2265 1901 2324 Lesbotes
1929 2262 2001 2322 B.
2048 2261 2280 2337 Quibus
2306 2265 2370 2323 in
2396 2265 2545 2324 locis
2576 2268 2711 2341 quis

458 2374 602 2435 talia
624 2373 886 2434 'librariis
923 2372 1210 2453 imputet?
1266 2374 1541 2450 Vestigia
1583 2380 1722 2433 sunt
1758 2373 2069 2433 meliorum
2109 2373 2379 2447 fontium,
2421 2393 2566 2434 casu
2606 2376 2713 2435 illa

459 2484 652 2543 deleta
678 2487 740 2544 in
769 2485 938 2544 libris
966 2486 1161 2557 bonis,
1201 2493 1436 2543 servata
1461 2485 1524 2542 in
1561 2485 1758 2556 malis,
1799 2490 1868 2541 ut
1907 2484 1967 2542 in
1995 2484 2175 2543 Plinii
2212 2478 2444 2560 quoque
2484 2487 2710 2546 codices

459 2594 672 2653 cadant
700 2612 850 2670 quae
892 2594 966 2652 de
1004 2594 1134 2653 aliis
1173 2593 1552 2671 scriptoribus
1584 2593 1974 2651 observarunt
1998 2592 2230 2652 Iacobs.
2259 2594 2445 2669 praef.
2476 2596 2554 2653 ad
2579 2596 2708 2655 Ae-

334 2777 372 2796 Η
457 2703 594 2761 lian.
636 2703 801 2761 Hist.
846 2702 1048 2762 Anim.
1092 2703 1168 2761 T.
1198 2703 1250 2760 Ι.
1294 2722 1354 2778 p.
1383 2702 1565 2760 XIX.
1606 2711 1665 2761 et
1708 2699 1983 2778 Spengel.
2022 2702 2205 2778 praef.
2249 2704 2329 2760 ad
2365 2703 2709 2766 Aristotelis

456 2810 774 2870 Rhetorica
800 2812 877 2869 ad
904 2810 1338 2870 Alexandrum.
1386 2810 1550 2883 Quae
1589 2828 1792 2868 omnes
1834 2810 2203 2869 difficultates
2241 2812 2380 2871 licet
2416 2817 2710 2875 stemmati

458 2922 724 2980 codicum
751 2919 1157 2979 Plinianorum
1187 2920 1586 2995 componendo
1617 2928 1943 2991 occurrant,
1985 2920 2310 2995 periculum
2347 2928 2545 2982 tamen
2584 2924 2709 2983 eius

457 3030 776 3090 secundum
814 3029 1127 3089 duodecim
1164 3028 1346 3088 libros
1385 3027 1562 3087 Plinii
1602 3027 1796 3086 adhuc
1838 3046 1877 3085 a
1915 3048 2007 3086 me
2047 3030 2387 3088 emendatos
2424 3025 2572 3104 ieci,
2616 3032 2710 3091 cui
2793 3093 2800 3098 ,

454 3141 601 3200 haec
649 3139 768 3199 duo
818 3139 1244 3216 praemittenda
1292 3145 1449 3212 sunt,
1502 3157 1597 3196 me
1647 3156 1850 3197 eorum
1890 3139 2174 3211 codicum,
2227 3156 2481 3214 quorum
2520 3159 2710 3217 pauca

453 3251 627 3308 modo
668 3256 946 3327 excerpta
985 3251 1130 3308 mihi
1165 3256 1401 3325 praesto
1441 3255 1610 3306 erant
1647 3241 1887 3325 (quales
1923 3256 2061 3305 sunt
2088 3240 2184 3324 Δη
2201 3243 2414 3323 λθὲς),
2456 3252 2704 3310 mentio-

454 3376 589 3416 nem
632 3376 751 3415 non
801 3357 1008 3415 fecisse
1060 3373 1251 3432 neque
1299 3355 1486 3431 magis
1528 3355 1721 3414 facere
1755 3356 2021 3433 potuisse
2057 3355 2383 3431 scripturae
2419 3356 2544 3431 Kr‚
2589 3378 2708 3435 qua

455 3485 572 3524 non
615 3463 733 3522 duo
772 3465 1015 3538 codices,
1059 3465 1162 3524 sed
1204 3481 1311 3521 sex
1353 3464 1479 3521 sine
1507 3465 1870 3532 accurat-iore
1911 3464 2239 3523 discrimine
2275 3465 2703 3540 significantur3

454 3583 582 3634 tum
622 3590 717 3630 me
760 3573 989 3632 codices
1026 3572 1140 3631 sibi
1179 3571 1477 3647 appositos
1510 3565 1630 3652 (uti
1661 3566 1779 3632 ΘΙ)
1796 3572 1932 3650 Td)
1972 3592 2089 3633 non
2127 3594 2203 3633 ex
2228 3576 2434 3634 eodem
2458 3595 2704 3653 prorsus

453 3683 617 3743 fonte
642 3685 908 3754 haustos,
953 3682 1057 3741 sed
1083 3680 1165 3740 ita
1192 3680 1368 3738 modo
1399 3681 1698 3742 derivatos
1725 3683 2082 3756 existimare,
2122 3692 2191 3743 nt
2226 3684 2485 3743 familiae
2514 3705 2703 3761 quan-

455 3792 592 3851 dam
630 3791 1066 3852 similitudinem
1104 3807 1251 3867 prae
1295 3809 1358 3850 se
1395 3791 1609 3863 ferant,
1653 3791 1846 3867 qualis
1883 3794 2060 3851 etiam
2087 3794 2149 3852 in
2178 3795 2514 3854 hominibus
2553 3795 2701 3854 eius·

455 3900 588 3959 dem
625 3901 817 3976 gentis
859 3903 935 3960 ab
972 3919 1092 3960 uno
1134 3909 1309 3960 atavo
1352 3902 1593 3979 stirpem
1637 3902 2052 3961 deducentibus
2105 3903 2473 3965 observatur.
2538 3904 2701 3981 Ergo

454 4011 566 4069 hoc
592 4009 716 4070 iere
744 4011 918 4070 modo
950 4010 1172 4071 codices
1199 4010 1450 4072 Pliniani
1477 4010 1818 4086 disponendi
1846 4013 2145 4071 videntur:
