2961 4861
287 255 412 318 200
983 259 1391 314 NATURAms
1437 266 1829 314 HISTORIAE

795 345 814 370 2,

283 420 516 507 flagrat
555 419 833 503 quadam
875 418 1073 485 veluti
1105 418 1353 505 piscina
1380 416 1591 507 iugeri
1618 416 2082 505 magnitudine,
2129 415 2528 505 Aethiopum

284 522 467 586 iuxta
506 518 900 606 Hesperium
952 529 1236 584 montem
1291 520 1619 586 stellarum
1662 518 1852 585 modo
1898 519 2105 605 campi
2146 530 2383 599 noctu3
2441 519 2530 585 si-

284 621 520 687 militer
561 622 628 685 in
671 619 1359 708 Megalopolitanorum
1402 640 1590 707 agrO,
1648 618 1901 684 tametsi
1943 618 2233 685 internus
2277 622 2361 686 sit
2401 621 2530 700 ille,

284 722 606 788 iucundus
662 722 1087 804 frondemque
1140 721 1319 786 densi
1380 742 1575 806 supra
1628 741 1698 786 se
1740 721 2016 785 nemoris
2059 743 2187 786 non
2232 721 2528 787 adurens.
2576 781 2585 784 ,

285 822 376 887 Et
418 822 612 907 ¹iuxta
671 821 957 910 gelidum
1017 821 1260 887 fontem
1314 842 1571 906 semper
1623 820 1856 885 ardens
1907 819 2272 908 Nymphaei
2327 833 2534 889 crater
2558 842 2661 887 238

288 925 428 989 dira
482 921 909 1009 Apolloniatis
979 922 1111 987 suis
1167 921 1493 1008 portendit
1509 969 1528 999 ,
1595 931 1665 985 ut
1719 919 2179 1009 Theopompus
2234 924 2496 989 tradidit
2510 950 2530 1003 3

290 1035 566 1113 augetur
607 1023 920 1089 imbribus
966 1022 1298 1111 egeritque
1339 1021 1633 1102 bium-nen
1678 1021 2163 1108 temperandum
2206 1025 2382 1089 fonte
2424 1025 2535 1091 illo

291 1124 684 1212 ingustabili‚
731 1124 887 1189 alias
930 1124 1102 1190 omni
1140 1116 1455 1209 biAEQQ
1500 1122 1783 1190 dilutius.
1850 1119 1987 1188 Sed
2028 1123 2174 1207 quis
2213 1124 2373 1191 haec
2412 1125 2536 1191 mi-

290 1226 516 1290 retur?
582 1225 663 1289 In
704 1225 917 1290 medio
960 1224 1122 1289 mari
1163 1221 1368 1287 Hiera
1417 1222 1628 1290 insula
1677 1224 1871 1288 iuxta*
1900 1222 2153 1289 Italiam
2207 1246 2354 1291 cum
2393 1226 2538 1312 ipso

291 1326 452 1391 mari
494 1349 708 1391 arsere
751 1348 868 1413 per
911 1325 1153 1409 aliquot
1208 1324 1345 1389 dies
1390 1323 1606 1388 sociali
1622 1318 1847 1403 ‘beu0,
1904 1324 2109 1391 donec
2148 1325 2388 1414 legatio
2433 1347 2536 1407 se-

295 1437 487 1518 QS
533 1428 838 1514 expiavit.
903 1425 1215 1491 Maxumo
1247 1434 1458 1490 tamen
1487 1426 1669 1512 ardet
1694 1424 1991 1493 incendio
2019 1426 2246 1493 Theon
2274 1426 2541 1493 ochema

233 1551 234 1554 ¹
300 1527 545 1594 dictum
586 1528 987 1613 Aethiopum
1028 1528 1253 1614 iugum
1298 1517 1723 1611 torrentisque
1775 1527 1925 1592 solis
1978 1527 2314 1593 ardoribus
2354 1526 2538 1591 fiam-

297 1652 446 1695 mas
488 1628 746 1717 regerit.
830 1627 959 1693 Tot
1010 1628 1167 1693 locis
1189 1676 1208 1705 ,
1269 1637 1366 1694 tot
1413 1626 1726 1693 incendiis
1783 1650 1998 1693 rerum
2050 1638 2278 1693 natura
2336 1638 2540 1694 terras

298 1741 557 1796 cremat.

385 1827 596 1896 CVII.
670 1830 814 1893 111.
865 1828 1215 1894 Praeterea
1258 1851 1405 1895 cum
1450 1829 1533 1892 sit
1572 1828 1765 1893 huius
1807 1828 1996 1893 unius
2043 1830 2337 1897 elementi
2378 1830 2541 1895 ratio
2567 1847 2668 1892 239

299 1930 579 1994 fecunda
643 1950 837 2011 seque
899 1930 1042 2015 ipsa
1101 1928 1314 2015 pariat
1366 1939 1431 1994 et
1487 1927 1787 1994 minumis
1840 1940 2088 1995 crescat
2139 1953 2179 1995 a
2232 1930 2542 2010 scintillis,

299 2030 459 2114 quid
512 2030 650 2094 fore
698 2030 1058 2114 putandum
1103 2040 1202 2094 est
1242 2030 1310 2093 in
1355 2038 1450 2093 tot
1491 2029 1665 2117 rogis
1710 2040 1948 2108 terrae,
2006 2021 2250 2114 quaev'e
2296 2041 2393 2096 est
2432 2032 2544 2098 illa

300 2140 561 2208 natura,
625 2151 790 2213 quae
843 2131 1258 2195 voracitatem
1310 2130 1379 2193 in
1432 2141 1569 2194 toto
1622 2130 1862 2197 mundo
1915 2131 2355 2197 avidissimam
2410 2133 2545 2199 sine

302 2232 534 2297 damno
580 2231 681 2296 sui
723 2231 970 2315 pascit?
1027 2230 1377 2295 Addantur
1418 2230 1519 2294 his
1564 2229 1776 2311 sidera
1814 2219 2149 2296 innumera
2189 2233 2544 2320 ingensque

233 2323 243 2334 ’
306 2335 423 2413 sol,
469 2334 787 2399 addantur
828 2332 1089 2424 humani
1130 2334 1316 2421 ignes
1360 2342 1426 2397 et
1464 2331 1753 2417 lapidum
1790 2354 2043 2417 quoque
2072 2333 2247 2398 insiti
2275 2343 2543 2399 naturae

303 2436 656 2520 attrituque
697 2434 865 2501 inter
907 2456 976 2500 se
1017 2434 1214 2522 ligni,
1270 2434 1401 2499 iam
1440 2433 1711 2511 nubium
1754 2443 1819 2498 et
1861 2434 2142 2522 origines
2185 2435 2543 2500 fulminum.

304 2536 584 2602 Excedit
610 2536 903 2622 profecto
931 2535 1238 2600 miracula
1266 2535 1478 2600 omnia
1519 2534 1723 2600 ullum
1766 2533 1937 2601 diem
1980 2535 2204 2614 fuisse,
2250 2558 2379 2620 quo
2421 2557 2548 2601 non

393 2743 640 2807 flayrato,
679 2743 781 2793 Β1.
838 2781 900 2790 ...
955 2741 1213 2806 quaedam,
1235 2735 1393 2794 12¹8.
1450 2783 1513 2792 -.
1565 2742 1730 2805 veluti,
1754 2743 1858 2794 Ra.
1912 2743 2062 2805 velut,
2084 2736 2240 2794 Assd
2264 2740 2449 2807 (Rob.)
2486 2783 2549 2793 ..-

308 2807 615 2872 .Aethiopum,
637 2810 689 2859 Β
704 2812 721 2845 1
737 2808 833 2858 Aa
847 2811 865 2845 1
883 2811 930 2858 d.
974 2810 1084 2860 item
1105 2807 1400 2875 Aethiopum,
1423 2810 1473 2860 Β
1488 2813 1510 2846 ²
1525 2813 1592 2859 a²
1605 2805 1709 2875 βγ.
1747 2849 1811 2859 -...
1845 2809 2154 2874 Hesperium,
2179 2828 2224 2862 a.
2259 2810 2549 2875 Hesperum,

308 2877 583 2928 RASTd.
618 2873 862 2942 Hesperu,
884 2877 1020 2926 Pint.
1059 2917 1122 2925 ..
1158 2886 1311 2939 noctu,
1334 2877 1588 2928 RAa¹d.
1634 2886 1773 2927 noctu
1808 2877 1968 2939 nitent,
2000 2874 2183 2943 a2197.
2232 2918 2295 2928 ..-
2339 2876 2548 2939 tametsi,

310 2947 390 2995 a2.
426 2961 540 2994 nam
557 2944 621 3006 si,
645 2944 859 2995 RATa
875 2946 893 2980 1
910 2946 945 2994 d
968 2941 1153 3006 (Βοὴ.)
1180 2985 1245 2994 -..
1265 2944 1493 2993 internus
1518 2946 1601 3006 sit,
1624 2945 1767 2995 Ra2.
1804 2945 2041 2995 internum
2062 2949 2137 3006 sit,
2162 2948 2242 2996 a1.
2278 2943 2552 3005 intermisit,

311 3012 428 3063 Ad.
467 3011 520 3061 in
545 3011 758 3062 terminis
781 3012 863 3074 sit,
885 3013 1020 3064 Rob.
1058 3053 1123 3062 ...
1142 3012 1378 3077 frondem
1403 3009 1538 3076 quod
1560 3013 1705 3073 ensis,
1727 3012 1792 3062 Β.
1830 3052 1894 3061 .-
1930 3013 2134 3074 adures,
2157 3013 2259 3062 Β1.

379 3078 410 3140 ἓ
436 3087 551 3131 238.
575 3078 663 3140 Et,
688 3096 789 3130 om.
807 3081 905 3130 Β1.
928 3080 1131 3131 Primus
1153 3081 1282 3130 haec
1303 3080 1456 3129 verba
1478 3096 1511 3129 a
1533 3079 1872 3143 superioribus
1893 3080 2297 3143 interpungendo
2332 3078 2555 3128 seiunxit

317 3148 453 3198 Pint.
491 3188 555 3196 ...
610 3146 859 3213 eqelidum,
891 3148 1028 3198 Pint.
1063 3163 1129 3198 ex
1159 3147 1324 3199 Strab.
1361 3151 1405 3198 7.
1439 3162 1490 3211 p.
1517 3153 1633 3196 310.
1672 3187 1734 3195 -
1769 3147 1992 3211 nimpaei,
2015 3149 2112 3198 Β1.
2150 3188 2214 3196 ..-
2247 3155 2431 3211 yrater,
2452 3147 2555 3196 Β1.

309 3223 530 3280 matera,
551 3213 652 3264 Rt.
690 3255 755 3263 ..-
788 3212 1121 3278 Apolliniatis,
1142 3215 1250 3265 Rd.
1260 3215 1453 3279 sontem
1474 3212 1755 3279 Nymphaei
1774 3221 1941 3263 crater
1947 3233 1966 3276 ,-
1989 3215 2105 3264 dira
2125 3230 2313 3277 semper
2332 3212 2427 3278 Ap.
2451 3212 2559 3263 suis

308 3289 435 3346 port.
461 3280 656 3339 ardens,
675 3281 829 3342 Pint„
854 3284 942 3344 qui
962 3291 1222 3345 praeterea
1245 3280 1453 3347 eyelidos
1462 3282 1636 3345 fontes
1660 3281 1763 3344 legi
1781 3295 1932 3344 posse
1957 3282 2043 3331 ait.
2076 3279 2146 3332 Et
2160 3283 2307 3332 iuxta
2324 3277 2556 3345 eqelidum

299 3348 494 3412 fontem
525 3344 710 3396 ardens
731 3346 798 3398 N.
822 3364 892 3396 cr.
919 3347 1036 3398 dira
1057 3364 1242 3413 semper
1262 3348 1444 3414 Apoll„
1465 3349 1644 3400 Dalec.
1683 3389 1746 3398 .-
1790 3346 2136 3415 ἸἸιεοΡοπῳαε,
2169 3348 2405 3411 fragmm.
2436 3352 2556 3397 316.

318 3416 395 3464 ed.
419 3414 623 3463 Mffler.
660 3453 724 3462 .-.
763 3411 933 3474 tradit,
959 3416 1064 3464 Td.
1093 3455 1155 3463 -.
1182 3423 1238 3463 ut
1261 3425 1487 3480 anyetur,
1511 3418 1610 3466 R2.
1639 3457 1699 3464 -
1728 3414 1935 3480 ἰφιίὁαε,
1968 3417 2066 3467 R2.
2106 3456 2169 3465 .-
2216 3414 2380 3481 eyerit,
2405 3429 2454 3464 σ.
2494 3454 2557 3463 .-

300 3482 512 3546 fontem,
534 3479 605 3530 A.
643 3520 706 3528 -.
742 3480 1077 3545 ἰηριιεεαὸἰῑία,
1099 3482 1197 3532 Β1.
1237 3523 1299 3530 .-
1336 3481 1485 3545 alias,
1509 3485 1542 3532 d
1565 3479 1644 3543 (in
1666 3481 1882 3546 rasura.)
1919 3523 1984 3532 ....
2021 3498 2170 3546 omne,
2193 3485 2243 3534 R
2262 3485 2292 3532 ¹.
2331 3522 2395 3533 ...
2431 3482 2557 3532 dizu-

319 3557 418 3609 ωε,
441 3549 506 3600 Β.
543 3544 749 3608 dulcius,
770 3563 811 3597 r.
849 3588 912 3596 -
949 3547 1132 3609 insula,
1156 3550 1342 3599 ΒΤε),2
1360 3551 1393 3598 d
1428 3545 1602 3609 (codd.
1629 3549 1834 3614 Gelen.)
1882 3548 2051 3601 insula
2081 3549 2280 3609 Aeolia,
2313 3545 2558 3613 Αα1βγ.

318 3615 383 3667 In
406 3618 456 3667 R
478 3617 637 3667 altera
658 3630 840 3665 manus
861 3617 1014 3666 verba
1036 3615 1181 3666 ardet
1205 3615 1357 3667 aeolis
1382 3617 1534 3667 insule
1557 3618 1926 3681 suprascripsit.
1953 3659 2015 3667 -
2056 3634 2238 3676 arsere,
2263 3618 2347 3666 Β2
2363 3618 2457 3667 Aa
2474 3618 2489 3652 ¹
2509 3618 2559 3666 d.

323 3702 408 3735 ase
432 3700 499 3749 se,
522 3685 620 3735 Β1.
675 3683 815 3745 arsit,
840 3679 1021 3748 a²ssr.
1076 3724 1139 3733 .-.
1193 3682 1406 3747 aliquos,
1430 3697 1478 3733 σ.
1533 3685 1608 3735 ali
1639 3686 1751 3746 aod,
1776 3686 1872 3735 Β1.
1928 3726 1989 3734 -.
2045 3685 2280 3746 sociabili,
2303 3687 2350 3735 d.
2402 3722 2461 3732 ..-.
2516 3692 2562 3732 οἱ

325 3754 485 3815 donec,
515 3753 626 3803 Rd.
666 3793 729 3802 -
766 3751 991 3817 expiavit
1021 3751 1119 3801 Rt.
1161 3751 1334 3816 piavit,
1366 3749 1585 3802 R¹Aad
1646 3766 1696 3816 r.
1735 3793 1795 3800 ..
1837 3762 2050 3816 reyeret,
2082 3753 2180 3812 R²‚
2214 3754 2349 3802 unde
2382 3750 2563 3815 reyerit

321 3821 515 3883 scripsi.
552 3820 717 3886 eyerit,
738 3820 789 3870 Β
804 3821 822 3855 1
837 3814 1086 3884 Aadssr.

391 3890 421 3951 ξ
447 3892 563 3937 239.
582 3888 666 3951 fit,
689 3888 785 3937 Β1.
826 3928 889 3936 -..
926 3886 1057 3952 ipsa,
1089 3886 1352 3937 RATad.
1420 3887 1540 3953 ipse,
1563 3880 1621 3947 β.
1660 3926 1722 3936 ..
1764 3887 1944 3951 rapiat,
1968 3888 2066 3938 Β1.
2106 3895 2300 3952 pareat,
2324 3899 2373 3934 σ.
2412 3926 2473 3934 .-
2511 3903 2559 3945 a,

324 3955 431 4004 Rd.
458 3954 637 4005 Omitt.
670 3949 876 4019 Aassr.
922 3955 1042 4005 Vid.
1078 3955 1143 4004 ad
1174 3959 1255 4015 36,
1293 3960 1405 4004 133.
1453 3994 1517 4003 -.
1563 3955 1708 4017 ονρίε,
1733 3954 1831 4003 Β1.
1870 3995 1931 4004 ....
1982 3970 2167 4017 quaeve
2191 3963 2275 4014 ese,
2297 3954 2395 4003 Rt.
2433 3968 2562 4016 quas

326 4029 412 4081 est,
437 4017 680 4085 Aadssr.
708 4021 822 4072 Om.
847 4024 945 4073 R1.
972 4063 1035 4071 ..
1073 4037 1216 4088 quae,
1240 4021 1491 4073 R²Aad.
1529 4036 1658 4085 quae
1682 4020 1811 4071 velut
1833 4030 2018 4071 natura
2042 4036 2186 4086 quae,
2206 4021 2306 4071 Β1.
2335 4059 2398 4070 ..-
2423 4034 2560 4071 vero·

324 4086 532 4148 citatem,
571 4088 669 4138 Β1.
724 4127 786 4138 ....
841 4089 892 4138 in
942 4090 1031 4139 isto
1073 4087 1267 4151 mundo,
1308 4105 1347 4139 r.
1403 4129 1465 4138 -.
1517 4088 1697 4154 pascit,
1728 4088 1939 4140 R²Ad.
1969 4089 2122 4152 facit,
2158 4089 2306 4139 Rta.
2355 4128 2416 4137 -
2462 4085 2560 4147 his,

326 4152 534 4205 RAad.
570 4155 651 4215 iis,
673 4151 775 4219 βγ.
817 4196 876 4204 ..-
914 4157 1204 4220 attrituque,
1227 4156 1535 4207 R¹ATad.
1573 4155 1872 4221 attritasque,
1895 4156 1991 4206 3².
2041 4158 2234 4218 attrita,
2265 4150 2369 4220 βγ.
2415 4155 2561 4206 Dati-

327 4236 419 4272 ms
442 4218 515 4283 (v.
541 4223 709 4283 ad35,
733 4220 841 4283 20.)
887 4223 951 4273 ab
975 4223 1114 4273 inst’ti
1149 4225 1347 4287 pendet.
1386 4263 1449 4273 ..
1497 4223 1633 4287 liyni,
1657 4224 1820 4273 RTd.
1870 4223 2020 4288 liqna,
2044 4220 2246 4289 Aassr.
2299 4263 2360 4273 ...
2393 4223 2562 4287 flumi-
