2961 4861
1176 383 1557 428 PRAEFATIO.
2268 382 2484 427 xxxm

246 537 632 596 bibliothecae
660 539 824 615 publ.
856 536 1252 596 universitatis
1281 536 1513 596 L-B.
1548 532 1767 616 (1716.
1813 535 1945 611 fol.)
1981 556 2043 613 p.
2074 530 2220 597 380.
2264 557 2353 596 nr.
2382 532 2488 596 43.

250 651 605 705 recensetur.
654 644 981 718 Gudianus,
1010 654 1157 705 teste
1187 643 1510 718 Gronovio‚
1540 647 1603 704 in
1631 645 1985 705 bibliotheca
2011 646 2300 705 societatis
2326 644 2491 705 Lon-

249 754 507 813 dinensis
537 763 804 814 servatus
825 755 1059 814 easdem
1082 772 1217 814 cum
1238 754 1655 832 Andegavensi
1676 755 1920 813 lacunas
1940 754 2140 827 habet,
2161 755 2321 831 quod
2340 754 2494 813 idem

249 864 413 922 valet
460 864 549 949 de
584 865 938 940 Menapiano
953 905 972 936 ,
1020 871 1232 939 postea
1279 862 1598 935 VossianO,
1651 861 1753 938 qui
1800 868 1921 922 tres
1975 864 2200 922 codices
2238 870 2496 922 ceterum

249 990 454 1031 omnes
498 971 675 1031 Plinii
711 971 894 1031 libros
921 973 1240 1031 continent.
1297 969 1473 1045 Quod
1499 973 1619 1030 iam
1646 973 1722 1030 ad
1750 989 1955 1031 eorum
1981 973 2238 1048 pretium
2265 973 2496 1042 attinet,

250 1079 627 1140 statuendum
656 1086 748 1139 est
772 1098 873 1139 eos
900 1081 1014 1140 nisi
1053 1100 1129 1139 ex
1174 1082 1489 1153 communi,
1528 1088 1593 1138 at
1630 1088 1785 1140 certe
1818 1099 1937 1140 non
1971 1083 2227 1140 multum
2264 1081 2498 1139 diverso

248 1190 413 1249 fonte
440 1206 712 1248 manasse
741 1197 805 1246 et
831 1205 970 1247 cum
997 1188 1197 1247 multis
1222 1190 1775 1266 interpolationibus
1814 1190 2061 1248 subinde
2099 1190 2273 1249 etiam
2315 1190 2500 1248 bonas

250 1306 312 1357 et
339 1316 476 1357 cum
505 1297 736 1375 optimis
764 1296 927 1356 libris
970 1297 1367 1373 conspirantes
1404 1298 1683 1358 lectiones
1726 1300 2051 1371 continere,
2093 1306 2162 1357 ut
2195 1299 2318 1358 fere
2358 1317 2501 1358 con-

251 1406 400 1465 ferri
428 1405 654 1483 possint
682 1422 814 1465 cum
842 1406 945 1479 hr,
976 1406 1168 1465 minus
1198 1414 1354 1466 certe
1381 1407 1720 1483 interpolati
1749 1426 1926 1482 quam
1954 1408 2153 1466 ilmn.

338 1514 474 1574 Hos
505 1531 705 1573 omnes
732 1524 872 1592 post
898 1514 1059 1574 viros
1099 1516 1302 1575 doctos
1344 1534 1493 1590 quas
1524 1517 1668 1575 satis
1694 1517 1912 1576 multas
1935 1536 1967 1576 e
1988 1517 2188 1577 multis
2210 1517 2505 1575 codicibus

252 1624 534 1682 lectiones
561 1623 624 1682 in
651 1623 900 1682 editione
928 1641 1038 1681 sua
1064 1624 1531 1682 luculentissima
1558 1624 1738 1683 Plinii
1777 1626 2023 1700 protulit
2061 1629 2305 1685 Ioannes
2340 1627 2506 1684 Har-

254 1734 492 1805 duinus,
523 1750 728 1791 earum
770 1732 1158 1807 paucissimas
1195 1731 1372 1790 modo
1401 1733 1448 1789 ‘a
1486 1750 1580 1789 me
1617 1730 1893 1807 repetitas
1929 1750 2058 1791 esse
2096 1734 2345 1790 lectores
2386 1734 2510 1791 sine

255 1840 439 1899 dubio
480 1841 854 1898 mirabuntur
889 1846 950 1898 et
988 1839 1177 1915 primo
1219 1841 1430 1898 obtutu
1479 1841 1895 1917 vituperabunt
1911 1884 1931 1913 ,
1980 1851 2140 1901 recte
2178 1849 2371 1900 tamen
2385 1883 2402 1913 ‚
2445 1852 2513 1900 ut

257 1968 456 2026 spem,
479 1948 705 2007 factum
732 1967 863 2007 esse
891 1948 1242 2020 concessuri,
1267 1948 1335 2021 si,
1360 1966 1466 2007 cur
1493 1949 1750 2021 fecerim,
1772 1950 1974 2028 paucis
2002 1969 2097 2009 me
2125 1959 2509 2027 exponentem

255 2057 612 2117 audiverint.
656 2056 999 2116 Harduinus
1028 2056 1247 2115 scilicet
1271 2065 1508 2135 praeter
1534 2059 1791 2134 quinque
1818 2061 2028 2135 Reqz’os
2071 2067 2132 2118 et
2164 2061 2509 2119 Colbertinos

258 2166 489 2226 codices
519 2185 700 2243 supra
727 2184 767 2225 a
793 2185 889 2225 me
917 2176 1400 2226 commemoratos
1428 2148 1718 2245 excerptis
1746 2184 1890 2228 usus
1921 2178 2047 2228 erat
2069 2169 2280 2228 codicis
2311 2168 2509 2227 Thua-

255 2279 367 2349 nei,
415 2277 774 2336 Parisiensis
811 2296 844 2334 e
886 2276 1236 2335 bibliotheca
1275 2276 1503 2351 collegii
1543 2277 1835 2336 societatis
1893 2278 2062 2351 Iesu,
2101 2280 2532 2353 Lugdunensis·

255 2404 288 2444 e
328 2385 687 2446 bibliotheca
726 2385 959 2462 collegii
997 2385 1252 2445 eiusdem
1290 2386 1580 2445 societatis
1619 2394 1680 2446 et
1716 2387 1929 2446 codicis
1981 2407 2014 2446 e
2051 2388 2402 2447 bibliotheca
2440 2388 2507 2447 S.

268 2496 518 2556 Victoris
544 2495 602 2553 in
633 2496 927 2554 suburbio
944 2494 1295 2567 Parisiensi‚
1343 2495 1556 2569 quibus
1584 2497 1808 2554 accedit
1845 2496 2031 2554 codex
2058 2498 2327 2556 Marcelli
2371 2498 2506 2557 Cer·
2597 2503 2600 2512 '

253 2608 377 2664 vim·
403 2598 483 2662 ad
511 2598 617 2675 33,
645 2599 773 2677 44„
805 2613 868 2661 at
894 2603 986 2662 his
1016 2605 1285 2662 omnibus
1325 2623 1443 2663 non
1470 2621 1577 2681 per
1604 2612 1792 2663 totam
1819 2607 2150 2664 naturalem
2177 2605 2501 2676 historiam,

253 2714 358 2772 sed
395 2712 620 2789 passim
658 2713 832 2771 modo
870 2721 928 2771 et
966 2713 1265 2772 nonnullis
1319 2713 1613 2772 codicibus
1664 2715 1742 2773 ad
1777 2732 2004 2793 paucos
2047 2722 2277 2775 tantum
2314 2716 2477 2774 locos

254 2841 451 2899 neque
480 2841 550 2880 ea
579 2840 712 2880 cum
740 2823 854 2881 fide
883 2830 942 2880 et
970 2837 1130 2895 cura,
1161 2841 1312 2898 quae
1339 2824 1434 2882 hic
1461 2832 1596 2882 ante
1625 2825 1821 2883 omnia
1849 2833 1941 2883 est
1960 2825 2288 2884 necessaria
2308 2834 2367 2882 et
2388 2842 2506 2898 qua

257 2932 495 2991 sublata
539 2932 802 2990 codicum
843 2931 1119 2991 lectiones
1157 2930 1293 3008 plus
1335 2933 1536 2991 damni
1574 2952 1752 3009 quam
1793 2935 2084 2992 commodi
2123 2934 2504 3011 scriptoribus

256 3042 531 3100 afferunt.
598 3042 735 3100 Hoc
781 3049 899 3099 no'n
947 3042 1295 3100 invidiosius
1343 3060 1382 3099 a
1431 3060 1527 3099 me
1577 3043 1797 3099 dictum
1837 3059 1968 3099 esse
2016 3040 2293 3098 facillime
2331 3040 2506 3097 intel-

253 3135 442 3226 ligent
490 3150 589 3226 qui
626 3151 941 3227 scripturas
985 3150 1248 3208 codicum
1291 3149 1609 3207 eorundem
1657 3150 1734 3206 ab
1785 3149 2098 3207 Harduino
2151 3156 2212 3205 et
2245 3168 2340 3207 me
2378 3149 2506 3226 ipso

257 3260 334 3318 ad
362 3259 620 3319 Plinium
648 3260 1075 3320 emendandum
1102 3257 1495 3346 adhibitorum
1522 3275 1627 3333 per
1656 3256 1883 3331 aliquot
1909 3259 2179 3334 deinceps
2222 3278 2506 3336 paragra-

267 3371 421 3444 phos
448 3369 600 3428 inter
629 3387 691 3428 se
719 3387 1060 3445 comparare
1091 3362 1471 3447 voluerint*),
1504 3375 1565 3425 et
1591 3385 1878 3441 quaenam
1916 3368 1976 3426 in
2014 3368 2105 3426 his
2146 3370 2323 3428 rebus
2361 3368 2504 3426 fides

260 3476 576 3534 Harduino
615 3479 690 3535 sit
728 3476 1038 3534 tribuenda
1055 3517 1070 3548 ‚
1111 3476 1250 3547 iam,
1280 3485 1442 3552 puto,
1475 3477 1616 3536 satis
1651 3479 1985 3553 apparebit,
2029 3479 2080 3535 si
2116 3477 2333 3536 videris
2370 3495 2504 3536 eum

260 3585 389 3644 fere
417 3584 635 3661 ubique
663 3586 918 3660 quinque
941 3602 1181 3643 suorum
1201 3585 1489 3644 librorum
1510 3580 1689 3667 (Reg.
1713 3585 1766 3644 I.
1791 3584 1876 3644 H.
1900 3584 2069 3644 Colb.
2091 3586 2144 3644 I.
2166 3585 2251 3644 H.
2273 3582 2504 3666 Paris.)

264 3694 508 3752 eandem
538 3695 849 3752 lectionem
877 3693 1151 3752 habuisse
1176 3695 1401 3766 testari,
1434 3696 1591 3769 quod
1622 3714 1756 3753 cum
1784 3713 1889 3771 per
1919 3714 1983 3755 se
2010 3713 2221 3771 parum
2261 3694 2337 3751 sit
2374 3712 2505 3752 cre-

263 3801 460 3876 dibile,
491 3811 619 3861 tum
650 3802 1058 3862 collationibus
1086 3804 1232 3862 meis
1254 3823 1498 3881 prorsus
1526 3805 1841 3864 refutatur.
1884 3805 2006 3865 Ubi
2032 3804 2211 3882 igitur
2237 3802 2505 3861 Hardui-

333 4002 389 4067 *)
421 4006 595 4056 Unum
637 4007 812 4056 locum
854 4008 1013 4057 instar
1056 4007 1284 4056 omnium
1326 4007 1466 4056 iuvat
1510 4019 1783 4070 apponere,
1820 4011 1911 4069 32,
1948 4013 2045 4068 61„
2079 4008 2167 4058 ubi
2210 4007 2506 4058 Harduinus

266 4089 432 4150 Regio
465 4088 539 4138 11.
574 4087 660 4152 (d)
694 4091 869 4141 tribuit
900 4091 1175 4141 lectionem
1209 4087 1559 4155 callipharata,
1594 4105 1712 4139 cum
1735 4091 1922 4144 habeat
1954 4089 2328 4156 calliblephara.
2363 4093 2509 4141 Idem

270 4171 458 4221 dictum
493 4182 618 4237 puta
651 4176 714 4223 de
746 4175 1000 4237 BroteriO,
1037 4176 1124 4238 qui
1159 4176 1340 4223 eodem
1375 4174 1495 4222 loeo
1532 4174 1738 4224 editioni
1782 4176 1997 4240 principi
2031 4176 2247 4240 imputat
2288 4172 2508 4224 callible-

265 4252 503 4320 pharam,
528 4269 655 4309 7(tum
688 4258 876 4310 habeat
910 4256 1142 4311 caleibiae
1157 4260 1396 4324 pharam.

2060 4357 2104 4407 C
