2961 4861
1234 356 1612 399 PRAEFATIO.
2409 366 2538 408 va

279 502 541 563 editione
579 521 688 564 sua
723 522 879 564 anno
913 500 1098 569 1532.
1127 507 1418 587 impressa
1443 510 1568 568 fere
1598 517 1758 570 totus
1786 530 1824 570 a
1850 508 2128 573 Caesario
2156 517 2402 590 pendet,
2433 536 2538 577 cu-

276 612 498 672 ius-rei
522 613 736 673 certior
773 613 965 675 factus
1006 633 1139 675 sum
1165 636 1274 693 per
1297 618 1585 695 insignem
1615 620 2086 682 benevolentiam
2115 621 2185 683 C.
2215 624 2319 683 Fr.
2347 625 2538 686 Her-

280 723 559 796 manni,
590 724 694 799 qui
721 741 761 782 a
786 742 885 782 me
911 702 1159 802 rogatus
1186 727 1521 804 exemplum
1549 728 1685 786 libri
1711 730 1997 790 rarissimi
2024 729 2416 809 Gottingense
2444 737 2537 795 in-

277 831 493 908 spexit
520 830 760 908 eiusque
787 831 1018 908 aliquot
1056 841 1340 912 excerpta
1375 837 1452 894 ad
1479 856 1574 895 me
1601 839 1947 911 transmisit,
1978 838 2387 917 sigismundus
2418 842 2539 904 Ge·

271 939 475 1000 lenius
507 935 719 1014 1535„
746 941 1153 1004 Fordinandus
1181 944 1493 1003 Pintianus
1525 941 1712 1006 1544.
1735 954 1797 1005 et
1819 943 2028 1021 1547„
2052 952 2125 1009 de
2153 951 2366 1027 quibus
2396 954 2539 1013 viris

276 1050 504 1126 partim
534 1068 718 1127 supra
764 1052 995 1128 egimus
1042 1071 1103 1131 p.
1161 1051 1374 1113 XXV.
1433 1071 1597 1131 seqq.
1667 1054 1893 1116 Eorum
1947 1061 2378 1121 emendationes
2434 1073 2540 1123 aut

267 1177 360 1218 ex
388 1160 685 1219 codicibus
712 1161 976 1237 prolatas
1004 1168 1110 1219 aut
1136 1181 1246 1238 ope
1274 1163 1643 1222 coniecturae
1670 1174 1934 1242 repertas
1971 1169 2224 1228 editores
2264 1172 2537 1248 deinceps

274 1285 412 1329 sese
449 1269 694 1328 insecuti
737 1270 849 1329 sibi
890 1270 1290 1345 vindicarunt,
1342 1274 1678 1334 nominibus
1720 1282 2028 1335 auctorum
2068 1296 2145 1336 ex
2181 1298 2346 1339 more
2373 1281 2535 1341 illius

274 1379 511 1438 saeculi
537 1378 660 1437 fere
688 1379 947 1453 omissis,
986 1382 1176 1441 donec
1209 1381 1465 1443 Ioannes
1502 1381 1789 1445 Nicolaus
1825 1386 2131 1447 Victorius
2159 1407 2314 1448 anno
2345 1386 2533 1451 1582.

269 1488 596 1547 editionem
622 1485 1078 1565 Lugdunensem
1114 1492 1292 1551 etiam
1331 1501 1575 1553 externo
1616 1494 1822 1553 habitu
1865 1496 2007 1556 satis
2037 1496 2405 1574 splendidam
2433 1518 2533 1558 cu-

268 1598 456 1670 ravit,
483 1598 547 1656 in
575 1600 742 1658 cuius
768 1599 1128 1677 praefatione
1156 1619 1221 1660 se
1249 1619 1402 1678 opus
1428 1603 1774 1662 universum
1801 1622 1938 1663 cum
1967 1608 2375 1667 vetustissimis
2405 1610 2533 1683 qui·

271 1709 436 1780 dem,
467 1708 572 1766 sed
599 1709 1086 1785 depravatissimo
1115 1710 1351 1788 scriptis
1380 1711 1681 1769 codicibus
1709 1728 1887 1786 quam
1915 1716 2359 1774 accuratissime
2388 1736 2531 1776 con-

269 1817 490 1876 tulisse
519 1824 697 1892 atque
725 1836 801 1875 ex
826 1817 896 1876 iis
922 1835 1043 1876 non
1069 1836 1263 1894 pauca
1289 1818 1514 1877 eruisse
1551 1826 1805 1878 testatur
1820 1861 1840 1893 ,
1878 1838 2032 1895 quae
2060 1821 2229 1880 nulla
2257 1825 2533 1901 expedire

264 1926 572 2005 potuisset
595 1926 812 2001 ingenii
840 1926 1221 2001 quantumvis
1262 1928 1493 2005 sagacis
1534 1928 1895 2001 coniectura,
1926 1930 2101 1989 simul
2128 1934 2349 1993 addens
2376 1953 2529 1994 non-

264 2034 446 2094 nulla
484 2052 550 2093 se
587 2054 665 2092 ex
701 2035 1034 2095 coniectura
1072 2037 1420 2097 mutavisse.
1490 2038 1664 2098 Hanc
1716 2039 2029 2098 editionem
2078 2040 2527 2121 Dalecampium

265 2145 428 2224 typis
465 2145 843 2222 repetendam
879 2146 1247 2225 typographo
1289 2165 1399 2208 suo
1441 2149 1759 2208 tradidisse
1799 2149 1943 2208 mihi
1970 2158 2194 2209 certum
2220 2160 2332 2224 est,
2361 2159 2422 2211 et
2448 2154 2525 2212 ab

267 2273 347 2315 ea
365 2255 427 2313 in
446 2254 814 2332 paucissimis
827 2256 1005 2316 modo
1025 2257 1201 2317 rebus
1223 2266 1330 2317 aut
1349 2257 1737 2331 coniecturae,
1758 2265 1828 2317 ut
1848 2259 2107 2332 videtur,
2138 2261 2392 2320 confisus
2420 2270 2526 2322 aut

262 2364 591 2438 codicibus,
620 2373 690 2424 ut
715 2366 810 2425 hic
836 2364 962 2425 illic
999 2374 1090 2424 est
1114 2367 1501 2444 probabilius,
1539 2367 1777 2426 adiutus
1805 2366 2091 2442 discessit,
2120 2376 2182 2427 et
2205 2369 2522 2447 pleraeque

263 2491 478 2533 omnes
519 2475 658 2534 illae
696 2478 975 2537 lectiones
1000 2478 1288 2553 egregiae,
1333 2494 1489 2552 quae
1525 2485 1631 2535 aut
1670 2494 1710 2535 a
1741 2477 2033 2536 codicibus
2059 2496 2262 2537 recens
2291 2479 2519 2539 collatis

261 2586 708 2644 commendatae
734 2592 903 2645 erant
928 2586 1312 2659 revocandae,
1342 2594 1450 2644 aut
1473 2585 1568 2644 his
1593 2585 1740 2662 ipsis
1768 2586 2061 2646 codicibus
2082 2588 2514 2663 refragantibus

258 2694 624 2768 retinendae,
652 2695 713 2755 in
739 2696 988 2755 editione
1013 2696 1121 2754 illa
1145 2694 1532 2773 Lugdunensi
1549 2701 1815 2769 exstant,
1844 2704 1914 2755 ut
1938 2696 2181 2774 proinde
2207 2696 2513 2777 Lessingio

259 2811 326 2863 et
351 2804 586 2882 Heynio
623 2806 698 2863 de
738 2811 981 2864 auctore
1009 2805 1287 2881 vulgatae
1315 2805 1645 2883 scripturae
1659 2805 2075 2889 ¹dubitantibus
2114 2807 2256 2881 quid
2295 2807 2372 2866 sit
2410 2828 2510 2867 re-

252 2915 670 2991 spondendum
701 2915 975 2974 sciamus.
1030 2914 1113 2972 Et
1138 2915 1393 2974 multum
1421 2915 1656 2990 quidem
1684 2922 1775 2973 est
1802 2914 2119 2974 dolendum
2155 2934 2267 2976 nos
2295 2917 2371 2975 de
2399 2934 2503 2975 co·-

257 3023 488 3083 dicibus
514 3023 651 3095 illis,
680 3024 894 3099 quibus
921 3024 1224 3084 Victorius
1251 3044 1396 3084 usus
1424 3024 1749 3100 permultos
1774 3022 1939 3081 locos
1966 3024 2287 3082 certissime
2307 3043 2509 3084 emen-

256 3133 442 3206 davit,
473 3151 721 3211 prorsus
748 3133 894 3192 nihil
935 3134 1111 3204 scire3
1148 3133 1211 3190 id
1248 3141 1445 3189 tamen
1485 3150 1604 3189 non
1633 3131 1759 3188 sine
1785 3129 2197 3208 probabilitate
2225 3131 2513 3192 coniicere

254 3261 590 3321 possumus,
619 3244 682 3301 in
708 3243 828 3301 illis
857 3243 1155 3301 codicibus
1192 3239 1376 3299 fuisse
1413 3255 1602 3296 unum
1643 3238 1973 3297 alterumve
2024 3238 2383 3316 exemplum,
2414 3242 2507 3301 cui

254 3353 447 3411 multa
491 3358 687 3411 essent
724 3350 1056 3411 communia
1091 3368 1227 3408 cum
1262 3348 1318 3408 B
1357 3356 1418 3407 et
1456 3346 1550 3420 A,
1591 3347 1781 3407 multa
1822 3347 1995 3408 etiam
2022 3350 2210 3408 mixta
2236 3366 2371 3408 cum
2397 3350 2506 3412 illa

258 3459 569 3535 scriptura,
608 3459 798 3534 qualis
841 3459 966 3519 fere
1000 3458 1255 3518 cernitur
1288 3458 1349 3517 in
1391 3458 1589 3517 codice
1629 3459 1670 3516 h
1683 3499 1700 3532 ‚
1746 3458 1841 3517 cui
1870 3460 2164 3537 scriptura
2190 3460 2436 3537 vulgata
2465 3457 2501 3543 β

254 3575 499 3628 eatenus
527 3573 620 3625 est
638 3566 866 3639 similis,
888 3574 977 3639 ut,
1001 3585 1134 3626 cum
1161 3577 1409 3644 uterque
1433 3567 1583 3627 liber
1609 3563 1697 3649 Ιιβ
1728 3587 1903 3645 saepe
1930 3569 2042 3628 soli
2067 3588 2272 3628 veram
2299 3571 2500 3631 lectio-

251 3697 390 3737 nem
428 3676 714 3748 habeant,
759 3694 832 3735 ea
873 3695 1047 3755 saepe
1082 3678 1146 3736 in
1190 3677 1318 3737 sola
1343 3677 1595 3737 editione
1627 3672 1661 3758 β
1690 3685 1905 3753 exstet,
1936 3698 2256 3755 numquam
2286 3679 2413 3737 solo
2439 3679 2498 3737 in

250 3787 315 3859 h,
344 3787 503 3845 unde
529 3787 707 3863 plena
733 3786 911 3846 huius
937 3787 1071 3846 libri
1098 3787 1405 3846 collatione
1432 3788 1603 3848 facile
1631 3806 1830 3847 carere
1856 3789 2045 3864 potui.

335 3895 439 3954 Ab
467 3895 562 3955 his
592 3897 863 3956 omnibus
894 3896 1166 3955 subsidiis
1196 3897 1508 3975 superioris
1537 3896 1635 3956 vel
1654 3896 1946 3957 inferioris
1967 3898 2187 3957 ordinis
2210 3897 2309 3957 ubi
2329 3900 2496 3957 auxi-

248 4006 314 4064 lii
338 4007 512 4083 inops
542 4007 872 4079 deserebar,
902 4007 979 4065 ad
1008 4006 1201 4065 crisim
1231 4025 1381 4082 quae
1422 4005 1637 4064 dicitur
1674 4005 2119 4067 coniecturalem
2149 4007 2494 4083 confugien-

248 4116 390 4173 dum
416 4115 547 4188 fuit,
577 4117 654 4174 ad
683 4135 859 4191 quam
887 4123 957 4175 ut
982 4123 1188 4193 aptum
1214 4115 1360 4173 mihi
1385 4113 1695 4173 transitum
1717 4133 1941 4192 parem,
1965 4118 2040 4175 de
2059 4117 2290 4176 duabus
2318 4128 2495 4178 antea

249 4225 423 4284 rebus
447 4225 754 4286 dicendum
776 4233 889 4300 est,
912 4244 1084 4306 quae,
1109 4225 1195 4284 uti
1217 4242 1374 4284 nunc
1397 4230 1557 4284 certe
1577 4242 1673 4283 res
1702 4229 1811 4297 est,
1843 4227 2038 4285 nescio
2066 4245 2143 4285 an
2171 4246 2489 4305 numquam

2042 4342 2087 4391 E
