2961 4861
1009 371 1147 416 Lm.
1185 372 1250 415 v.
1313 370 1469 416 cAP.
1503 373 1545 416 1.
1609 370 1803 417 sssc'r.
1839 374 1873 413 1.
2429 354 2551 415 337

314 518 687 584 excelsitate
755 517 1015 600 quidem
1082 518 1218 583 eius
1284 540 1448 601 quae
1509 518 1746 596 ceteri,
1814 517 1975 582 imas
2031 516 2278 584 radices
2336 517 2553 585 densis

311 619 583 702 altisque
635 616 913 703 repletas
967 616 1143 680 silvis
1195 616 1521 704 incognito
1575 638 1815 704 genere
1869 616 2200 696 arborum,
2267 619 2551 703 proceri-

312 728 511 783 tatem
555 717 972 805 spectabilem
1017 739 1157 782 esse
1203 717 1391 781 enodi
1433 717 1641 782 nitore
1659 765 1677 795 ,
1739 717 1985 782 frondis
2030 718 2322 804 cupressi
2362 741 2552 805 prae-

311 829 539 902 terque
581 819 963 905 gravitatem
1003 817 1251 896 odoris3
1300 817 1476 882 tenui
1521 840 1629 882 eas
1673 817 1908 883 obduci
1950 818 2273 905 lanugine,
2320 820 2555 905 quibus

311 919 533 984 addita
576 929 712 985 arte
754 941 946 1005 posse
988 919 1210 1002 quales
1257 940 1291 982 e
1333 917 1649 1001 bombyce
1692 919 1895 983 vestis
1939 919 2194 997 confici3
2248 920 2558 987 verticem

314 1021 462 1085 altis
506 1021 699 1086 etiam
744 1029 988 1084 aestate
1032 1018 1266 1104 operiri
1308 1017 1588 1083 nivibus.
1641 1018 1950 1083 Decumis
1981 1042 2050 1085 se
2081 1043 2156 1085 eo
2185 1024 2556 1107 pervenisse
2586 1045 2648 1088 15

314 1122 541 1186 castris
598 1130 662 1186 et
715 1120 883 1185 ultra
936 1119 1018 1184 ad
1065 1118 1332 1183 fluvium
1377 1118 1489 1202 qui
1534 1115 1670 1182 Ger
1711 1128 1979 1184 vocetur
2020 1142 2138 1205 per
2182 1122 2556 1189 solitudines

311 1222 480 1309 nigri
524 1220 837 1306 pulveris,
893 1218 1319 1284 eminentibus
1362 1218 1686 1283 interdum
1729 1219 1908 1283 velut
1953 1221 2196 1286 exustis
2242 1224 2555 1302 cautibus,

308 1323 454 1388 loca
480 1320 920 1387 inhabitabilia
947 1320 1219 1397 fervore,
1260 1338 1649 1403 quamquam
1677 1318 1943 1385 hiberno
1974 1331 2281 1408 tempore,
2324 1347 2554 1410 exper-

312 1434 436 1488 tos.
494 1421 626 1503 Qui
665 1436 1015 1508 proxumos
1047 1419 1406 1485 inhabitent
1443 1420 1504 1484 ei
1543 1420 1743 1485 saltus
1772 1421 2046 1487 refertos
2077 1423 2558 1510 elephantorum

311 1523 725 1607 ferarumque
771 1532 836 1587 et
879 1519 1276 1607 serpentium
1327 1519 1501 1583 omni
1554 1538 1791 1606 genere
1846 1518 2156 1588 Canarios
2200 1526 2554 1612 appellari3

313 1624 554 1710 quippe
596 1624 842 1689 victum
896 1622 1035 1687 eius
1089 1620 1380 1685 animalis
1422 1619 1814 1705 promiscum
1854 1621 1957 1688 his
2002 1647 2144 1713 esse
2188 1636 2254 1691 et
2296 1627 2559 1692 dividua

313 1725 596 1790 ferarum
639 1725 908 1789 viscera.
965 1721 1261 1786 Iunctam
1291 1717 1690 1805 Aethiopum
1732 1732 2013 1808 gentem,
2057 1746 2220 1809 quos
2249 1723 2557 1792 Perorsos
2589 1749 2649 1793 16

312 1835 563 1903 vocant,
612 1824 766 1889 satis
797 1831 1066 1889 constat.
1123 1820 1291 1884 Iuba
1331 1819 1685 1884 Ptolemaei
1727 1831 1932 1907 pater,
1980 1825 2091 1909 qui
2119 1825 2366 1910 primus
2395 1829 2556 1894 utri-

312 1948 440 2011 que
468 1924 912 1991 Mauretaniae
939 1921 1330 2007 inperitavit,
1377 1920 1733 1985 studiorum
1776 1923 2064 1989 claritate
2091 1928 2560 1994 memorabilior

313 2027 510 2093 etiam
566 2047 761 2109 quam
812 2046 1012 2110 regno
1025 2072 1043 2102 ,
1108 2021 1336 2087 similia
1385 2021 1672 2107 prodidit
1723 2022 1803 2089 de
1854 2024 2119 2091 Atlante
2176 2041 2557 2116 praeterque

313 2127 500 2215 gigni
556 2126 821 2191 herbam
877 2124 969 2189 ibi
1023 2122 1439 2207 euphorbiam
1493 2122 1748 2189 nomine
1802 2124 1883 2189 ab
1934 2125 2265 2195 inventore
2306 2133 2557 2198 medico

315 2318 396 2351 ses
420 2309 765 2363 transyressus,
788 2297 967 2348 Ambr.
993 2296 1064 2345 II.
1101 2293 1329 2344 henenses
1351 2303 1706 2360 transqressus,
1729 2296 1788 2345 Ρ.
1836 2311 2028 2348 enenses
2052 2308 2399 2364 transqressos‚
2423 2304 2555 2353 Rob.

312 2369 596 2430 Vulgatam
619 2366 917 2429 scripturam
940 2363 1328 2426 interpolatione
1362 2376 1471 2411 esse
1504 2370 1795 2425 corruptam
1829 2364 1965 2413 clare
1996 2368 2179 2415 docent
2210 2370 2461 2419 bonorum
2492 2372 2555 2419 li-

314 2437 519 2485 brorum
543 2435 803 2492 lectiones,
827 2435 961 2482 unde
984 2430 1200 2481 coniicio
1224 2429 1450 2479 Plinium
1483 2430 1741 2492 scripsisse
1766 2446 1980 2480 emensus
2005 2430 2075 2494 (v.
2103 2434 2329 2485 Gronov.
2358 2440 2422 2486 ad
2444 2439 2554 2487 Liv,

317 2510 399 2563 38,
429 2501 549 2565 17.)‚
574 2502 654 2551 cui
675 2502 790 2550 voci
814 2502 1124 2563 glossemata
1153 2512 1390 2560 eqressus,
1426 2504 1762 2559 transqressus
1791 2513 1823 2546 a
1853 2499 2067 2550 librariis
2100 2503 2352 2565 adscripta
2383 2519 2557 2555 veram

313 2568 603 2629 lectionem,
627 2577 685 2617 ut
705 2569 778 2628 fit,
803 2568 1122 2630 expulerunt.
1158 2605 1220 2612 -
1269 2579 1457 2626 quoque
1479 2577 1611 2626 pone
1634 2561 1734 2613 Atl.
1759 2566 1979 2616 collocat
2000 2568 2060 2617 Ρ.
2108 2610 2172 2618 -.
2218 2568 2462 2633 athlante,
2486 2570 2555 2622 A.

319 2678 383 2686 -.
420 2635 636 2700 aliquod,
659 2636 784 2686 BD.
822 2674 885 2682 -.
924 2650 1082 2696 quam,
1113 2632 1172 2681 P.
1211 2672 1274 2679 -
1309 2630 1497 2691 ceteris,
1529 2632 1594 2680 Β.
1633 2672 1696 2680 -
1733 2632 1931 2693 radicis,
1963 2636 2029 2684 Β.
2083 2677 2147 2685 -.
2193 2638 2555 2702 proceritatem,

315 2704 623 2755 RADPad
655 2699 862 2763 (Ambr.
887 2701 928 2749 I.
953 2700 1023 2749 11.
1059 2696 1216 2759 Rob.)
1255 2697 1563 2761 proceritate,
1587 2699 1650 2749 N.
1696 2740 1759 2747 -
1805 2700 2162 2765 expectabilem,
2186 2706 2276 2754 Β·.
2326 2747 2390 2755 -.
2434 2724 2554 2769 esse,

315 2768 617 2821 RANa2d.
645 2770 822 2820 Omitt.
845 2770 896 2819 D
914 2760 1113 2817 9Pa¹r
1136 2763 1321 2828 (Βοὴ.)
1347 2806 1410 2814 .-
1438 2773 1617 2827 tenore,
1639 2768 1927 2817 Markland.
1953 2772 2018 2819 ad
2041 2771 2169 2821 Stat.
2194 2773 2317 2823 Silv.
2336 2775 2406 2834 H,
2431 2782 2479 2833 3,
2507 2781 2553 2824 2.

317 2867 382 2888 .-
418 2837 653 2902 cupressi,
676 2840 748 2885 a¹.
795 2834 1013 2898 cupressi
1031 2833 1229 2894 similes,
1250 2833 1455 2883 ANPa
1470 2835 1504 2881 2.
1551 2834 1764 2899 cupressi
1782 2833 1979 2896 similis,
2001 2839 2111 2888 Dd.
2158 2842 2403 2903 cupressis
2424 2843 2554 2892 simi.

317 2895 407 2965 les,
440 2905 490 2954 Β
522 2901 707 2965 (Βοὴ.)
738 2899 839 2966 fir.
874 2903 956 2951 De
986 2901 1209 2963 genitivo
1243 2915 1289 2948 v.
1324 2902 1388 2949 ad
1421 2906 1504 2961 35,
1530 2907 1577 2950 3.
1617 2901 1855 2951 Ceterum
1878 2904 2005 2952 haec
2029 2908 2294 2968 exscripsit
2315 2909 2553 2958 Martian.

318 2972 366 3033 0,
394 2975 506 3021 667.
534 3011 596 3018 -
616 2979 928 3034 praeterque,
951 2969 1158 3017 Barbar.
1181 2968 1283 3017 NP
1295 2982 1341 3015 a.
1372 2977 1568 3030 praeter
1593 2985 1709 3031 qua,
1733 2970 1840 3018 RD
1873 2967 2013 3030 (libri
2035 2986 2115 3033 ap.
2141 2973 2354 3022 Salmas.
2390 2989 2553 3023 exerc.

317 3049 367 3103 p.
394 3044 510 3088 208.
534 3039 582 3086 ὴ.
606 3034 693 3098 F.)
726 3043 1085 3099 praeterquam,
1116 3035 1210 3084 Ad
1234 3031 1420 3095 (Βοὴ.)
1457 3042 1680 3098 praeter,
1704 3038 1850 3085 codd.
1873 3037 2098 3098 Barbari,
2122 3039 2302 3088 Ambr.
2326 3042 2369 3089 I.
2394 3041 2462 3090 11.
2491 3082 2553 3089 -

313 3104 571 3172 yravitate,
594 3104 801 3154 RDPd
825 3100 965 3164 (libri
989 3098 1229 3163 Salmas.)
1266 3140 1329 3148 .-
1365 3099 1587 3159 odoriae,
1607 3115 1655 3149 σ.
1694 3141 1756 3150 ...
1792 3102 1963 3163 tenuis,
1988 3106 2091 3153 Rd.
2119 3145 2182 3154 —
2219 3104 2314 3165 cui,
2341 3107 2555 3157 Salmas.

317 3187 482 3222 exerc.
506 3188 555 3236 p.
582 3176 696 3222 209.
721 3187 766 3220 a„
792 3170 854 3221 G.
883 3210 946 3218 .-.
982 3166 1214 3228 adducta,
1237 3168 1301 3218 N.
1328 3207 1391 3215 .-
1429 3167 1680 3231 aequales,
1705 3170 1769 3218 Β.
1796 3210 1859 3217 -
1885 3187 1924 3231 e,
1950 3171 2111 3220 omitt.
2144 3173 2309 3222 BPa¹
2325 3175 2358 3224 d
2382 3171 2555 3235 (codd.

315 3240 486 3300 Bezz„
509 3236 669 3300 Rob.)
706 3279 769 3286 -
807 3246 1001 3298 aestate,
1027 3236 1190 3285 omitt.
1213 3236 1257 3284 Ρ
1281 3231 1463 3295 (Βοὴ.)
1501 3275 1564 3283 .-
1599 3236 1817 3296 nubibus,
1840 3238 1898 3285 P.

386 3305 416 3366 ξ
446 3313 522 3357 15.
575 3305 805 3366 Decimis,
836 3306 895 3354 Ρ.
952 3345 1015 3353 .-.
1074 3302 1193 3363 Ger,
1225 3302 1539 3352 RADTan
1572 3300 1775 3364 (Ambr.
1809 3302 1879 3366 1.)
1938 3304 2133 3368 Garum,
2167 3309 2297 3359 Βοὴ.
2351 3307 2464 3372 Sur,
2495 3311 2554 3362 Ρ.

316 3372 490 3438 Niqer,
512 3375 562 3424 Ν
586 3371 838 3437 (plerique
862 3374 997 3435 apud
1019 3365 1198 3430 Bezz.)
1220 3364 1280 3430 β.
1318 3410 1382 3418 .-
1416 3376 1629 3429 vocetur,
1653 3371 1884 3421 BDa¹d.
1930 3383 2151 3436 vocatur,
2167 3377 2314 3427 APa
2328 3380 2348 3409 2
2372 3375 2556 3440 (Ro-D.)

315 3435 374 3501 β.
409 3450 675 3500 vocaretur,
707 3431 865 3502 θΝν.
904 3480 966 3487 -
997 3456 1106 3502 pro,
1129 3438 1251 3487 ΒΝ.
1289 3477 1352 3485 -
1388 3435 1646 3499 silitudine,
1670 3439 1732 3488 N.
1771 3479 1834 3488 ...
1854 3440 2071 3503 fervere,
2095 3444 2155 3493 Ρ.
2204 3485 2267 3493 -
2313 3455 2558 3510 expertos,

316 3508 419 3558 ΝΡ
443 3504 648 3568 (Ambr.
673 3507 714 3555 I.
739 3509 809 3557 11.
833 3503 992 3567 Βοὴ.)
1029 3514 1234 3568 experto,
1257 3499 1580 3565 RADadss.
1618 3515 1856 3571 expertus,
1879 3525 1905 3557 r
1928 3506 2090 3572 (quod
2112 3513 2293 3575 probat
2315 3513 2470 3562 Voss.
2496 3516 2558 3562 de

317 3575 497 3623 histor.
521 3575 635 3624 Lat.
667 3580 709 3635 1,
736 3571 843 3635 26.)
897 3583 1162 3638 expertum,
1187 3574 1331 3622 codd.
1356 3572 1514 3621 Hard.
1537 3586 1589 3636 r.
1644 3614 1707 3622 .-
1762 3572 2023 3626 inhabitent
2044 3575 2104 3638 ei,
2138 3580 2212 3627 ita
2234 3594 2330 3629 nos
2354 3580 2556 3643 scripsi-

316 3657 431 3690 mus
455 3656 521 3690 ex
544 3641 767 3704 vestigiis
792 3642 1065 3704 scripturae
1090 3640 1338 3700 codicum,
1364 3654 1581 3702 quorum
1615 3642 1759 3703 origo
1792 3657 1883 3706 per
1914 3644 2059 3693 illam·
2101 3647 2447 3706 coniecturam
2481 3647 2559 3696 fa·

317 3709 506 3758 cillime
529 3710 833 3772 explicatur:
859 3707 904 3758 ei
922 3709 1029 3757 scil.
1052 3708 1206 3758 fluvio
1231 3707 1348 3758 Ger.
1384 3704 1670 3769 inhabitent,
1694 3709 1804 3759 AN
1812 3704 1857 3769 β
1864 3724 1913 3774 r.
1950 3709 2235 3772 inhabitant,
2258 3714 2302 3762 Ρ
2316 3730 2346 3762 a
2370 3711 2557 3775 (Βοὴ.)

317 3773 636 3837 inhabitante,
671 3777 794 3826 RD.
842 3776 1115 3825 inhabitant
1135 3774 1198 3836 ei,
1223 3776 1330 3825 Td.
1367 3815 1431 3822 .-
1469 3775 1669 3839 νςΐενίΓ,
1692 3777 1757 3825 Β.
1796 3817 1856 3825 -
1893 3778 2065 3827 victum
2090 3778 2213 3840 eius,
2238 3780 2556 3831 RADPad.

314 3858 473 3906 yenus,
496 3844 560 3894 Ν.
609 3884 671 3891 -
718 3842 793 3893 his
817 3858 939 3903 esse,
963 3843 1167 3893 RDad.
1206 3841 1266 3891 iis
1290 3859 1405 3897 esse,
1427 3841 1497 3891 A.
1534 3858 1639 3892 esse
1662 3840 1757 3904 his,
1779 3844 1839 3892 Ρ.
1876 3858 1998 3904 esse,
2020 3846 2084 3895 Ν.
2140 3887 2202 3895 -.
2257 3856 2299 3896 et
2339 3846 2557 3910 dividua,

316 3911 641 3962 BADNad.
679 3919 722 3959 et
743 3909 926 3970 divisa,
949 3911 1016 3959 K.
1053 3906 1330 3969 individua,
1353 3910 1413 3959 Ρ.

305 4006 330 4010 -
387 3976 417 4037 ξ
447 3984 524 4028 16.
569 3975 812 4037 Iunctam,
836 3978 1043 4028 NDad.
1081 3976 1268 4037 iuncta,
1291 3967 1517 4025 ΒΑθΡ
1541 3972 1731 4036 (Βοὴ.)
1766 4018 1827 4025 .-
1868 3986 2020 4042 yente,
2044 3980 2097 4029 A
2120 3976 2307 4044 (Βοὴ.)
2352 4023 2417 4031 .-.
2460 3981 2557 4030 Pe-

320 4061 505 4104 rorsus‚
527 4046 595 4095 A.
649 4044 862 4105 Perors',
885 4047 948 4095 Β.
999 4044 1255 4104 Ρενοννοε,
1278 4057 1326 4091 σ.
1371 4084 1434 4092 .-
1489 4040 1769 4104 Ptolomaei,
1793 4045 1856 4093 Β.
1905 4086 1968 4094 -.
2022 4047 2123 4111 qui,
2146 4049 2351 4099 ANa2‚
2379 4050 2556 4100 omitt,

317 4113 646 4168 TBDPa'd
670 4110 854 4174 (Βοὴ.)
909 4153 972 4161 ...
1028 4109 1335 4174 imperitavit,
1367 4110 1595 4161 RADd.
1651 4108 1923 4175 imperavit,
1956 4114 2097 4166 NPa
2132 4114 2317 4179 (Βοὴ.)
2348 4111 2453 4181 fir,
2492 4157 2557 4169 ,-

319 4179 458 4228 ettam
493 4196 656 4245 quam,
690 4180 1015 4230 BADNad.
1070 4186 1119 4227 et
1149 4187 1393 4241 tamquam
1423 4177 1501 4239 de,
1528 4179 1664 4227 Βοὴ.
1719 4191 1882 4242 quam,
1914 4182 1973 4231 P.
2029 4222 2092 4231 .-
2138 4183 2320 4247 prodit,
2353 4186 2444 4236 N'.
2494 4226 2557 4236 ...

319 4245 510 4295 herbam
533 4247 617 4308 ibi,
641 4247 896 4297 ADTad
920 4244 1103 4308 (Βοὴ.)
1138 4245 1208 4297 ibi
1230 4243 1439 4307 herbam,
1463 4240 1678 4305 ΒΝΡβ
1685 4259 1734 4308 r.
1762 4286 1822 4296 .-
1862 4250 2190 4312 euphorbeam,
2213 4252 2281 4301 A.
2318 4250 2558 4317 heuphor-

320 4313 472 4429 beti’m,
495 4313 561 4362 Β.
573 4315 712 4429 1Vid.
739 4313 901 4366 Solia.
928 4320 1008 4376 24,
1035 4319 1080 4363 9.
1121 4356 1180 4363 -.
1219 4314 1500 4375 invenitore,
1525 4313 1592 4362 Δ.
2070 4380 2148 4441 22
2548 4345 2555 4362 .

430 4391 535 4430 Lm.
603 4418 613 4430 .
