2961 4861
928 345 1072 392 Lm.
1106 345 1203 391 vr.
1261 343 1422 392 car.
1453 345 1654 392 xxxx,
1714 343 1910 391 ster.
1941 347 2006 388 34.
2470 330 2598 394 463

345 495 690 580 mancipia.
765 491 982 580 Supra
1032 493 1397 578 Aethiopas
1456 492 1772 556 Aroteras
1834 492 2080 557 insulae
2143 515 2311 577 quae
2361 494 2601 560 Aliaeu

345 607 678 673 vocantur,
722 595 880 660 item
918 593 1236 660 Bacchias
1279 605 1346 659 et
1385 593 1847 658 Antibacchias
1889 607 1954 659 et
1986 591 2364 659 Stratioton.
2426 594 2602 661 Hinc

346 699 421 762 in
460 717 573 761 ora
614 694 1005 781 Aethiopiae
1047 694 1228 758 sinus
1268 693 1656 781 incognitae,
1710 693 1884 777 quod
1925 694 2253 773 miremur,
2308 718 2456 760 cum
2497 697 2601 760 ul-

350 798 586 863 teriora
642 805 1033 861 mercatores
1082 804 1466 860 scrutentur.
1562 793 2084 858 Promontorium
2147 795 2218 860 in
2278 817 2407 878 quo
2459 796 2604 861 fons
2633 816 2731 861 174

350 896 596 964 Cucios
649 897 975 982 expetitus
1030 894 1508 982 navigantibus.
1587 893 1779 958 Ultra
1819 893 2016 959 Isidis
2057 907 2315 981 portus,
2370 920 2417 960 x
2458 897 2600 961 die·

350 1022 499 1064 rum
550 997 822 1083 remigio
874 997 958 1061 ab
1009 994 1250 1082 oppido
1301 995 1717 1059 Adulitarum
1770 995 2047 1074 distans3
2115 997 2186 1062 in
2239 1020 2389 1063 eum
2437 997 2603 1062 Tro·

348 1098 613 1187 godytis
666 1119 886 1182 myrra
938 1096 1286 1162 confertur.
1371 1093 1634 1160 Insulae
1690 1106 1840 1160 ante
1896 1107 2156 1182 portum
2209 1122 2258 1160 11
2311 1097 2604 1163 Pseude-

348 1201 543 1286 pylae
602 1207 947 1274 vocantur,
1014 1197 1351 1261 interiores
1407 1196 1678 1260 totidem
1727 1195 1935 1279 Pylae
1952 1245 1970 1274 ,
2030 1197 2102 1260 in
2149 1199 2351 1264 altera
2406 1201 2606 1270 stelae

356 1299 653 1385 lapideae
693 1298 929 1362 litteris
970 1296 1229 1384 ignotis.
1272 1295 1464 1361 Ultra
1510 1296 1690 1360 sinus
1729 1295 2052 1374 Abalites,
2093 1297 2306 1364 insula
2329 1297 2606 1364 Diodori

352 1411 421 1468 et
462 1400 625 1465 aliae
667 1399 982 1476 desertae,
1027 1420 1145 1484 per
1188 1398 1624 1462 continentem
1666 1418 1923 1480 quoque
1964 1398 2242 1477 deserta,
2288 1399 2599 1484 oppidum

353 1498 568 1577 Gaza,
625 1498 1131 1584 promontorium
1182 1507 1249 1562 et
1297 1507 1524 1582 portus
1579 1496 1956 1581 Mossylites
1970 1547 1991 1577 ‚
2054 1521 2184 1583 quo
2236 1500 2601 1566 cinnamum

350 1601 723 1677 devehitur3
772 1600 1109 1683 hucusque
1140 1596 1456 1664 Sesostris
1500 1599 1856 1663 exercitum
1897 1599 2105 1664 duxit.
2146 1600 2376 1686 Aliqui
2403 1611 2606 1666 unu'm
2635 1621 2731 1667 175

347 1689 739 1787 Aethiopiae
782 1700 1097 1787 oppidum
1137 1700 1308 1763 ultra
1347 1708 1599 1785 ponunt
1638 1698 1709 1763 in
1733 1698 1918 1765 litore
1947 1698 2280 1766 Baricaza.
2320 1701 2392 1765 A
2417 1699 2606 1767 Mos-

352 1805 553 1888 sylico
591 1801 1028 1888 promontorio
1053 1799 1459 1865 Atlanticum
1498 1822 1677 1864 mare
1719 1800 2005 1885 incipere
2048 1803 2184 1866 volt
2208 1801 2375 1868 Iuba
2407 1825 2605 1889 prae-

354 1918 454 1970 ter
494 1901 943 1968 Mauretanias
998 1924 1148 1965 suas
1191 1897 1401 1965 Gadis
1453 1922 1663 1985 usque
1718 1901 2155 1988 navigandum
2196 1925 2368 1980 coro,
2424 1904 2608 1968 cuius

356 2015 489 2071 tota
530 2005 849 2070 sententia
888 2003 1013 2088 lioc
1051 2002 1122 2067 in
1161 2002 1304 2067 loco
1347 2001 1783 2086 suptrahenda
1821 2024 1951 2067 non
1994 2015 2112 2068 est.
2193 2004 2260 2068 A
2299 2026 2604 2091 promon-

354 2107 514 2173 torio
576 2107 884 2171 Indorum
951 2103 1126 2188 quod
1191 2114 1460 2169 vocatur
1518 2101 1921 2188 Lepteacra‚
1982 2104 2067 2170 ab
2131 2105 2275 2171 aliis
2345 2105 2604 2192 Drepa-

359 2231 538 2285 num,
593 2207 898 2294 proponit
946 2216 1126 2269 recto
1183 2226 1381 2269 cursu
1422 2215 1677 2289 praeter
1717 2203 2009 2271 Exustae
2065 2218 2134 2270 et
2169 2205 2461 2272 Malichu
2503 2206 2605 2271 in-

353 2309 560 2373 sulam
612 2312 697 2364 fx?
732 2304 882 2368 mil.
938 2326 1004 2389 p.
1064 2324 1207 2367 esse
1231 2351 1249 2380 ,
1305 2302 1457 2366 inde
1509 2302 1595 2365 ad
1645 2304 1860 2367 locum
1910 2327 2106 2387 quem
2157 2319 2389 2371 vocant
2445 2303 2606 2370 Sce-

351 2429 508 2475 neos
564 2427 774 2472 ccxxv
827 2425 910 2483 ιι,
978 2403 1131 2469 inde
1183 2403 1269 2467 ad
1320 2402 1595 2468 insulam
1647 2403 1891 2468 Adanu
1943 2427 2020 2469 σι,
2071 2405 2203 2470 mil.
2259 2428 2568 2492 passuum
2588 2434 2607 2485 3

353 2512 445 2575 sic
486 2509 630 2575 fieri
671 2507 756 2573 ad
797 2516 1094 2593 apertum
1134 2526 1311 2568 mare
1351 2524 1714 2567 xv111.1.xxv
1751 2504 1880 2568 mil.
1924 2527 1992 2591 p.
2077 2505 2336 2590 Reliqui
2378 2530 2599 2573 omnes
2639 2530 2734 2577 176

352 2624 617 2697 propter
659 2608 810 2675 solis
851 2607 1147 2673 ardorem
1186 2603 1483 2691 navigari
1533 2625 1729 2689 posse
1780 2626 1909 2669 non
1960 2617 2385 2691 putaverunt3
2440 2610 2598 2693 quin

354 2725 420 2778 et
479 2711 838 2778 conmercia
887 2710 1033 2795 ipsa
1081 2707 1391 2773 infestant
1445 2728 1529 2772 ex
1578 2706 1809 2771 insulis
1849 2707 2105 2774 Arabes
2159 2709 2426 2776 Ascitae
2478 2735 2597 2798 ap-

352 2813 596 2900 pellati,
653 2811 955 2895 quoniam
996 2810 1272 2876 bubulos
1313 2818 1493 2874 utres
1548 2808 1736 2874 binos
1788 2810 2220 2907 insternentes
2259 2825 2455 2899 ponte
2497 2815 2600 2901 pi-

356 2950 541 3013 tudine,
576 2953 669 3001 Rd
702 2949 898 3010 (Vatic.
931 2954 1082 2999 3861.
1121 2945 1293 3008 1953.)
1332 2986 1396 2995 ...
1429 2946 1658 3005 Dwdorl‘,
1689 2946 1862 2995 vatic.
1896 2954 2047 2997 3861.
2084 2955 2231 2998 1953.
2256 2956 2408 3001 8533.
2441 2954 2608 3004 Pakt-

358 3026 506 3071 1559.
555 3018 728 3069 ottob.
758 3022 905 3066 1598.
949 3014 1185 3074 Dioduri,
1210 3015 1316 3063 Rd.
1367 3012 1616 3071 Dio-seori,
1639 3014 1822 3076 reliqui
1845 3017 1992 3063 codd.
2017 3015 2174 3078 Zoeg.
2212 3057 2275 3065 ..-
2317 3017 2478 3079 Geso,
2501 3022 2607 3070 Va-

355 3091 439 3137 tic.
469 3093 617 3137 1958.
650 3084 817 3143 Ζαια,
840 3086 932 3134 Rd
955 3083 1150 3145 (Vatic.
1176 3088 1325 3132 3861.
1356 3086 1503 3130 1951.
1532 3078 1708 3141 1956.)
1743 3079 1909 3142 Ζσῃο,
1932 3082 2097 3131 Palat.
2127 3089 2273 3133 1559.
2313 3126 2376 3134 -.
2411 3084 2609 3153 Mossy-

355 3157 475 3216 lites,
497 3155 548 3203 B
570 3152 764 3215 (vatic.
797 3150 975 3213 8588.)
1010 3168 1139 3204 mons
1161 3148 1358 3214 Sylitcs,
1392 3151 1425 3198 d
1449 3146 1644 3209 (Vatic-
1669 3146 1848 3210 8861.)
1883 3148 2184 3209 nossemus,
2208 3151 2419 3202 Barbar.
2457 3160 2606 3205 2203.

356 3221 636 3281 raonsilitoe,
660 3219 987 3285 monsythites,
1012 3236 1141 3268 mons
1162 3216 1390 3278 Philias,
1416 3216 1568 3265 ceteri
1587 3217 1735 3265 codd.
1761 3216 1918 3279 Zoeg.
1956 3214 2262 3281 Massyliam,
2281 3221 2356 3269 11¹
2375 3219 2606 3281 (Barbcr.

360 3288 502 3351 758.)
524 3305 575 3354 γ.
618 3287 908 3352 Cossylnbus.
932 3289 1024 3337 K2.
1061 3326 1125 3335 .-
1160 3285 1447 3343 duanam,
1472 3285 1579 3333 Rd.
1622 3283 1982 3337 cinnamomum.
2003 3280 2105 3348 βγ.
2145 3327 2208 3334 -
2245 3285 2508 3350 Sesostris,
2531 3291 2609 3339 R·³

355 3358 529 3417 (codd.
562 3355 747 3419 Zoeg.)
796 3355 957 3415 Sosis,
981 3356 1101 3404 R'd
1124 3351 1318 3416 (Vatic.
1341 3349 1521 3413 8861.)
1565 3349 1835 3411 Sesostm,
1859 3353 2065 3402 Bai-ber.
2091 3355 2204 3403 758.
2251 3353 2415 3417 Solus,
2436 3358 2606 3407 Vatic.

360 3430 507 3475 1958.
544 3424 782 3485 Senti-⁸25,
804 3424 973 3472 Vatic.
1002 3428 1148 3472 1950.
1191 3436 1274 3470 sos
1297 3421 1434 3480 etn's,
1457 3420 1628 3469 Vatic.
1657 3424 1803 3469 1956.
1848 3418 2113 3481 Seseom'us,
2136 3422 2302 3471 Palat.
2331 3429 2477 3474 1559.
2513 3424 2607 3475 Se-

360 3491 503 3549 sost's,
527 3493 635 3542 Zoe

424 3558 455 3619 ξ
485 3564 596 3610 175.
636 3507 915 3619 {zm
946 3558 1056 3607 Rd.
1106 3554 1404 3620 Baraqaza,
1435 3549 1480 3615 β
1488 3569 1544 3618 γ.
1591 3595 1652 3603 .-.
1701 3552 1988 3618 Mass-ylico,
2022 3556 2172 3607 BTd
2213 3556 2385 3620 (codd.
2420 3558 2606 3622 Zoeg.)

357 3626 618 3677 Mons-ilico
647 3627 729 3675 vel
763 3624 1011 3685 Mos-mo,
1044 3625 1139 3674 alii
1164 3625 1406 3674 eiusdem.
1454 3620 1705 3687 Molylioe,
1740 3624 1884 3671 codd.
1908 3623 2124 3673 Salmas.
2150 3639 2316 3674 exerc.
2340 3641 2391 3689 p.
2417 3630 2532 3675 874.
2556 3630 2605 3677 b.

356 3696 422 3744 D.
468 3693 743 3757 Massylae,
772 3688 834 3752 β.
872 3733 931 3741 ..
971 3692 1044 3741 ad
1070 3689 1391 3751 Atlanticum,
1425 3694 1473 3741 d.
1512 3731 1576 3739 -.
1617 3689 1800 3750 Gadis,
1831 3690 1965 3740 R'd.
2026 3688 2210 3753 Gades,
2249 3693 2341 3741 R2.
2400 3692 2607 3749 Gadeis.

356 3757 461 3824 βγ.
500 3802 563 3809 -
597 3759 751 3820 Euro,
784 3760 1074 3810 Taschuck.
1106 3769 1213 3809 not.
1247 3761 1354 3808 crit.
1389 3760 1457 3807 ad
1486 3758 1610 3808 Mel.
1634 3759 1731 3807 ΠΙ.
1758 3763 1805 3817 9,
1830 3763 1878 3806 8.
1917 3798 1979 3806 -..
2015 3756 2332 3820 Iudaeorum,
2364 3760 2517 3811 Voae.
2541 3765 2608 3811 ad

356 3828 481 3878 Mel.
512 3828 546 3875 l.
570 3828 608 3876 l.
647 3869 710 3876 -
749 3827 983 3885 vincitur,
1017 3828 1066 3875 d.
1103 3868 1167 3875 -
1207 3825 1327 3890 lepte
1347 3826 1505 3885 Acro,
1528 3825 1736 3876 Barbar.
1774 3865 1836 3873 -.
1872 3825 2100 3875 ,Et-ustae
2123 3835 2187 3885 et,
2210 3827 2260 3875 d.
2314 3826 2521 3880 cxl-uste
2543 3838 2607 3889 et,

358 3897 422 3945 R.
460 3903 639 3943 exusta
661 3894 745 3954 ad,
767 3889 827 3954 β.
870 3895 1111 3945 Exustam
1136 3893 1221 3954 ad,
1243 3894 1401 3944 Hard.
1423 3907 1477 3957 γ.
1516 3934 1581 3942 -.
1615 3890 1862 3953 Μαὶἰελιι,
1885 3893 1959 3941 ita
1980 3908 2076 3942 nos
2099 3895 2410 3957 scripsimus.
2447 3894 2607 3946 Mali-

356 3961 462 4022 εΙιο,
494 3962 601 4011 Bd.
645 3960 871 4021 Malean,
904 3964 1051 4011 codd.
1087 3962 1266 4012 Gelen.
1288 3956 1391 4024 βγ.
1427 4001 1493 4009 -.
1531 3959 1717 4021 insula,
1747 3961 1856 4009 Rd.
1894 3999 1957 4008 -.
1996 3958 2284 4022 quindecim,
2317 3957 2377 4022 β.
2414 4004 2478 4012 .-
2522 3962 2606 4028 qd,

357 4030 448 4078 13¹.
487 4054 551 4077 -·
586 4027 810 4088 Sca-eos,
833 4030 928 4079 Bd
951 4028 1029 4089 (in
1051 4027 1266 4090 rasura.)
1301 4027 1492 4083 δίοποι,
1515 4029 1670 4078 Voss.
1695 4029 1729 4076 l.
1755 4028 1789 4076 l.
1816 4067 1878 4075 -.
1906 4025 2109 4085 Adanu.
2131 4029 2290 4078 Hard-
2329 4028 2605 4092 sedanam,

357 4092 517 4156 Rdss.
554 4137 618 4145 ....
637 4096 767 4161 fleri
788 4105 843 4145 ut
866 4106 1103 4162 apertum
1126 4098 1176 4145 (1.
1202 4138 1264 4145 -
1289 4095 1531 4157 LXXV,
1554 4088 1709 4146 Red.
1744 4094 2043 4156 LXXXV,
2066 4090 2126 4155 β.
2176 4096 2414 4146 Ceterum
2436 4114 2482 4148 V.
2508 4099 2608 4151 So-

357 4166 447 4214 lin.
474 4171 554 4225 ss,
583 4170 628 4215 7.

426 4232 458 4293 5
486 4238 599 4283 176.
635 4231 875 4296 Reliqua,
909 4235 1064 4284 Voss.
1097 4233 1133 4282 1.
1167 4234 1202 4280 l.
1239 4273 1301 4281 .-.
1337 4231 1565 4282 ardorem
1589 4230 1725 4289 solis,
1749 4234 1797 4280 d.
1837 4271 1901 4281 ,-.
1949 4248 2040 4280 non
2059 4249 2215 4296 posse,
2242 4234 2305 4282 T.
2327 4242 2406 4282 ’-.
2444 4252 2605 4300 papu-

362 4298 449 4359 los,
473 4302 562 4350 13¹.
598 4301 813 4363 bubulos,
838 4304 888 4352 d.
914 4344 975 4352 ..
1013 4302 1343 4360 insta-nentes,
1369 4300 1458 4349 ΒΞ.
1497 4299 1855 4359 instes-nendos,
1880 4299 2068 4349 R1'rd.
2102 4309 2389 4363 sternentes,
2410 4297 2512 4365 βγ.
