2961 4861
821 363 961 410 Lm.
995 364 1067 409 11.
1126 363 1281 410 cAr.
1311 364 1696 410 παυς-ιιι.
1760 362 1954 410 ssc‘r.
1984 366 2166 409 50-53.
2480 347 2601 412 155

460 513 575 579 LI.
642 515 742 580 52.
788 512 1161 579 Fulminum
1203 512 1490 598 ipsorum
1533 514 1720 597 plura
1749 535 1985 600 genera
2016 514 2370 579 traduntur.
2416 512 2602 596 Quae
2634 529 2727 577 13⁷

374 616 543 682 sicca
582 614 868 692 veniunt,
930 636 1058 679 non
1101 614 1381 678 adurunt
1423 615 1538 679 sed
1590 615 1921 700 dissipant,
1980 635 2142 697 quae
2183 613 2422 692 umida,
2475 636 2604 680 non

371 724 568 779 urunt
609 715 724 780 sed
765 714 1104 780 infuscant.
1151 713 1444 779 Tertium
1488 724 1586 780 est
1628 716 1801 800 quod
1843 714 2085 780 clarum
2126 726 2376 792 vocant,
2420 714 2598 779 miri-

370 816 530 881 ficae
572 836 871 879 maxume
914 826 1200 892 naturae,
1261 836 1388 898 quo
1433 814 1602 880 dolia
1645 815 2107 881 exhauriuntur
2147 815 2403 880 intactis
2444 836 2602 899 ope-

369 915 659 981 rimentis
725 915 1027 998 nulloque
1088 915 1211 978 alio
1276 915 1550 1000 vestigio
1612 915 1852 980 relicto.
1937 915 2191 979 Aurum
2246 926 2310 980 et
2373 938 2483 980 aes
2541 925 2604 979 et

371 1026 707 1102 argentum
750 1015 1032 1099 liquatur
1072 1015 1265 1092 intus,
1325 1015 1593 1081 sacculis
1646 1015 1803 1101 ipsis
1845 1016 2017 1080 nullo
2060 1015 2247 1079 modo
2292 1014 2604 1078 ambustis

370 1139 450 1182 ac
491 1138 572 1181 ne
615 1116 882 1181 confuso
926 1115 1185 1198 quidem
1229 1115 1412 1201 signo
1455 1138 1660 1181 cerae.
1734 1115 1984 1180 Marcia
2026 1116 2322 1200 princeps
2363 1113 2602 1179 Roma-

369 1238 599 1281 narum
640 1216 767 1281 icta
807 1215 1097 1303 gravida,
1144 1227 1335 1299 partu
1376 1216 1757 1293 exanimatO,
1803 1217 1945 1301 ipsa
1988 1216 2147 1281 citra
2186 1215 2386 1278 ullum
2429 1214 2605 1282 aliud

368 1316 839 1383 incommodum
897 1315 1076 1380 vixit.
1150 1315 1229 1378 In
1275 1313 1669 1381 Catilinariis
1724 1316 2033 1404 prodigiis
2075 1314 2466 1400 Pompeiano
2522 1338 2603 1380 ex

370 1415 715 1503 municipio
743 1414 842 1480 M.
871 1415 1240 1481 Herennius
1284 1415 1545 1481 decurio
1589 1438 1813 1502 sereno
1857 1416 1962 1482 die
1992 1414 2257 1482 fulmine
2284 1414 2454 1480 ictus
2483 1426 2601 1480 est.

454 1514 605 1581 LII.
673 1516 775 1581 53.
829 1514 1187 1581 Tuscorum
1225 1515 1478 1582 litterae
1530 1538 1762 1582 novem
1806 1517 1958 1583 deos
2003 1516 2290 1581 emittere
2333 1514 2603 1580 fulmina
2631 1534 2727 1579 138

373 1616 763 1683 existumant
806 1637 1007 1701 eaque
1052 1637 1194 1681 esse
1234 1616 1538 1682 undecim
1577 1639 1921 1704 generum,
1965 1616 2188 1681 Iovem
2231 1615 2400 1681 enim
2433 1615 2602 1679 trina

369 1716 655 1782 iaculari.
717 1715 992 1781 Romani
1034 1714 1162 1780 duo
1206 1726 1454 1780 tantum
1498 1738 1579 1781 ex
1620 1716 1702 1781 iis
1745 1737 2102 1793 servavere,
2148 1713 2377 1778 diurna
2417 1714 2599 1779 attri-

369 1818 642 1884 buentes
690 1816 830 1883 Iovi
846 1865 865 1895 ,
921 1827 1231 1882 nocturna
1288 1811 1643 1881 Summano
1657 1864 1676 1895 ,
1734 1816 1974 1883 rariora
2032 1836 2184 1880 sane
2239 1813 2466 1879 eadem
2519 1813 2600 1878 de

368 1940 565 1985 causa
604 1916 957 2005 frigidioris
999 1915 1177 1981 caeli.
1233 1914 1498 1996 Etruria
1539 1938 1872 2004 erumpere
1917 1928 2086 1982 terra
2128 1936 2384 2001 quoque
2425 1913 2599 1980 arbi-

371 2030 594 2097 tratur,
651 2038 820 2102 quae
873 2017 1081 2082 infera
1137 2017 1436 2103 appellat,
1492 2016 1764 2083 brumali
1819 2030 2104 2105 tempore
2157 2016 2349 2096 facta,
2405 2034 2599 2084 saeva

368 2140 667 2183 maxume
713 2128 779 2182 et
819 2117 1257 2196 exsecrabilia,
1318 2139 1464 2183 cum
1522 2119 1651 2183 sint
1691 2120 1901 2185 omnia
1952 2141 2118 2204 quae
2161 2129 2413 2185 terrena
2458 2120 2595 2185 exi-

370 2230 652 2286 stumant
706 2240 835 2282 non
884 2218 993 2283 illa
1035 2219 1358 2304 generalia
1399 2242 1520 2284 nec
1563 2243 1601 2284 a
1645 2213 1959 2287 sideribus
2001 2220 2323 2287 venientia
2355 2220 2472 2285 sed
2516 2244 2597 2287 ex

368 2341 681 2405 proxuma
708 2329 900 2403 atque
931 2318 1277 2386 turbidiore
1304 2331 1554 2383 natura.
1598 2318 2069 2409 Argumentum
2101 2321 2385 2397 evidens,
2427 2320 2600 2404 quod

369 2420 580 2485 omnia
636 2419 964 2506 superiora
1017 2443 1052 2486 e
1116 2422 1291 2492 caelo
1347 2420 1709 2487 decidentia
1766 2420 2059 2507 obliquos
2113 2420 2356 2487 habent
2409 2420 2597 2498 ictus,

369 2627 440 2680 ad
460 2637 677 2694 teporem,
701 2628 878 2680 R²Pa
912 2624 1082 2690 (codd.
1109 2626 1249 2690 Gcl.)
1284 2628 1358 2678 ad
1390 2639 1566 2694 tepore,
1590 2634 1639 2683 R.
1658 2634 1685 2679 ¹.
1724 2648 1758 2680 a
1783 2639 1960 2696 tepore,
1980 2632 2084 2681 Td.
2115 2671 2177 2682 ..
2206 2633 2355 2683 omnis
2378 2629 2526 2693 urbis,
2547 2645 2594 2681 σ.

371 2699 501 2757 urbs,
525 2697 583 2746 P.
621 2737 684 2745 .-
721 2706 778 2757 et,
805 2698 968 2746 omitt.
991 2697 1036 2746 P
1059 2691 1319 2759 (Robert.)
1357 2738 1419 2746 -
1457 2697 1627 2758 iuxta5
1659 2700 1779 2748 huic
1809 2700 1925 2749 voci
1947 2701 2343 2765 suprascriptum
2373 2700 2451 2750 vel
2482 2714 2594 2749 con-

369 2772 450 2814 tra
472 2781 504 2813 a
525 2764 767 2814 Roberto.
797 2805 858 2812 .-
886 2761 1082 2812 hiemem
1106 2774 1152 2813 et
1173 2773 1413 2827 aestatem,
1439 2766 1543 2815 Td.
1570 2767 1885 2832 -fulqorat‚
1910 2769 1974 2817 Β.
2000 2808 2062 2816 -
2087 2770 2155 2829 in,
2181 2771 2345 2818 omitt.
2369 2769 2461 2818 Ra
2479 2769 2509 2816 ¹.
2533 2808 2595 2816 -

367 2830 465 2879 situ
490 2831 661 2892 evenit,
697 2847 722 2879 r
745 2827 1003 2893 (Robert.)

432 2899 462 2961 ξ
491 2903 602 2949 137.
638 2900 846 2959 humore,
878 2901 942 2948 Β.
974 2898 1187 2961 fiemiala,
1221 2901 1379 2949 Hard.
1415 2915 1483 2949 ex
1504 2901 1716 2951 Aristot.
1738 2904 1949 2951 Metcor.
1984 2907 2032 2964 3,
2062 2908 2104 2950 1.
2141 2916 2190 2963 p.
2226 2907 2320 2952 371
2334 2910 2375 2962 ⁸,
2410 2907 2492 2951 20.
2532 2942 2594 2949 .-

367 2963 595 3026 adurunt,
627 2967 672 3014 P
712 2963 971 3027 (Robert.)
1008 3006 1070 3013 .-
1107 2967 1374 3030 murtficae,
1406 2981 1453 3016 σ.
1495 3008 1556 3016 -
1602 2965 1730 3032 quod
1762 2969 1876 3026 olia,
1907 2969 1972 3016 Β.
2013 3007 2074 3015 -.
2121 2970 2462 3026 examinatur,
2495 2969 2594 3016 3².

367 3033 666 3094 exariuutur,
691 3034 740 3082 Β
762 3036 788 3080 ¹.
818 3073 880 3080 -
914 3035 1094 3093 οΐαείὶε,
1119 3035 1168 3083 Β
1188 3036 1216 3081 ¹.
1244 3074 1308 3084 ...
1343 3035 1687 3096 inperimentise,
1712 3035 1762 3082 Β
1782 3037 1810 3081 ¹.
1838 3073 1900 3081 .-
1927 3034 2052 3081 intus
2076 3033 2303 3095 liquatur,
2330 3036 2377 3081 d.
2416 3049 2594 3095 arqen-

365 3108 460 3148 tum
482 3101 727 3164 siynatum
750 3101 909 3150 uritur
938 3102 1086 3161 intus,
1112 3101 1376 3150 d’Orleans
1409 3102 1473 3149 ad
1500 3101 1662 3149 Tacit.
1687 3100 1821 3149 Hist.
1857 3106 1902 3147 2.
1943 3139 2003 3146 -.
2039 3099 2224 3159 seculis,
2248 3098 2352 3147 R¹.
2391 3140 2453 3146 .-
2489 3116 2596 3148 con-

348 3166 503 3227 fusi-⁴5,
527 3168 589 3216 Β.
629 3208 691 3215 -
727 3168 869 3226 εἰσηο,
895 3169 958 3216 Β.
998 3207 1059 3214 -.
1095 3165 1451 3224 Romanarum,
1474 3167 1525 3214 Β
1542 3167 1629 3215 2Ρ.
1674 3166 2017 3223 Romanorum,
2042 3166 2091 3214 Β
2109 3167 2122 3196 ¹
2138 3165 2316 3214 Tader
2333 3162 2596 3227 (Robert.)

364 3232 599 3283 Ceterum
622 3250 737 3283 cum
763 3235 890 3283 haec
922 3236 1075 3282 verba
1106 3234 1304 3282 nullum
1329 3239 1505 3295 aptum
1541 3247 1743 3281 sensum
1776 3233 2047 3294 praebeant
2080 3239 2130 3281 ct
2162 3247 2312 3282 nemo
2335 3248 2594 3295 umquam,

362 3301 435 3348 uti
458 3316 592 3350 nunc
616 3316 695 3349 res
729 3308 818 3360 est,
854 3296 1181 3362 expediturus
1213 3300 1294 3360 sit,
1330 3300 1590 3361 quomodo
1623 3299 1812 3347 femina
1847 3299 2017 3362 aliqua
2049 3301 2147 3348 dici
2179 3301 2341 3363 possit
2367 3302 2594 3365 princeps

361 3365 709 3425 Romanarum,
743 3365 887 3428 (nam
912 3381 1042 3429 quac
1073 3366 1167 3414 viri
1202 3367 1336 3415 docti
1370 3366 1709 3427 coniecerunt,
1741 3367 1930 3415 nemini
1965 3368 2067 3416 iam
2101 3366 2453 3430 satisfaciena)
2485 3385 2593 3418 ma-

361 3449 515 3495 guam
548 3435 602 3481 in
640 3435 742 3480 hoc
773 3434 889 3481 loco
923 3433 1262 3494 corruptelam
1292 3434 1454 3482 inesse
1487 3440 1626 3496 put0,
1671 3443 1834 3482 ortam
1867 3434 2009 3483 illam
2044 3435 2259 3485 fortasse
2292 3451 2356 3485 ex
2392 3437 2592 3496 lacuna,

362 3500 537 3562 quales
559 3500 802 3561 plurimas
824 3499 878 3546 in
899 3501 1108 3561 vulgata
1125 3500 1279 3549 Plinii
1304 3501 1536 3549 oratione
1559 3510 1756 3550 exstare
1780 3504 1926 3550 docet
1948 3505 2113 3552 codex
2136 3504 2222 3552 ille
2244 3504 2512 3565 Bamberg.
2530 3544 2591 3554 ..-

362 3564 512 3625 dz‘cta,
536 3567 635 3615 R2.
675 3606 736 3612 -
774 3567 1062 3627 examinato,
1099 3568 1303 3616 Robert.
1343 3609 1404 3616 .-
1448 3568 1596 3627 circa,
1630 3569 1675 3618 P
1697 3571 1724 3616 ¹.
1764 3610 1825 3616 -.
1871 3568 2020 3630 illum,
2052 3571 2109 3620 P.
2146 3611 2208 3619 -.
2256 3587 2349 3619 non
2382 3571 2591 3619 sentiens

361 3634 498 3692 vixit,
531 3634 591 3682 P.
642 3672 704 3679 -.-
757 3630 1090 3694 Catilinariis,
1124 3635 1196 3683 ita
1230 3648 1326 3697 ego
1362 3635 1538 3698 scripsi
1571 3636 1690 3684 coll.
1725 3638 1790 3685 ad
1822 3642 1903 3697 33,
1929 3643 2009 3686 34.
2063 3635 2384 3697 Catilinianis,
2420 3637 2588 3687 R2K.

364 3697 645 3763 Catiliam‘s,
669 3700 717 3748 Β
738 3698 1041 3749 ¹TSPad2.
1092 3697 1347 3762 Catilanis,
1381 3705 1414 3751 d
1435 3705 1463 3750 ¹.
1522 3699 1828 3762 cummunis,
1850 3705 1985 3753 Pint.
2008 3699 2108 3767 βγ.
2148 3743 2211 3751 -.
2246 3702 2515 3765 municipio,
2540 3705 2587 3751 d.

360 3767 641 3831 municipiis,
665 3767 821 3816 RPa.
853 3807 916 3815 -.
949 3766 1293 3830 Varyunteius,
1318 3769 1473 3819 Hard.
1498 3784 1565 3818 ex
1592 3770 1811 3835 Obsequ.
1837 3772 2031 3833 prodig.
2061 3775 2172 3819 122.
2201 3809 2263 3818 ...
2288 3784 2420 3829 seno,
2444 3769 2503 3819 P.
2524 3810 2587 3818 .-

357 3849 512 3896 qecus,
536 3836 599 3884 R.
1389 3862 1396 3867 .

427 3904 456 3964 ξ
502 3908 611 3951 138.
674 3899 1014 3956 Thr-escarum,
1055 3903 1156 3951 Td.
1197 3943 1258 3952 ..
1306 3903 1517 3964 litterae,
1559 3906 1620 3953 Β.
1658 3944 1720 3952 -.
1771 3920 1830 3952 ex
1870 3902 1947 3951 his
1990 3918 2059 3961 se,
2101 3903 2163 3952 Β.
2202 3944 2265 3952 ,.
2316 3917 2585 3963 servavere,

360 3968 464 4017 BT
481 3963 652 4018 θεᾶν.
690 3983 907 4029 servare,
930 3964 987 4029 β.
1027 4010 1088 4017 .-
1128 3978 1372 4028 nocturno,
1398 3972 1460 4019 Β.
1504 4009 1567 4017 ....
1613 3971 1793 4028 rarior,
1817 3971 1880 4020 Β.
1920 4010 1981 4017 ..
2018 3968 2246 4030 Etruria,
2272 3973 2357 4019 ad.
2395 3968 2585 4034 Etrffl,

361 4036 441 4083 Β1
469 4033 727 4096 (Robert.)
761 4033 968 4085 Etruria
1004 4036 1198 4099 quique,
1223 4039 1319 4087 R2.
1370 4077 1429 4084 ..
1478 4054 1504 4083 e
1527 4045 1677 4095 terra,
1698 4052 1724 4083 r
1746 4033 2005 4097 (Robcrt.)
2043 4076 2105 4085 -.
2152 4037 2477 4086 arbitrantur
2473 4036 2585 4101 sul..

361 4103 500 4162 mina,
525 4104 730 4151 Robcrt.
771 4143 831 4150 ,-
869 4103 1097 4167 appellat,
1132 4103 1195 4152 Β.
1233 4103 1533 4166 appellatur,
1558 4105 1644 4151 ad.
1682 4100 2007 4166 appellantur,
2038 4119 2064 4153 ι·
2086 4100 2348 4166 (Robert.)
2387 4146 2448 4154 -.
2484 4108 2585 4156 exi-

359 4170 634 4229 stimantur,
651 4186 690 4218 r.
712 4210 772 4217 -.
797 4169 1028 4233 turpiore,
1052 4172 1113 4220 T.
1135 4210 1196 4218 .-
1218 4168 1430 4229 evidens,
1455 4169 1563 4220 ΒΤ
1581 4161 1755 4220 Badr.
1781 4167 1970 4219 evidens
1993 4180 2080 4231 est,
2095 4167 2154 4233 β.
2176 4211 2237 4221 ..
2258 4173 2520 4236 superiora
2538 4191 2582 4232 e,

359 4233 670 4352 ῗέὸΒοέῗττὲ)
707 4253 731 4283 e
752 4238 1048 4301 superiorae,
1073 4239 1135 4287 Β.
1174 4252 1199 4283 ε
1225 4238 1490 4299 superiore,
1516 4239 1562 4286 d.
1600 4255 1635 4287 a
1659 4236 1921 4301 superiore,
1943 4232 2045 4302 βγ.
2075 4277 2135 4287 -
2171 4235 2355 4302 habent,
2380 4242 2428 4291 Β
2444 4232 2487 4286 θ
2496 4240 2582 4289 ad.

456 4320 515 4353 ea
568 4340 580 4364 ,
657 4339 668 4351 .
