2961 4861
357 316 479 378 128
1051 330 1457 377 nummus
1504 329 1892 378 ms'romAn

352 484 733 549 inlustrante
764 504 893 559 eas,
940 459 1409 559 modo‘raritas,
1455 493 1528 545 ut
1571 480 1821 569 fugisse
1863 480 2192 558 miremur,
2236 481 2587 566 plenilunio

350 583 805 662 abscondente,
851 573 963 646 aut
1006 605 1154 647 cum
1199 582 1349 647 solis
1387 604 1661 667 suprave
1691 583 2009 647 dictarum
2038 582 2201 646 radii
2227 583 2406 648 visus
2433 606 2585 669 per-

354 684 670 748 strinxere
698 681 971 748 nostros.
1037 681 1127 745 Et
1166 682 1310 765 ipsa
1353 693 1569 747 autem
1609 683 1765 746 luna
1803 682 2242 768 ingruentium
2283 684 2439 748 solis
2479 706 2583 748 ra-

349 784 600 848 diorum
655 784 810 848 haut
864 783 1059 848 dubie
1110 782 1507 847 differentias
1553 784 1745 848 sentit
1767 831 1784 860 ,
1840 782 2183 847 hebetante
2227 794 2441 849 cetero
2481 786 2580 849 in-

345 885 547 949 flexos
589 884 813 949 mundi
857 871 1261 949 convexitate*
1303 904 1411 947 eos
1460 895 1911 967 praeterquam
1953 883 2067 948 ubi
2108 884 2269 949 recti
2310 886 2579 972 angulo-

345 1009 490 1049 rum
534 995 876 1080 conpetant
915 986 1104 1049 ictuc.
1177 982 1406 1066 Itaque
1459 984 1527 1047 in
1580 984 1891 1067 quadrato
1946 984 2096 1048 solis
2149 984 2411 1049 dividua
2459 997 2578 1064 est,

343 1087 412 1149 in
457 1085 767 1169 triquetro
814 1086 1121 1151 seminani
1164 1084 1444 1149 ambitur
1487 1084 1641 1149 orbe
1665 1132 1682 1162 ,
1741 1084 2024 1169 inpletur
2075 1095 2291 1149 autem
2342 1087 2408 1148 in
2459 1086 2578 1150 ad-

344 1209 532 1253 verso
568 1209 917 1270 rursusque
960 1186 1252 1250 minuens
1297 1185 1555 1250 easdem
1600 1184 1851 1272 effigies
1893 1184 2158 1269 paribus
2202 1184 2337 1250 edit
2375 1186 2576 1251 inter-

345 1287 528 1352 vallis
575 1285 760 1351 simili
803 1286 1070 1365 ratione,
1117 1309 1244 1370 qua
1289 1308 1485 1371 supra
1526 1286 1727 1351 solem
1749 1284 1894 1368 tria
1938 1285 2168 1350 sidera.

428 1388 630 1452 XIX.
707 1390 808 1452 17.
856 1386 971 1455 Sol
1014 1398 1227 1453 autem
1269 1388 1409 1471 ipse
1454 1397 1755 1469 quattuor
1798 1387 2191 1452 differentias
2217 1386 2431 1465 habet,
2475 1388 2574 1454 bis
2601 1407 2660 1452 81

342 1502 615 1573 aequata
666 1499 852 1553 nocte
908 1489 1034 1552 diei
1088 1510 1284 1552 verno
1339 1497 1405 1552 et
1444 1498 1768 1551 autumno
1820 1487 1888 1551 in
1946 1497 2235 1552 centrum
2287 1488 2573 1553 incidens

346 1603 550 1656 terrae
604 1590 845 1654 octavis
899 1590 967 1653 in
1019 1588 1311 1674 partibus
1367 1587 1585 1654 arietis
1638 1611 1714 1654 ac
1764 1588 1985 1666 librae,
2043 1588 2145 1653 bis
2197 1590 2572 1673 permutatis

343 1692 566 1778 spatiis
615 1692 684 1757 in
736 1701 995 1755 auctum
1048 1688 1173 1754 diei
1232 1690 1495 1767 bruma,
1563 1700 1789 1753 octava
1840 1689 1908 1753 in
1960 1700 2149 1773 parte
2196 1690 2569 1775 capricorni,

338 1794 544 1858 noct-is
589 1816 742 1857 vero
786 1790 1054 1857 solstitio
1098 1791 1363 1855 totidem
1404 1790 1473 1854 in
1514 1789 1808 1875 partibus
1853 1790 2086 1854 cancri.
2142 1790 2568 1874 Inaequalita-

341 1895 422 1958 tis
467 1915 661 1957 causa
702 1892 1044 1974 obliquitas
1089 1891 1400 1977 signiferi,
1462 1912 1610 1954 cum
1665 1912 1814 1974 pars
1868 1912 2073 1973 aequa
2112 1892 2333 1958 mundi
2378 1914 2570 1977 super

342 1989 692 2078 supterque
738 2001 938 2055 terras
984 1992 1276 2056 omnibus
1318 1991 1431 2054 fiat
1471 1991 1829 2055 momentis.
1899 1987 2036 2056 Sed
2079 2013 2243 2075 quae
2285 2003 2462 2058 recta
2501 1992 2569 2057 in

339 2104 568 2159 exortu
612 2114 726 2157 suo
772 2102 1166 2179 consurgunt
1209 2092 1411 2179 signa,
1469 2091 1757 2179 longiore
1816 2100 2023 2157 tractu
2078 2102 2297 2157 tenent
2332 2093 2565 2171 lucem,

340 2217 504 2278 quae
549 2216 701 2258 vero
745 2193 1024 2276 obliqua,
1071 2191 1284 2256 ociore
1330 2202 1666 2256 transeunt
1707 2193 1933 2277 spatio.
2023 2247 2026 2250 .

420 2291 601 2364 XX.
665 2294 764 2359 18.
824 2292 1022 2359 Latet
1073 2294 1412 2378 plerosque
1454 2315 1690 2379 magna
1733 2293 1891 2357 caeli
1934 2293 2365 2359 adsectatione
2411 2318 2564 2359 con-
2591 2314 2656 2358 82
2721 2355 2726 2360 .

335 2408 593 2484 pertum
636 2419 675 2461 a
717 2395 1113 2483 principibus
1169 2393 1494 2460 doctrinae
1538 2394 1713 2471 viris,
1774 2395 2174 2480 superiorum
2231 2394 2421 2461 trium
2476 2397 2563 2461 si-

336 2499 562 2565 derum
618 2499 789 2585 ignis
849 2520 988 2562 esse
1052 2497 1163 2579 qui
1219 2495 1474 2562 decidui
1538 2495 1621 2560 ad
1685 2496 1886 2561 terras
1944 2496 2280 2562 fulminum
2334 2521 2563 2563 nomen

402 2736 672 2799 illustrant,
697 2740 746 2789 Β
768 2742 794 2787 ¹.
834 2736 1153 2799 illustrantis,
1178 2739 1242 2787 K.
1258 2779 1319 2785 -.
1342 2754 1448 2798 e03,
1471 2723 1684 2787 Pd¹.'.-
1704 2753 1934 2802 superne,
1958 2740 2017 2787 P.
2055 2732 2173 2789 Vid.
2200 2739 2230 2800 ξ
2256 2744 2472 2789 36-39.
2497 2781 2558 2787 ,-

326 2806 709 2871 perstrinyente,
747 2819 795 2854 σ.
834 2846 895 2854 ..
932 2804 1056 2869 ipsi,
1089 2823 1126 2854 r.
1166 2846 1227 2853 -
1276 2802 1448 2864 lunae,
1485 2807 1577 2855 Pr.
1619 2845 1679 2853 .-
1726 2812 1836 2865 aut,
1870 2805 1966 2855 R¹.
2008 2846 2069 2855 .-.
2107 2806 2224 2868 soli,
2269 2809 2328 2857 P.
2370 2848 2430 2855 .-
2468 2805 2558 2855 du·

331 2876 438 2935 bia,
483 2875 615 2923 Par.
661 2914 723 2922 -
772 2870 1116 2938 differentiam
1158 2873 1299 2921 R2d.
1355 2870 1672 2936 differentia,
1716 2871 1931 2925 R¹Par.
1979 2913 2042 2921 -
2086 2874 2323 2934 sentitur,
2359 2876 2449 2924 Pr.
2494 2915 2556 2922 .-

330 2937 575 3002 hebalate,
608 2940 703 2991 13¹.
747 2982 809 2990 ....
852 2947 1027 3001 cetero,
1062 2941 1165 2990 Ra.
1217 2947 1419 2999 ceteros,
1455 2939 1614 2997 TPd.
1666 2947 1880 3001 caetera,
1914 2935 1972 3000 β.
2017 2941 2137 2989 Vid.
2173 2944 2239 2992 ad
2273 2948 2352 3001 33,
2384 2948 2462 2991 68.
2493 2982 2555 2989 -

329 3008 562 3075 inflexu-⁴1,
585 3010 644 3059 P.
671 3050 733 3057 -
760 3015 1034 3071 conpetant,
1057 3008 1121 3057 Β.
1156 3014 1434 3071 competant,
1458 3008 1561 3057 Td.
1597 3015 1875 3071 competunt,
1898 3003 2089 3072 Passr.
2137 3009 2224 3058 Uti
2248 3011 2312 3058 ad
2335 3015 2416 3069 33,
2445 3015 2556 3058 163.

330 3077 481 3126 docui
511 3077 738 3126 Plinium
770 3077 1004 3126 liberiore
1036 3091 1133 3125 usu
1155 3074 1534 3124 coniunctivum
1557 3075 1710 3123 etiam
1733 3074 1786 3122 in
1810 3075 2039 3123 oratione
2061 3083 2200 3125 recta
2220 3084 2339 3139 post
2367 3090 2555 3139 prono-

328 3159 447 3193 men
470 3145 734 3194 relativum
758 3159 962 3207 ponere,
986 3144 1058 3193 ita
1079 3143 1165 3193 alii
1183 3143 1287 3195 loci
1310 3144 1656 3192 demonstrant
1678 3142 1825 3190 illum
1841 3156 1989 3190 usum
2012 3143 2166 3193 etiam
2189 3144 2243 3192 in
2265 3144 2555 3193 adverbium

327 3212 594 3261 relativum
617 3212 702 3260 ubi
721 3212 950 3272 extendi3
974 3212 1073 3259 vid.
1102 3217 1180 3271 12,
1207 3215 1286 3260 58.
1313 3216 1394 3270 20,
1420 3216 1535 3259 202.
1571 3250 1634 3258 -.
1672 3206 1899 3269 dimidia,
1923 3211 1981 3259 P.
2009 3250 2072 3257 -
2110 3210 2380 3272 triquatro,
2403 3212 2461 3261 P.
2489 3250 2553 3258 ..

328 3276 592 3336 seminani,
616 3280 690 3327 ad
711 3275 884 3339 (codd.
910 3275 1151 3339 Gelenii.)
1186 3275 1460 3338 seminarii,
1486 3279 1548 3327 Β.
1582 3275 1705 3327 semi
1727 3291 1856 3337 nam,
1880 3277 1939 3326 P.
1968 3316 2031 3324 -
2066 3276 2289 3339 ambitur,
2313 3278 2552 3328 RTPad

327 3342 500 3403 (codd.
538 3341 779 3405 Gelenii.)
815 3343 1011 3404 ambitu,
1034 3339 1092 3402 β.
1125 3384 1187 3392 -
1224 3343 1348 3405 orbi,
1383 3347 1529 3394 codd.
1557 3344 1770 3394 Gelenii.
1796 3345 1969 3403 orbem,
1993 3345 2093 3393 R2.
2127 3385 2190 3392 -..
2229 3360 2403 3395 rursus
2438 3362 2550 3408 quo-

328 3426 434 3472 que,
458 3411 517 3459 P.
563 3426 758 3470 rur-suc,
781 3412 841 3460 T.
891 3450 954 3458 -.
999 3425 1197 3472 easque,
1237 3410 1332 3460 R¹.
1382 3450 1444 3460 ...
1490 3409 1789 3474 qffiqias‚R.
1828 3451 1891 3458 -
1938 3409 2043 3459 edit
2068 3409 2377 3472 intervallis,
2401 3426 2448 3460 σ.
2484 3451 2546 3460 .-

327 3494 434 3540 sup,
456 3477 657 3528 RPad.
683 3516 747 3525 -.
784 3474 901 3537 sole,
924 3474 1021 3526 3¹.

393 3544 423 3605 ξ
450 3550 531 3595 81.
557 3551 789 3607 aequata,
811 3544 951 3593 R²d.
986 3559 1160 3606 aequa,
1183 3541 1327 3593 R¹P.
1365 3556 1506 3605 equa,
1529 3559 1575 3592 a.
1602 3584 1665 3592 -
1691 3558 1859 3605 verno,
1877 3544 1982 3593 ΒΤ
1995 3546 2085 3593 dc.
2123 3561 2252 3606 vere,
2275 3541 2469 3609 Passr.
2486 3585 2548 3594 .-

326 3621 384 3674 et,
410 3627 512 3662 om.
536 3613 594 3662 P.
634 3650 697 3659 .-
734 3609 805 3671 in,
828 3610 1083 3661 RTPad.
1119 3608 1255 3670 etin,
1277 3605 1379 3674 βγ.
1419 3649 1483 3659 ..
1518 3617 1716 3671 certum,
1740 3624 1789 3660 σ.
1827 3651 1891 3659 -
1928 3609 2169 3673 incedens,
2194 3614 2255 3662 T.
2294 3654 2356 3661 .-.
2402 3620 2550 3662 autu·

324 3682 437 3739 mni,
468 3681 527 3729 P.
573 3720 636 3727 -
689 3676 1009 3742 capricornio,
1039 3678 1103 3728 Β.
1147 3675 1473 3741 capricornii,
1504 3677 1563 3727 P.
1611 3718 1675 3726 -
1728 3675 1969 3738 solidatio,
2003 3676 2099 3729 R¹.
2147 3718 2210 3727 -
2264 3677 2547 3744 οὸῑίᾳαίεαε,

323 3747 373 3796 Β
391 3739 523 3796 Gdr.
560 3745 856 3809 obliquitate,
879 3746 981 3794 Pa.
1018 3741 1280 3807 obliquitas
1305 3753 1390 3805 est,
1413 3739 1456 3805 β
1465 3759 1516 3808 r.
1560 3746 1679 3794 vid.
1705 3747 1770 3794 ad
1794 3749 1876 3806 37,
1904 3749 1983 3796 70.
2022 3786 2085 3793 -
2111 3754 2223 3806 stat,
2246 3749 2309 3798 Β.
2347 3788 2410 3796 -.
2446 3744 2547 3796 lon-

320 3814 505 3931 qgcirem
539 3822 754 3930 tractulv’n,
779 3829 824 3862 a.
862 3852 924 3860 -
964 3809 1231 3875 lucemque,
1261 3812 1321 3862 P.
1360 3826 1485 3875 quae
1507 3827 1611 3861 non
1634 3814 1790 3862 habet
1810 3828 1844 3862 a
1874 3828 1906 3862 a
1931 3828 2086 3863 manu
2118 3814 2297 3876 prima.
2334 3854 2398 3864 .-
2434 3830 2547 3863 vero

322 3900 350 3930 ο
403 3898 419 3929 2
457 3898 526 3931 ua
565 3895 652 3929 om
719 3916 731 3928 .

390 3898 540 4009 δᾳδὶ,
561 3948 728 4007 Latet,
763 3947 951 3998 Sabell.
986 3946 1185 3997 RPad.
1220 3942 1377 4006 Patet,
1408 3958 1458 3993 σ.
1499 3986 1562 3994 -.
1598 3960 1798 4009 mayna,
1841 3948 2025 3997 R2ad.
2088 3962 2276 4013 unoquo,
2310 3947 2407 3997 13¹.
2459 3944 2548 3997 sed

321 4030 519 4078 magma,
562 4017 620 4066 P.
668 4055 731 4063 -.
778 4013 1126 4073 adsectatione,
1156 4014 1304 4064 Rad.
1358 4011 1656 4075 assertione,
1689 4014 1749 4063 P.
1804 4014 2078 4081 affectione,
2111 4029 2162 4064 σ.
2215 4013 2543 4080 affectatione,

321 4084 526 4133 Robert.
565 4080 991 4147 (acospectatione,
1014 4082 1065 4132 Β
1088 4083 1154 4130 ad
1175 4095 1333 4143 marg.
1368 4121 1430 4129 .-
1469 4098 1519 4141 a,
1544 4096 1645 4131 om.
1671 4080 1767 4131 R1.
1807 4121 1870 4129 ....
1907 4081 2058 4147 iqua,
2083 4097 2186 4132 om.
2209 4083 2268 4133 P.
2305 4123 2368 4130 -
2406 4098 2544 4145 quae,

319 4149 381 4200 P.
420 4191 482 4199 .-
518 4152 706 4212 habent,
740 4151 803 4201 Β.
843 4190 905 4198 -
951 4164 1013 4196 ex
1055 4146 1150 4209 his,
1181 4149 1432 4198 R²Pa²d
1465 4145 1726 4213 (Robert.)
1773 4147 1861 4209 eis,
1894 4148 2059 4198 3²2¹.
2108 4165 2170 4197 ex
2213 4148 2299 4210 iis,
2329 4145 2431 4213 βγ.
2478 4188 2541 4197 -

321 4216 457 4279 nimi,
481 4217 581 4267 R¹.
618 4257 682 4268 -.
721 4226 886 4281 atque,
931 4230 1032 4265 om.
1063 4216 1273 4266 Robert.
1312 4255 1374 4263 .-.
1412 4215 1605 4275 ardori,
1638 4216 1700 4265 Β.
1749 4255 1810 4264 ...
1857 4233 1897 4275 e,
1928 4216 1988 4265 P.
2026 4255 2088 4264 ...
2126 4225 2313 4277 motum,
2347 4217 2541 4265 R²Td.

319 4280 526 4347 modum,
549 4284 715 4336 R¹Pa
738 4280 997 4347 (Robert.)
1017 4279 1118 4345 βγ.
1158 4322 1219 4330 -
1257 4292 1472 4345 eqerant,
1503 4283 1637 4334 R²P
1671 4279 1931 4344 (Robert.)
1977 4278 2438 4346 eyerat,R¹adssr.
2479 4324 2537 4332 .-
