2961 4861
382 345 501 408 102
644 390 653 395 -
1078 359 1487 406 NATURAus
1532 359 1922 405 ms'romAE

376 510 634 577 tationis
677 533 1021 576 occursura
1065 509 1383 574 desiderio
1425 509 1572 575 finis
1614 510 1883 575 alicuius
1926 521 2059 587 aut,
2106 509 2162 574 si
2206 511 2368 576 haec
2408 511 2633 575 infini-

376 626 474 677 tas
516 624 784 677 naturae
828 611 1109 677 omnium
1151 610 1379 675 artifici
1422 611 1626 696 possit
1667 610 1994 697 adsignari
2012 659 2031 689 ‚
2075 634 2205 676 non
2247 610 2422 675 idem
2463 612 2637 677 illud

372 715 440 778 in
483 738 611 779 uno
656 714 910 780 facilius
955 712 1040 776 sit
1079 712 1364 797 intellegi
1381 760 1400 789 ,
1461 722 1640 778 tanto
1694 713 2072 797 praesertim
2123 735 2339 798 opere.
2412 712 2635 778 Furor
2663 738 2697 780 4

373 828 473 880 est
487 865 506 893 ,
550 815 837 902 profecto
891 813 1069 878 furor
1083 861 1102 890 ‚
1151 813 1373 899 egredi
1417 836 1502 878 ex
1546 836 1621 877 eo
1666 823 1762 891 et,
1810 824 2139 898 tamquam
2180 813 2433 878 interna
2475 814 2624 879 eius

304 921 309 926 ⁴
373 927 605 981 cuncta
646 916 836 1000 plane
878 913 1008 977 iam
1050 923 1203 978 nota
1247 913 1376 978 sint
1398 963 1417 993 ,
1461 914 1555 978 ita
1599 913 1870 979 scrutari
1915 926 2173 992 extera3
2235 915 2423 999 quasi
2466 937 2631 981 vero

369 1037 735 1082 mensuram
776 1014 974 1079 ullius
1024 1014 1119 1079 rei
1170 1014 1376 1099 possit
1429 1038 1626 1101 agere
1684 1016 1796 1100 qui
1857 1016 1956 1080 sui
1998 1016 2247 1081 nesciat
2288 1027 2402 1080 aut
2442 1029 2633 1082 mens

373 1116 649 1182 hominis
690 1115 914 1181 videre
958 1137 1129 1199 quae
1171 1115 1451 1180 mundus
1496 1115 1635 1201 ipse
1677 1138 1806 1181 non
1849 1116 2081 1202 capiat.

457 1216 545 1281 11.
638 1218 697 1281 2.
743 1216 1046 1283 Formam
1104 1216 1245 1281 eius
1304 1217 1370 1279 in
1427 1217 1708 1302 speciem
1760 1217 1934 1284 orbis
1977 1218 2253 1303 apsoluti
2294 1218 2631 1306 globatam
2662 1241 2697 1283 5

375 1341 517 1385 esse
574 1342 807 1384 nomen
859 1319 927 1382 in
982 1317 1205 1404 primis
1265 1328 1329 1382 et
1381 1340 1728 1383 consensus
1770 1318 1840 1382 in
1883 1341 1959 1383 eo
2000 1318 2362 1385 mortalium
2403 1320 2630 1385 orbem

373 1421 835 1507 appellantium
860 1468 878 1497 ‚
940 1418 1057 1483 sed
1111 1428 1177 1482 et
1227 1430 1610 1504 argumenta
1663 1442 1877 1485 rerum
1922 1420 2154 1485 docent
2177 1468 2196 1498 ‚
2247 1442 2377 1484 non
2420 1422 2628 1487 solum

375 1521 527 1605 quia
570 1521 714 1585 talis
757 1521 968 1608 figura
1009 1517 1304 1584 omnibus
1350 1519 1449 1582 sui
1494 1519 1788 1603 partibus
1827 1520 2045 1608 'vergit
2084 1520 2154 1583 in
2196 1542 2337 1585 sese
2379 1543 2457 1586 ac
2500 1521 2628 1612 sibi

378 1623 520 1708 ipsa
565 1621 892 1688 toleranda
937 1630 1036 1685 est
1079 1641 1277 1703 seque
1321 1620 1593 1686 includit
1634 1632 1701 1685 et
1743 1622 2025 1686 continet
2063 1611 2385 1688 nullarum
2422 1645 2625 1709 egens

375 1746 739 1810 conpagum
794 1744 914 1787 nec
955 1721 1149 1786 finem
1191 1732 1306 1785 aut
1345 1720 1601 1785 initium
1642 1721 1791 1786 ullis
1836 1722 1936 1787 sui
1977 1722 2270 1809 partibus
2312 1724 2621 1802 sentiens,

373 1848 492 1890 nec
537 1826 689 1909 quia
733 1824 818 1888 ad
860 1834 1103 1889 motum
1117 1872 1137 1901 ‚
1183 1844 1310 1907 quo
1356 1822 1628 1887 subinde
1672 1823 1837 1887 verti
1879 1846 2029 1896 mox
2073 1823 2430 1909 adparebit,
2477 1825 2621 1891 talis

374 1925 703 2010 aptissima
746 1934 846 1988 est
868 1973 886 2001 ,
947 1924 1065 1988 sed
1107 1925 1436 1990 oculorum
1479 1946 1735 2009 quoque
1776 1923 2150 2009 probatione
2173 1971 2192 2001 ,
2252 1925 2425 2009 quod
2466 1948 2619 1991 con-

376 2047 578 2089 vexus
622 2024 1001 2109 mediusque
1046 2046 1449 2109 quacumque
1495 2036 1791 2091 cernatur
1814 2073 1833 2103 ,
1900 2048 2046 2090 cum
2098 2025 2167 2089 id
2221 2026 2508 2091 accidere
2551 2026 2622 2091 in

375 2125 500 2192 alia
540 2149 668 2190 non
709 2125 912 2211 possit
953 2124 1217 2214 figuraa

457 2224 581 2290 ΠΙ.
634 2226 708 2301 ,3.
751 2224 945 2290 Hanc
989 2246 1144 2310 ergo
1172 2225 1442 2289 formam
1473 2227 1613 2291 eius
1642 2237 1901 2293 aeterno
1933 2239 1999 2292 et
2024 2228 2382 2312 inrequieto
2411 2229 2619 2295 ambi-
2649 2251 2684 2295 c

376 2341 445 2393 tu
469 2378 487 2406 ,
531 2327 939 2393 inenarrabili
985 2326 1311 2392 celeritate
1345 2377 1362 2405 ‚
1423 2328 1657 2414 viginti
1710 2339 2014 2413 quattuor
2065 2330 2365 2396 horarum
2410 2332 2619 2417 spatio

383 2430 736 2519 circumagi
797 2429 944 2497 solis
1000 2440 1261 2496 exortus
1317 2441 1383 2495 et
1436 2452 1701 2496 occasus
1752 2429 1915 2495 haut
1968 2432 2235 2498 dubium
2278 2432 2617 2516 reliquere.

372 2530 483 2595 An
541 2532 625 2595 sit
680 2531 1012 2597 inmensus
1067 2541 1134 2596 et
1186 2531 1332 2597 ideo
1390 2543 1651 2596 sensum
1708 2531 1956 2599 aurium
2016 2533 2337 2600 excedens
2399 2546 2617 2599 tantae

360 2700 369 2701 ff
463 2685 757 2730 occursura,
797 2672 940 2720 PTb
952 2673 1041 2733 dg.
1112 2686 1433 2731 occursurae,
1483 2688 1529 2720 a.
1612 2674 1711 2721 sint
1759 2689 2077 2737 occursurae,
2125 2692 2162 2722 r.
2227 2715 2287 2722 -
2349 2672 2616 2735 desiderio,

370 2805 473 2866 Pg.
511 2811 559 2852 et
582 2801 847 2864 desiderio,
872 2804 1020 2853 de.
1056 2752 1109 2852 Z
1123 2804 1319 2866 siderio,
1344 2822 1389 2855 a.
1425 2806 1474 2854 si
1498 2804 1671 2868 deerit,
1695 2824 1733 2856 r.
1771 2808 2101 2858 scribendum
2123 2810 2322 2858 videtur
2344 2824 2617 2859 occursura

318 2881 325 2887 ·
372 2886 396 2918 e
422 2869 689 2933 desiderio,
701 2878 759 2920 ut
776 2886 1042 2921 occursura
1065 2871 1131 2921 sit
1153 2871 1386 2921 absolute
1403 2876 1719 2935 sumendum,
1739 2877 1844 2924 scil.
1864 2876 2155 2926 hominibus
2174 2877 2527 2941 cogitantibus.
2549 2917 2614 2925 .-

371 3005 572 3070 aliquis,
593 2990 635 3056 Τ.
675 3045 738 3056 ....
775 3003 896 3057 haec
920 3005 1162 3070 infinitas,
1186 3008 1288 3057 Pd.
1326 3007 1557 3072 itfim'tas
1581 3005 1717 3069 haec,
1741 3026 1791 3074 p.
1830 3008 1916 3060 hoc
1939 2969 2163 3074 infinitis,
2188 3027 2235 3061 a.
2270 3012 2358 3061 hoc
2380 3012 2616 3075 infinitae,

368 3075 459 3136 bg.
496 3075 616 3125 haec
639 3073 855 3138 ἰηίὶνιίἰίε,
880 3075 943 3124 Τ.
960 3114 1026 3124 -
1048 3073 1296 3141 artificiale,
1322 3075 1384 3125 T.
1409 3117 1471 3124 -
1492 3073 1619 3125 idem
1642 3078 1780 3138 illud,
1803 3080 1892 3128 ad.
1932 3078 2059 3128 illud
2081 3078 2220 3141 idem,
2245 3074 2469 3143 Pbgoss
2477 3093 2525 3143 r.
2549 3120 2614 3128 ..-

370 3141 421 3190 in
448 3157 560 3203 uno,
586 3143 760 3207 abdg.
798 3142 956 3205 immo,
980 3144 1039 3193 P.
2467 3188 2470 3191 -

436 3207 466 3268 ξ
492 3217 539 3258 4.
575 3217 692 3259 nota
725 3209 845 3271 sint,
878 3211 1054 3274 abdg.
1100 3211 1207 3261 sint
1237 3221 1369 3271 nota,
1402 3207 1558 3276 Pssr.
1598 3252 1658 3260 -
1699 3212 1869 3273 ullius,
1902 3213 2109 3276 aBdgp
2142 3211 2404 3276 (Robcrt.)
2454 3212 2613 3275 illius,

367 3277 468 3336 Ρσ,
521 3277 575 3324 in
617 3291 769 3339 quam
809 3277 1082 3328 lectionem
1120 3279 1278 3351 Hard.
1319 3279 1611 3329 coniectura
1649 3280 1838 3332 incidit.
1879 3321 1939 3329 -
1978 3289 2067 3331 aut
2097 3282 2259 3341 miror,
2285 3280 2426 3332 STd
2435 3297 2483 3344 g.
2522 3290 2617 3331 aut

369 3424 538 3469 meror,
581 3409 668 3457 ab.
724 3417 825 3468 aut,
865 3404 1013 3460 Ρθσ
1049 3408 1308 3474 (Robert.)
1361 3421 1450 3462 aut
1488 3423 1781 3476 mereantur,
1805 3432 1844 3464 r.
1885 3456 1946 3464 -
2000 3412 2215 3479 homini-3,
2257 3418 2346 3466 ab.
2384 3418 2612 3479 homines,

369 3474 508 3526 STd
519 3490 601 3537 gr.
640 3473 854 3524 homines
874 3476 1084 3539 possint,
1108 3472 1302 3541 Popo
1321 3477 1585 3542 (Robert.)
1622 3521 1684 3530 ..
1720 3482 1894 3543 videri,
1920 3485 1967 3532 d.

437 3540 540 3601 §5-
585 3541 852 3604 ylobosam,
892 3545 957 3592 K.
1017 3583 1078 3591 -.
1133 3544 1277 3606 quod,
1317 3545 1376 3594 P.
1416 3586 1478 3594 -
1515 3548 1641 3611 ipsa,
1684 3551 1847 3599 omitt.
1890 3565 1982 3614 gp.
2038 3590 2100 3599 -.
2154 3566 2445 3618 compayum,
2488 3553 2617 3615 dpo·

370 3606 631 3671 (Robert.)
676 3611 991 3676 compayium,
1025 3612 1114 3660 ab.
1161 3627 1295 3675 comp
1371 3613 1507 3675 ‘num,
1539 3610 1740 3681 Pgssr.
1797 3658 1859 3667 ...
1913 3617 2180 3676 interitum,
2217 3620 2251 3668 b
2273 3620 2306 3669 ¹.
2357 3660 2419 3668 .-
2467 3619 2611 3681 verti,

370 3677 823 3741 STPabdgpro.
869 3678 995 3727 verti
1023 3677 1195 3728 debeat
1224 3630 1420 3744 utaffr.
1468 3722 1531 3730 .-
1578 3700 1702 3745 moae,
1737 3699 1837 3733 om.
1861 3686 1920 3735 P.
1960 3726 2022 3734 -
2061 3684 2223 3747 vertit,
2248 3701 2297 3749 g.
2336 3728 2398 3735 -
2431 3689 2611 3751 proba-

370 3744 497 3794 tione
523 3742 613 3794 hoc
636 3742 933 3804 declaratur,
958 3761 996 3792 r.
1034 3786 1098 3815 .-
1140 3761 1409 3808 connexus‚
1433 3762 1484 3811 p.
1523 3790 1585 3799 -
1624 3752 1947 3815 quintumque,
1972 3754 2031 3803 P.

438 3809 538 3870 ἐῢ.
594 3811 880 3874 relinquere,
924 3827 972 3874 p.
1027 3851 1090 3861 -.
1143 3814 1225 3863 An
1267 3822 1423 3864 autem
1455 3819 1537 3877 sit,
1562 3835 1600 3866 r.
1649 3860 1710 3867 ..
1758 3820 2009 3881 excedens,
2042 3822 2130 3870 Td
2163 3818 2426 3883 (Robert.)
2471 3837 2609 3871 exce-

502 3892 631 3939 facile

371 3946 487 3993 dens
625 3981 637 4004 ,
663 3961 708 3993 a.
768 3945 1001 3996 excedens
1018 3946 1197 4011 facile,
1244 3949 1336 4013 bg.
1375 3950 1539 4014 facile
1581 3953 1835 4015 excedens,
1878 3949 1987 4015 Ρβ.
2048 3997 2106 4003 -
2164 3964 2373 4017 rotatae,
2400 3958 2607 4007 Barbar.

366 4014 540 4072 abdg.
580 4019 760 4070 rotata,
793 4013 858 4062 K.
906 4022 1089 4076 rotare,
1121 4017 1178 4065 P.
1231 4058 1289 4065 ..
1336 4018 1587 4080 assiduus,
1621 4037 1659 4069 r.
1703 4063 1761 4069 -
1784 4023 1965 4085 facile,
1992 4037 2093 4072 om.
2120 4040 2174 4083 ας
2212 4025 2404 4073 addidit
2428 4040 2609 4075 manus

368 4079 539 4127 altera.
591 4119 648 4127 ..
700 4078 940 4141 duxerim,
981 4082 1038 4131 P.
1090 4124 1147 4131 -
1197 4080 1430 4147 Hercule,
1472 4089 1643 4151 abdg.
1698 4089 1895 4141 Hercle.
1938 4085 2088 4154 Pssr.
2131 4132 2189 4138 -
2230 4090 2423 4152 similis,
2446 4092 2503 4141 P.
2547 4134 2604 4142 ..
2663 4092 2672 4105 “

366 4145 543 4203 dulcis,
580 4138 994 4211 TGPabdgro.
1033 4150 1180 4209 dulci,
1204 4151 1411 4202 Barbar.
1435 4149 1494 4214 β.
1536 4196 1595 4203 .-
1635 4155 1846 4219 quidam,
1875 4152 2207 4219 8a2bdgro.
2247 4157 2509 4222 quaedam,
2545 4162 2604 4210 P.

367 4213 577 4277 quidem.
603 4229 634 4261 a
657 4209 758 4329 'Sssb
779 4255 837 4329 „ff
877 4214 1187 4280 intelliyzbili
1209 4235 1265 4278 s.,
1288 4220 1346 4268 P.
1395 4222 1700 4272 incredibilis
1724 4225 1998 4283 suavitatis,
2026 4218 2081 4274 θ.
2125 4268 2183 4274 ...
2223 4236 2494 4290 conceptus,
2517 4244 2550 4276 a
2571 4230 2601 4275 ¹.

366 4289 620 4337 consenum,
696 4298 726 4329 a
761 4298 787 4327 c
833 4284 891 4331 ic.

433 4346 477 4405 §-
508 4353 551 4397 7.
600 4348 807 4411 aqimus,
843 4351 1046 4400 Bai-bar.
1100 4355 1230 4415 adg.
1294 4354 1505 4417 aqimur,
1540 4358 1682 4407 Pho.
1733 4398 1791 4406 -
1842 4360 1906 4419 in,
1944 4374 2045 4410 om.
2079 4363 2135 4410 P.
2178 4402 2237 4411 ....
2277 4361 2404 4423 eius,
2437 4362 2494 4414 1².
2537 4403 2600 4413 -.

616 4506 741 4601 Ἣ,
