2961 4861
536 660 559 671 „
799 529 906 633 e.
980 530 1327 634 PLlNl
1403 527 2066 633 SECUNDL
2297 694 2300 697 Ι

408 699 1380 820 NATURALIS
1452 698 2384 817 HISTORIAE

1198 861 1495 936 LIBER
1545 862 1600 936 Ι.

788 1071 1090 1148 LIBRO
1144 1072 1234 1145 II.
1293 1071 2005 1147 CONTINENTUR

285 1194 395 1258 An
447 1191 666 1257 finitus
721 1190 842 1255 sit¹
897 1188 1172 1253 mundus
1227 1198 1291 1253 et
1344 1194 1469 1251 an2
1521 1211 1709 1253 unus.
1774 1186 1881 1251 De
1937 1187 2140 1252 forma
2192 1189 2348 1252 eius.
2416 1188 2522 1253 De

356 1329 553 1395 Incipit
577 1328 707 1378 liber
723 1330 921 1393 primus
946 1324 1205 1376 naturalis
1230 1325 1480 1376 historiae
1500 1326 1670 1376 Plinii
1692 1324 1918 1375 Secundi
1934 1324 2326 1376 Novecomensis
2352 1336 2523 1375 orato·

289 1402 366 1449 ris
392 1398 654 1449 continens
679 1404 869 1445 tantum
902 1392 1133 1458 capitula
1156 1410 1263 1444 cum
1297 1394 1596 1443 auctoribus
1621 1405 1896 1443 ceterorum
1915 1392 2102 1441 XXX
2113 1393 2192 1442 VI
2210 1395 2524 1457 sequentium

288 1466 549 1525 librorum,
576 1468 624 1513 d.
650 1462 846 1527 Incipit
864 1462 1195 1511 historiarum
1213 1459 1391 1508 mundi
1417 1460 1699 1511 elencorum
1727 1460 1970 1510 librorum
1991 1462 2203 1510 omnium
2221 1460 2532 1512 XXXVII

289 1533 422 1583 liber
461 1548 589 1582 unus
625 1530 716 1593 qui
782 1530 956 1590 rimus,
990 1532 1052 1580 R.
1098 1527 1295 1591 Incipit
1329 1527 1666 1578 historiarum
1708 1528 1883 1577 mundi
1924 1527 2238 1577 elenchorum
2283 1528 2524 1579 librorum

288 1600 377 1649 ΧΑ
394 1597 606 1660 'XVIL
631 1601 680 1649 b.
751 1636 763 1647 .
782 1596 953 1646 Plinii
978 1594 1202 1645 Secundi
1224 1594 1561 1644 historiarum
1587 1595 1759 1645 mundi
1784 1595 2012 1644 elenchos
2039 1594 2280 1644 librorum
2306 1597 2520 1646 omnium

289 1665 599 1717 XXXVII
615 1665 746 1714 liber
770 1681 899 1713 unus
927 1663 1018 1727 qui
1036 1664 1249 1727 primu-³,
1273 1666 1421 1712 codd.
1443 1664 1671 1713 Barbari.

357 1733 519 1784 Libro
553 1731 771 1782 secundo
806 1731 1144 1790 continentur,
1177 1734 1239 1781 R.
1294 1728 1457 1777 Libro
1487 1731 1655 1794 primo
1690 1729 2026 1788 continentur,
2049 1733 2096 1779 b.
2121 1730 2282 1780 Libro
2306 1731 2526 1779 secundo

290 1802 590 1861 continetur,
621 1818 662 1850 r.
697 1802 761 1850 In
784 1817 816 1849 a
839 1814 1016 1847 omnes
1052 1799 1151 1846 hac
1174 1798 1530 1859 inscriptiones
1556 1813 1672 1846 cum
1696 1806 1837 1861 parte
1862 1799 2119 1847 summarii
2143 1799 2258 1847 libri
2281 1799 2351 1848 11.
2376 1799 2526 1847 inter-

291 1872 471 1919 ierunt.
503 1871 584 1920 De
606 1869 803 1917 ratione
826 1881 963 1926 ver0,
990 1881 1091 1928 qua
1113 1866 1166 1913 in
1190 1866 1292 1913 hoc
1315 1865 1478 1913 indice
1503 1867 1697 1914 edendo
1721 1874 1945 1914 versatus
1970 1880 2097 1925 sum,
2124 1866 2252 1914 haec
2276 1875 2393 1914 sunt
2415 1882 2525 1914 mo-

289 1940 473 1987 nenda.
521 1936 840 1997 Quicumque
862 1934 1088 1984 Plinium
1122 1942 1239 1981 ante
1261 1933 1581 1982 Harduinum
1613 1934 1887 1993 ediderunt,
1914 1935 1966 1981 in
1999 1935 2199 1982 codices
2233 1934 2525 1994 inciderant,

292 2006 474 2068 quibus
497 2019 604 2060 non
638 2004 792 2051 index
816 2003 879 2050 ab
913 2002 1025 2065 ipso
1057 2000 1229 2049 Plinio
1266 2000 1597 2062 conscriptae,
1633 2004 1721 2051 sed
1750 2016 1913 2049 novus
1949 2017 1980 2049 a
2011 2001 2225 2050 librariis
2250 2005 2526 2051 secundum

290 2072 576 2122 naturalem
609 2071 875 2119 historiam
911 2068 1225 2131 compositus
1258 2068 1535 2129 legebatur.
1581 2069 1682 2117 Hic
1715 2083 1831 2117 cum
1864 2070 1917 2116 in
1953 2069 2186 2117 omnibus
2221 2070 2525 2119 editionibus

291 2155 453 2202 usque
476 2141 541 2188 ad
564 2155 609 2187 a.
640 2143 785 2187 1685.
821 2138 1006 2185 curatis
1037 2136 1335 2196 inveniatur,
1368 2136 1469 2184 hoc
1504 2137 1708 2185 demum
1742 2151 1877 2185 anno
1910 2137 2201 2185 Harduinus
2233 2138 2400 2199 priore
2431 2139 2524 2186 illo

293 2208 456 2257 indice
481 2205 741 2255 subdititio
768 2205 928 2253 eiecto
954 2204 1230 2266 genuinum
1254 2218 1281 2251 e
1306 2204 1564 2253 codicibus
1587 2204 1702 2252 abd
1726 2199 1981 2265 (Thuans)
2007 2213 2320 2267 protractum
2354 2206 2524 2253 edidit.

293 2276 394 2326 Sed
428 2289 544 2322 cum
575 2274 648 2322 ita
678 2273 830 2321 etiam
862 2272 947 2319 hic
986 2273 1178 2334 primus
1208 2271 1363 2319 Plinii
1393 2272 1521 2319 liber
1551 2286 1656 2319 non
1690 2286 1751 2320 ea
1784 2287 1900 2320 cum
1933 2287 2053 2321 cura
2086 2280 2327 2321 tractatus
2357 2272 2525 2331 fuerit,

296 2358 450 2405 quam
467 2342 647 2390 merito
668 2346 959 2402 exspectare
977 2353 1170 2402 posses,
1195 2339 1247 2386 in
1271 2339 1370 2387 hac
1387 2348 1562 2387 nostra
1580 2340 1801 2387 editione
1824 2354 1902 2388 res
1926 2347 2037 2388 tota
2059 2342 2120 2388 de
2145 2340 2341 2401 integro
2368 2341 2523 2389 susci-

295 2412 479 2475 pienda
506 2408 620 2461 fuit.
656 2407 948 2458 Harduinus
972 2407 1163 2456 scilicet
1186 2407 1348 2455 multa
1375 2421 1492 2455 cum
1515 2406 1721 2455 licentia
1743 2407 1975 2466 indicem,
2001 2408 2088 2457 ubi
2114 2422 2229 2455 cum
2247 2408 2359 2469 ipsa
2377 2415 2523 2456 natu-

294 2479 387 2528 rali
412 2478 625 2526 historia
655 2492 835 2539 parum
869 2476 1136 2524 convenire
1158 2475 1448 2533 videbatur,
1484 2475 1658 2523 multis
1681 2476 1847 2529 modis
1871 2475 2196 2536 interpolavit
2220 2484 2270 2523 et
2302 2476 2525 2538 corrupit

295 2560 459 2608 neque
482 2545 628 2593 illum
651 2543 822 2603 Plinii,
847 2545 936 2592 sed
958 2558 1107 2591 suum
1130 2542 1347 2590 indicem
1370 2540 1508 2590 fecit.
1553 2543 1750 2592 Deinde
1775 2543 1986 2604 siugulis
2009 2543 2261 2591 lemmatis
2284 2558 2523 2593 numeros

296 2613 502 2674 addidit,
530 2627 749 2673 quorum
774 2619 906 2659 certe
937 2610 991 2658 in
1012 2610 1152 2657 libris
1175 2609 1441 2659 BRAVa
1462 2610 1662 2658 nullum
1687 2618 1764 2658 est
1785 2610 2068 2671 vestigium,
2105 2625 2413 2672 quamquam
2438 2611 2522 2659 alii

296 2681 494 2730 codices
506 2676 619 2740 (Tb
629 2676 686 2741 d)
706 2693 793 2727 eos
818 2679 1003 2726 habere
1024 2678 1270 2725 videntur.
1307 2676 1442 2726 Hinc
1464 2691 1630 2739 neque
1651 2678 1966 2740 Dalecampii
1985 2693 2150 2739 neque
2172 2679 2420 2727 Harduini
2443 2677 2524 2727 vel

294 2748 511 2798 Broterii
545 2747 849 2796 editionibus
872 2745 926 2793 in
956 2746 1060 2793 hoc
1090 2745 1254 2793 indice
1289 2746 1483 2793 edendo
1517 2746 1756 2808 respectis
1787 2760 1885 2808 ego
1921 2747 2195 2795 editionem
2230 2748 2351 2807 eius,
2386 2747 2428 2795 si
2453 2748 2525 2795 ita

293 2817 454 2865 dicere
478 2816 612 2874 licet,
646 2814 924 2877 principem
947 2811 1060 2872 feci,
1095 2812 1236 2861 cuius
1261 2812 1389 2861 haec
1411 2813 1543 2861 ratio
1567 2811 1679 2874 suit,
1703 2823 1759 2862 ut
1782 2814 2100 2876 singulorum
2124 2815 2370 2863 librorum
2393 2815 2521 2862 indi-

293 2897 375 2932 ces
399 2899 427 2932 e
446 2883 717 2942 codicibus,
745 2882 829 2943 qui
849 2895 937 2929 eos
955 2881 1216 2929 continent
1239 2887 1289 2927 et
1308 2894 1525 2941 quorum
1549 2880 1680 2943 sigla
1703 2882 1884 2943 cuique
1907 2883 2037 2930 libro
2064 2883 2295 2944 apposui,
2308 2884 2521 2941 ederem,

200 2999 211 3005 ,
290 2951 453 2999 varias
471 2951 713 2999 lectiones
732 2956 1015 2997 memoratu
1031 2948 1186 3009 paulo
1207 2948 1459 3009 digniores
1486 2958 1536 2997 et
1554 2949 1805 3008 salmasii,
1823 2949 2088 3008 Harduini,
2118 2950 2333 2997 aliorum
2353 2964 2521 2998 emen-

291 3019 522 3066 dationes
552 3017 634 3064 vel
666 3017 979 3064 coniecturas
1013 3016 1294 3064 adiicerem.
1338 3017 1403 3065 In
1432 3017 1722 3065 universum
1752 3030 1873 3063 vero
1910 3018 2183 3063 tenendum
2217 3025 2293 3065 est
2324 3017 2378 3062 in
2410 3016 2522 3064 aliis

292 3086 439 3134 codd.
466 3082 579 3146 (Tb
589 3082 647 3144 d)
671 3085 809 3132 hunc
832 3083 1047 3132 indicem
1071 3097 1164 3131 suo
1188 3083 1308 3131 loco
1332 3084 1436 3144 legi
1459 3090 1509 3130 et
1533 3083 1745 3144 proinde
1769 3082 1989 3144 primum
2013 3082 2256 3129 naturalis
2280 3082 2523 3131 historiae

291 3153 477 3202 librum
500 3167 624 3213 esse,
649 3152 701 3199 in
733 3152 845 3201 aliis
870 3147 1136 3212 (BVAn)
1163 3150 1285 3211 ipsis
1317 3149 1474 3207 libris,
1508 3150 1562 3196 in
1596 3149 1709 3196 aliis
1744 3144 1882 3208 (Ra)
1916 3157 1967 3197 et
1998 3150 2102 3197 hoc
2134 3149 2251 3196 loco
2289 3149 2524 3198 omnibus

289 3219 429 3270 libris
462 3227 512 3270 et
550 3236 720 3269 rursus
760 3219 970 3280 sing-ulis
1003 3217 1280 3279 praemitti,
1323 3223 1380 3264 ut
1409 3215 1489 3264 bis
1531 3216 1584 3262 in
1625 3215 1686 3263 iis
1721 3222 1901 3274 exstet,
1944 3219 2078 3264 unde
2110 3216 2329 3278 suspicio
2365 3218 2524 3265 oritur

289 3287 444 3351 paulo
477 3295 596 3350 post
627 3287 854 3336 Plinium
885 3284 1137 3334 exstitisse
1167 3283 1450 3342 librarium,
1487 3282 1572 3343 qui
1607 3282 1659 3331 in
1691 3283 1940 3331 lectorum
1964 3297 2170 3333 suorum
2196 3287 2522 3333 commodum

202 3361 211 3366 ’
287 3355 806 3404 indicemPlinianum
821 3353 900 3402 bis
924 3351 1174 3411 scriberet,
1199 3350 1355 3398 semel
1377 3364 1471 3398 suo
1496 3351 1630 3410 loc0‚
1653 3358 1765 3398 tum
1786 3350 1839 3398 in
1862 3351 2006 3399 initio
2027 3351 2343 3414 singulorum
2366 3353 2520 3401 libro-

287 3438 417 3470 rum.
452 3423 514 3471 Id
535 3429 706 3470 autem
729 3435 789 3469 ea
812 3422 873 3468 de
896 3434 1049 3468 causa
1070 3420 1380 3467 monendum
1403 3427 1525 3478 erat,
1557 3432 1622 3467 ne
1644 3418 1873 3479 lectores,
1900 3420 1986 3481 qui
2010 3420 2193 3468 scirent
2213 3435 2372 3468 unum
2396 3421 2520 3469 alte-

288 3502 464 3537 rumve
486 3488 641 3536 Plinii
674 3489 900 3536 codicem
932 3500 1120 3546 magna
1149 3486 1392 3534 librorum
1416 3500 1623 3535 suorum
1655 3494 1796 3548 parte
1819 3501 2008 3548 carere,
2043 3488 2218 3536 incerti
2241 3489 2519 3552 haererent,

290 3556 554 3617 quomodo
573 3555 679 3603 fieri
696 3563 882 3616 posset,
901 3563 958 3602 ut
980 3554 1220 3602 librorum
1241 3554 1551 3616 perditorum
1567 3554 1756 3602 indices
1775 3571 1806 3603 a
1823 3555 1968 3604 nobis
1988 3565 2517 3604 commemorarentur.

289 3623 531 3673 Ceterum
555 3621 658 3669 hoc
680 3622 848 3670 statim
872 3623 989 3670 loco
1014 3621 1178 3670 fateor
1200 3636 1282 3670 me
1314 3622 1366 3669 in
1390 3622 1450 3669 iis
1472 3621 1629 3683 libris,
1664 3622 1717 3670 in
1742 3623 1922 3685 quibus
1946 3624 2144 3672 Plinius
2168 3625 2399 3671 remediis
2424 3639 2518 3671 nu-

288 3705 457 3740 meros
490 3691 677 3738 horum
717 3689 1054 3737 remediorum
1095 3689 1378 3751 adscripsit,
1420 3689 1501 3737 his
1542 3690 1664 3752 ipsis
1703 3692 1924 3739 numeris
1963 3705 2071 3739 non
2110 3691 2327 3738 multum
2371 3704 2519 3738 curae

288 3758 608 3820 impendisse,
643 3765 693 3805 et
718 3759 856 3819 quod
880 3757 1006 3804 haec
1030 3770 1108 3804 res
1131 3756 1368 3806 levissimi
1393 3764 1468 3805 est
1491 3759 1736 3806 momenti
1762 3766 1811 3806 et
1834 3761 1974 3819 quod
1995 3758 2077 3806 vel
2100 3758 2153 3805 in
2178 3773 2375 3806 summa
2399 3773 2519 3806 cura

287 3826 418 3875 nihil
449 3825 735 3888 profectum
768 3824 828 3872 iri
860 3824 1219 3885 intelligebam.
1264 3825 1396 3874 Nam
1429 3827 1626 3874 numeri
1659 3826 2014 3875 incredibiliter
2045 3831 2164 3874 sunt
2195 3826 2431 3888 corrupti,
2468 3834 2518 3874 et

287 3903 396 3942 tum
429 3895 633 3942 demum
656 3893 872 3941 certiora
904 3893 965 3939 de
989 3892 1070 3939 his
1094 3892 1312 3941 numeris
1335 3892 1549 3955 proferri
1580 3900 1843 3955 poterunt,
1877 3908 1995 3941 cum
2018 3900 2185 3942 totum
2208 3893 2363 3942 Plinii
2388 3909 2516 3955 opus

288 3976 315 4010 e
338 3961 632 4010 melioribus
664 3974 819 4022 quam
850 3967 1053 4009 exstant
1081 3958 1220 4008 libris
1253 3960 1345 4008 erit
1369 3960 1706 4009 emendatum.
1739 3960 1859 4008 'Hic
1883 3975 2086 4024 quoque
2106 3961 2152 4009 B
2178 3974 2232 4009 se
2267 3961 2517 4023 optimum

287 4028 548 4092 praestitit,
573 4035 624 4078 et
642 4037 833 4089 quanto
859 4027 1035 4075 ceteris
1060 4026 1125 4075 sit
1147 4027 1388 4088 superior,
1413 4027 1595 4087 quovis
1617 4025 1722 4075 fere
1744 4027 1982 4077 lemmate
1993 4032 2153 4078 docet.
2190 4027 2278 4077 Ad
2299 4029 2516 4077 indicem

287 4096 441 4158 igitur
471 4096 586 4145 libri
620 4097 689 4146 Π.
716 4096 924 4145 adhibui
956 4094 1188 4144 Rdea
1218 4092 1296 4154 (in
1320 4095 1423 4142 hoc
1455 4109 1671 4155 magnae
1693 4094 1920 4155 lacunae,
1954 4098 2088 4145 unde
2112 4096 2179 4144 ibi
2204 4103 2402 4145 tantum
2427 4111 2514 4145 ex·-

288 4170 419 4213 stare
442 4166 694 4227 putandus
719 4171 808 4224 est,
832 4163 917 4212 ubi
942 4162 1138 4211 disertis
1159 4161 1323 4211 verbis
1347 4177 1378 4209 a
1400 4176 1482 4209 me
1507 4159 1972 4223 commemoratur.)

359 4237 403 4279 1.
411 4230 605 4292 finitus
630 4231 715 4291 sit,
737 4232 785 4280 b.
804 4228 1016 4292 finitus,
1038 4232 1102 4279 R.
1136 4225 1388 4291 infinitus,
1412 4244 1451 4276 r.
1470 4227 1718 4290 finiatur,
1742 4231 1848 4279 Td.
1901 4232 2034 4280 Huic
2057 4232 2170 4278 voci
2193 4233 2344 4281 verba
2369 4239 2518 4279 natu·

290 4296 905 4415 ralgnLundiIsuprascripta
940 4298 1094 4348 habet
1125 4296 1187 4348 R.
1245 4303 1291 4346 2.
1318 4312 1385 4344 an
1411 4295 1497 4359 sit,
1530 4299 1634 4347 Td.
2084 4362 2120 4421 2

432 4378 505 4414 m.
572 4403 584 4415 .
