2961 4861
1233 386 1612 429 PRAEFATIO.
2370 389 2530 433 Lxxl

290 533 511 615 scripsi,
544 534 700 596 dico?
731 539 1008 609 abellana,
1053 538 1232 599 abicio
1273 533 1393 619 (uti
1422 542 1631 612 adicio,
1662 541 1895 612 conicio,
1928 542 2086 611 eicio,
2118 542 2305 611 inicio,
2337 543 2528 613 obicio,

288 651 482 720 reicio‚
504 649 747 724 proicio‚
779 644 1044 723 subicio),
1075 650 1268 725 adips,
1298 651 1599 721 adsimulo,
1629 653 1981 721 adulescens,
2021 659 2268 708 aestumo
2310 655 2371 706 et
2406 651 2532 707 exi-

287 767 494 828 stumo,
522 760 865 833 alcyoneum,
893 759 1069 815 alium
1098 758 1174 814 de
1203 757 1428 832 planta,
1457 768 1812 830 ammentum,
1852 746 2100 827 anetum,
2143 760 2373 828 anulus,
2403 756 2533 832 Ap-

281 864 597 943 penninus,
626 860 1001 941 apsinthium,
1029 876 1216 937 artus,
1247 868 1404 938 baca,
1436 868 1727 945 Baliares,
1769 869 1950 938 belua,
1992 867 2332 936 bracchium,
2377 866 2537 923 brat-

290 981 402 1046 tea,
425 969 659 1046 caelum,
682 994 937 1046 caenum,
959 978 1322 1047 caerimonia,
1345 995 1597 1051 caespes,
1620 978 1815 1047 calcio,
1839 978 2285 1044 calciamentum,
2309 969 2533 1046 caldus,

289 1083 394 1141 ubi
415 1083 492 1140 de
510 1077 745 1158 potione
765 1083 980 1158 agitur,
1004 1087 1242 1161 calfacio
1261 1103 1394 1142 cum
1419 1085 1779 1160 compositis,
1803 1103 2054 1156 camara,
2070 1084 2374 1153 carrucha,
2401 1101 2540 1141 cena

290 1201 350 1252 et
377 1195 732 1262 cenaculum,
761 1210 929 1267 cepa,
963 1195 1239 1265 ceruleus,
1270 1195 1458 1263 ceteri,
1490 1196 1842 1277 circumitus,
1873 1195 2321 1268 clipeus,··eoclea
2351 1199 2410 1248 et
2437 1210 2536 1250 co-

290 1304 465 1373 clear,
495 1301 821 1370 comminus,
850 1302 1124 1371 condicio,
1154 1303 1423 1372 coniunx,
1468 1304 1650 1360 contio
1679 1310 1739 1360 et
1764 1305 2073 1371 contionor,
2113 1305 2336 1373 cotidie,
2374 1321 2543 1360 cura-

291 1413 453 1481 lium,
478 1410 785 1480 Delmatia,
809 1410 874 1467 di
890 1417 950 1467 et
975 1411 1089 1480 dis,
1116 1411 1517 1486 dysintericus,
1542 1414 1806 1487 epistula,
1831 1415 2103 1483 exintero,
2121 1415 2398 1488 facticius
2422 1406 2544 1488 (uti

136 1527 141 1532 ’
187 1589 191 1592 ,
279 1521 557 1595 fidicine,
573 1520 869 1594 fossionis,
898 1521 1240 1593 qentilicius‚
1271 1521 1630 1593 hordeacius,
1653 1523 1962 1593 latericius,
1987 1523 2354 1593 multaticius,
2391 1523 2548 1578 novi-

294 1630 443 1697 cius,
472 1628 827 1698 sodalicium,
859 1629 1218 1699 tribunicius,
1248 1630 1581 1698 venalicias,
1605 1624 1930 1708 violacius),
1947 1633 2164 1705 faenus
2193 1637 2252 1689 et
2275 1634 2550 1706 faenera-

297 1748 406 1808 tor,
424 1738 705 1813 faetidus,
723 1732 1032 1813 secundus,
1050 1738 1363 1814 ferumino,
1380 1741 1632 1813 festuca,
1650 1741 1812 1813 fetus
1834 1743 1894 1794 et
1928 1741 2142 1813 effetus,
2175 1740 2405 1812 fiqlina,
2433 1740 2551 1812 flu-

296 1848 431 1916 ctio,
460 1863 708 1920 qemesco
741 1851 802 1902 et
823 1855 1105 1917 tremesco,
1134 1846 1353 1920 qlaeba,
1383 1847 1788 1916 Hadriaticus,
1820 1847 2055 1918 haedus,
2089 1847 2276 1916 haleoe,
2301 1846 2551 1903 hammo-

299 1958 546 2039 niacum,
578 1955 1030 2024 hammonitrum,
1061 1948 1296 2025 harena,
1328 1955 1611 2024 harundo,
1644 1955 1824 2025 heres,
1847 1956 2110 2027 Hiberia,
2135 1956 2334 2030 hyena,
2360 1957 2546 2026 immo,

300 2066 571 2134 inclutus,
601 2058 884 2139 intelleqo‚
914 2057 1203 2140 Iuppiter,
1244 2066 1455 2134 lamna,
1495 2066 1786 2135 lentecula‚
1826 2066 1964 2122 levis
1992 2070 2053 2120 et
2080 2066 2285 2134 levare,
2317 2065 2462 2121 linia
2490 2069 2553 2121 et

302 2176 710 2244 liniamentum,
753 2164 965 2244 littera,
1003 2174 1161 2244 litus,
1205 2175 1417 2248 lollqu,
1456 2185 1680 2231 maeror
1722 2181 1779 2230 et
1819 2183 2086 2244 maestus,
2125 2175 2546 2249 manipretium,

305 2285 697 2354 Mauretania,
726 2301 909 2353 mena,
939 2283 1089 2341 mille
1117 2288 1178 2340 et
1204 2285 1382 2354 milia,
1413 2285 1830 2352 monimentum,
1860 2301 2095 2340 murena
2138 2287 2196 2339 et
2226 2283 2290 2339 in
2317 2281 2553 2339 nomine

304 2391 658 2470 appellativo
688 2399 748 2450 et
771 2391 1032 2468 propri0,
1064 2409 1285 2463 murra,
1316 2393 1545 2462 nausia,
1577 2392 1866 2461 obscenus,
1889 2399 1961 2466 pt
1999 2390 2062 2447 in
2104 2389 2312 2448 formis
2352 2389 2557 2463 quales

305 2506 444 2559 'sunt
490 2503 815 2577 ademptus,
862 2511 1113 2577 emptus,
1166 2509 1487 2577 exemptus,
1546 2507 1834 2575 sumptus,
1888 2508 2121 2574 tempto,
2173 2505 2300 2557 tum
2343 2518 2557 2576 paena,

300 2613 587 2688 paenitet,
623 2612 939 2687 paenuria,
971 2613 1180 2686 pinna,
1222 2628 1543 2686 praeqnas,
1567 2610 1875 2685 protinus,
1909 2610 2246 2685 psilotrum,
2278 2611 2555 2685 puleium,

301 2722 538 2797 pusula,
582 2720 915 2796 quadripes,
959 2729 1248 2794 quattuor,
1294 2721 1619 2795 quicquam,
1671 2720 1974 2795 quidquid,
2024 2717 2314 2790 Quintius,
2366 2720 2557 2795 quoti-

309 2837 408 2889 ens
437 2823 558 2910 (uti
595 2831 861 2906 septiens,
905 2821 1157 2908 totiens),
1202 2829 1413 2904 robiqo‚
1454 2829 1690 2901 sablum,
1735 2831 2039 2899 saeculum,
2081 2830 2299 2904 saepia,
2338 2837 2557 2904 saepta,

306 2934 484 3010 saeta,
537 2939 880 3008 sandaraca,
930 2956 1153 3010 scaena,
1206 2939 1500 3015 scaripho,
1553 2940 1898 3014 scripulum,
1949 2939 2166 3007 sebum,
2227 2939 2559 3014 septentrio,

246 3069 271 3092 *
309 3045 689 3123 sepulchrum,
731 3049 1114 3119 simulacrum,
1143 3051 1363 3119 sollers,
1393 3049 1703 3123 sphyrena‚
1734 3061 2000 3120 sponqea‚
2032 3045 2272 3113 suboles,
2303 3062 2473 3102 sucus
2503 3051 2563 3101 et

309 3159 589 3228 sucinum,
619 3159 962 3233 suqqillatio,
993 3160 1220 3233 sulpur,
1251 3156 1491 3231 sumpsi,
1522 3155 1756 3223 tablina,
1789 3161 1985 3222 taeter,
2016 3153 2388 3226 teqimentum,
2420 3161 2558 3209 tun-

310 3288 430 3339 sus,
462 3277 575 3339 tus,
606 3270 792 3338 ulcus,
847 3268 1067 3334 Uli-res,
1111 3283 1358 3335 umerus,
1405 3280 1569 3320 umor
1597 3268 1658 3319 et
1681 3241 1997 3337 umefactus
2028 3268 2087 3318 et
2114 3262 2362 3331 umidus,
2391 3262 2562 3318 vatil-

314 3379 451 3433 lum.
505 3373 931 3433 Accusativum
967 3372 1217 3449 pluralis
1265 3370 1471 3429 tertiae
1526 3365 1929 3428 declinationis
1983 3387 2187 3428 eorum
2239 3368 2560 3442 nominum,

316 3499 471 3556 quae
513 3473 834 3555 genitivum
871 3480 1121 3558 pluralis
1159 3480 1223 3539 in
1260 3483 1378 3539 ium
1414 3481 1674 3555 fingunt,
1717 3498 1826 3556 per
1853 3475 1919 3539 vis
1958 3479 2194 3556 scripsi3
2236 3475 2562 3553 genitivum

316 3588 638 3665 singularis
681 3590 907 3648 numeri
949 3590 1237 3648 secundae
1279 3588 1680 3648 declinationis
1720 3607 1923 3648 eorum
1952 3588 2275 3659 nominum,
2308 3605 2563 3661 quorum

315 3699 717 3758 nominativus
759 3697 819 3755 in
861 3701 954 3758 ius
997 3698 1094 3756 vel
1134 3702 1250 3757 ium
1291 3698 1435 3769 exit,
1483 3699 1667 3757 codex
1703 3697 1758 3755 B
1801 3707 2029 3757 tantum
2056 3714 2177 3754 non
2207 3694 2475 3753 omnibus
2502 3695 2566 3753 in

312 3807 459 3867 locis
499 3807 561 3865 in
601 3809 625 3864 i
636 3805 639 3806 ⁷
658 3805 857 3880 fingit3
899 3805 1324 3881 superlativum
1364 3806 1789 3865 adiectivorum
1805 3848 1823 3877 ,
1867 3802 1969 3864 ubi
2011 3813 2132 3863 tres
2160 3802 2417 3881 syllabas
2445 3795 2564 3862 non

310 3915 658 3988 excedebat,
690 3932 799 3990 per
826 3934 865 3973 u
895 3914 1157 3986 exaravi,
1196 3914 1257 3972 in
1291 3915 1504 3973 ceteris
1546 3913 1850 3990 vulgarem
1890 3913 2244 3989 scripturam
2272 3909 2560 3986 sequens3

317 4025 575 4083 litteram
604 4044 659 4081 m
688 4028 1027 4083 constanter
1053 4022 1273 4081 retinui
1300 4022 1506 4080 mediis
1533 4021 1594 4079 in
1625 4020 1945 4092 vocabulis,
1976 4021 2078 4080 ubi
2103 4021 2268 4080 illam
2299 4021 2564 4095 sequitur

317 4132 515 4192 littera
555 4153 623 4208 q,
667 4134 824 4191 unde
866 4152 959 4191 ex*
984 4131 1274 4192 constanti
1313 4130 1660 4189 auctoritate
1703 4129 1915 4188 codicis
1950 4128 2006 4188 B
2050 4130 2423 4190 scribendum
2451 4128 2566 4187 fuit

323 4243 681 4318 quicumque,
711 4245 1062 4321 ubicumque,
1094 4243 1400 4319 tamquam,
1432 4259 1716 4318 umquam,
1747 4259 2070 4318 numquam,
2095 4242 2398 4317 utrimque,
2429 4253 2564 4296 cum

886 4432 923 4452 Q
