2961 4861
1202 368 1578 412 PRAEFATIO.
2376 367 2464 411 XV
2473 372 2518 411 11

273 526 455 585 rubro
487 518 679 583 colore
708 522 1022 599 adscripta,
1053 521 1281 582 litterae
1307 523 1561 580 initiales
1590 523 1798 598 pictae.
1849 519 2078 579 Passim
2107 523 2349 580 mutilus
2377 541 2519 580 con-

188 688 191 689 .
275 633 421 692 tinet
458 635 592 692 libr.
632 631 965 692 I—XXX.
1005 639 1066 689 et
1102 632 1448 709 plerumque
1488 650 1622 690 cum
1664 632 2003 690 melioribus
2040 632 2205 690 libris
2233 632 2390 705 facit,
2421 634 2522 691 ubi

274 742 354 801 ab
393 742 465 801 iis
505 742 701 814 distat,
741 761 858 800 non
901 743 1168 813 virtutes,
1211 742 1314 800 sed
1352 743 1499 801 vitia
1525 742 1765 818 propria
1792 741 2032 800 habens.
2085 741 2303 800 Ianus
2343 760 2419 799 ex
2455 759 2524 799 eo

275 852 570 926 excerpsit
595 852 680 910 11.
712 855 742 920 ἓ
774 847 1003 910 1-46.

364 958 567 1043 Codex
613 962 970 1020 Parisiensis
1019 961 1235 1037 Reqius
1287 956 1450 1020 6801
1503 953 1606 1041 (h)
1658 963 2135 1020 membranaceus
2177 978 2331 1018 saec.
2377 960 2523 1017 XV.

276 1071 488 1129 litteris
528 1069 844 1128 maioribus
885 1067 1150 1128 Gothicis
1192 1070 1341 1128 binis
1381 1071 1666 1128 columnis
1695 1066 1870 1129 nitide
1899 1066 2175 1145 scriptus,
2205 1070 2526 1146 praemissa

279 1180 449 1251 „vita
475 1179 658 1237 Plinii
685 1194 763 1237 ex
791 1179 1098 1253 cathalogo
1124 1180 1386 1238 virorum
1412 1179 1736 1237 illustrium
1764 1178 2153 1253 Tranquilli.”
2209 1177 2526 1237 Librorum

160 1342 169 1347 ,
277 1288 555 1347 elenchus
604 1306 643 1344 a
699 1288 903 1345 ceteris
943 1274 1166 1346 distans
1205 1289 1262 1347 in
1309 1288 1503 1364 capita
1545 1294 1636 1346 est
1672 1289 1958 1364 digestus.
2016 1282 2289 1357 Continet
2328 1305 2528 1345 omnes

277 1394 456 1453 Plinii
494 1396 679 1454 libros
717 1411 905 1469 usque
942 1396 1019 1454 ad
1047 1390 1151 1454 37.
1185 1399 1214 1465 ἓ
1247 1391 1414 1467 199.,
1445 1404 1505 1454 et
1533 1397 1636 1455 vix
1662 1397 1816 1455 alius
1844 1395 2025 1454 Plinii
2053 1398 2238 1455 codex
2265 1397 2528 1455 invenia-

277 1513 398 1577 tur,
438 1505 539 1562 ubi
577 1506 734 1564 bona
770 1505 941 1562 malis
981 1501 1128 1563 adeo
1171 1506 1289 1563 sint
1326 1506 1534 1563 mixta.
1600 1505 1708 1565 Uti
1745 1506 1900 1563 enim
1938 1506 2233 1582 permulta
2274 1506 2416 1564 vitia
2455 1522 2531 1563 ex

280 1615 591 1673 oscitantia
628 1612 853 1672 librarii
888 1621 1028 1673 nata
1062 1615 1242 1672 habet
1277 1607 1415 1691 (35,
1449 1609 1593 1673 126.
1622 1632 1759 1673 aros
1799 1631 1910 1691 pro
1953 1614 2188 1689 autem),
2234 1615 2320 1672 uti
2348 1617 2531 1672 verba

282 1722 620 1799 saepissime
656 1730 875 1781 temere
913 1731 1052 1780 sunt
1087 1724 1333 1780 traiecta
1375 1722 1436 1779 et
1474 1723 1827 1797 interpolata
1856 1719 1986 1798 (34,
2016 1719 2121 1780 46.
2150 1743 2260 1798 pro
2289 1723 2530 1797 vulgato

280 1831 380 1891 Ea
420 1840 612 1892 statua
653 1834 927 1890 indicavit
963 1833 1226 1890 interisse
1267 1830 1449 1889 habet
1474 1832 1827 1890 Estimantes
1856 1842 1909 1890 et
1938 1834 2251 1890 iudicantes
2281 1833 2412 1889 item
2440 1852 2531 1896 se,-

281 1936 391 2012 34,
444 1936 547 1999 57.
598 1957 752 1998 unus
801 1938 979 1997 habet
1026 1958 1096 1998 etc
1142 1957 1252 2015 pro
1302 1934 1548 2015 vulgato
1593 1960 1682 2011 ac,
1734 1957 1852 2014 qua
1900 1941 2221 1998 mutatione
2268 1940 2427 1998 facta
2474 1948 2534 1997 et

284 2048 576 2124 scriptura
623 2048 875 2106 aliorum
923 2049 1138 2124 partim
1175 2047 1462 2107 bonorum
1501 2049 1766 2108 codicum
1806 2052 2073 2110 carnibus
2116 2051 2256 2108 item
2294 2059 2533 2125 recepta

282 2157 557 2234 procudit
583 2156 860 2217 librarius
888 2164 1289 2234 portentosam
1317 2159 1468 2215 hanc
1494 2154 2031 2234 interpolationem:
2062 2161 2224 2218 Fecit
2254 2153 2530 2237 (Myron)

284 2278 339 2327 et
373 2269 602 2328 cicadae
639 2277 1051 2325 monumentum
1087 2287 1157 2325 ea·
1195 2271 1453 2335 locustae,
1483 2270 1751 2328 carnibus
1781 2272 1929 2328 sicut
1958 2269 2198 2327 Siserna
2228 2270 2529 2343 siqnificat,

284 2393 394 2455 pro
423 2395 492 2435 eo
535 2377 694 2451 quod
723 2377 905 2452 vulgo
946 2383 1125 2448 recte,
1165 2394 1525 2451 quamquam
1551 2378 1794 2452 ingenti·
1814 2394 1950 2436 cum
1984 2375 2165 2436 Plinii
2191 2396 2410 2448 errore,
2440 2378 2531 2434 le-

284 2487 471 2563 giture
521 2488 751 2546 Fecisse
797 2496 849 2567 et
898 2488 1128 2545 cicadae
1176 2496 1588 2544 monumentum
1625 2506 1693 2545 ac
1737 2485 1983 2545 locustae
2022 2488 2367 2545 carminibus
2411 2489 2533 2545 suis

284 2598 526 2667 Erinna
556 2598 840 2672 siqnificat
854 2620 876 2662 ,-
915 2591 1021 2666 34,
1055 2591 1199 2653 142.
1230 2614 1307 2651 ex
1334 2599 1636 2672 manifesta
1666 2604 1725 2653 et
1752 2597 2047 2671 manifesto
2079 2604 2404 2653 ceterorum
2435 2613 2529 2652 co-

285 2706 485 2764 dicum
509 2706 571 2764 in
599 2704 712 2763 hoc
738 2704 957 2763 factum
985 2711 1075 2762 est
1101 2707 1460 2781 manifestato
1475 2728 1499 2771 ‚-
1539 2698 1644 2774 35,
1679 2699 1821 2762 170.
1851 2722 1928 2761 ex
1955 2704 2396 2781 interpolatione
2425 2723 2528 2763 co-

284 2815 483 2873 dicum
522 2814 631 2872 Td
685 2833 866 2891 supra
892 2822 1103 2902 §notata
1140 2831 1249 2871 non
1293 2815 1406 2873 sibi
1440 2832 1562 2873 mos
1599 2833 1733 2873 cum
1773 2813 1906 2872 aliis
1945 2832 2131 2888 aeque
2166 2814 2531 2889 interpolatis

285 2924 451 2983 libris
478 2925 541 2982 in
570 2924 765 2982 codice
792 2925 833 2981 h
859 2924 1080 2999 legitur
1108 2942 1218 2980 non
1246 2925 1493 2995 idoncos,
1526 2930 1585 2981 et
1601 2918 1707 2995 35,
1734 2920 1878 3002 174.
1902 2942 2011 3000 pro
2039 2943 2109 2982 eo
2132 2924 2290 2996 quod
2309 2924 2531 2981 dudum

287 3033 599 3108 vulgatum
637 3051 793 3091 nunc
834 3052 939 3109 per
979 3032 1031 3091 B
1061 3042 1152 3092 est
1179 3034 1624 3109 comprobatum
1653 3035 1892 3107 reliquis
1918 3033 2237 3107 qeneribus,
2277 3029 2386 3106 pro
2417 3049 2534 3105 quo

285 3144 348 3201 in
387 3144 553 3203 codd.
582 3142 763 3202 RVd
807 3145 1053 3218 reqionis
1079 3144 1377 3218 qeneribus
1406 3140 1648 3215 legitur,
1681 3158 1816 3197 cum
1844 3139 1962 3198 illis
1990 3140 2195 3197 iisdem
2225 3140 2392 3198 codd.
2422 3141 2536 3198 ha-

272 3255 388 3312 bet
422 3254 719 3330 qeneribus
757 3254 1063 3312 secundum
1092 3243 1379 3329 reqiones)
1394 3266 1413 3318 3
1445 3249 1532 3304 uti
1561 3248 1988 3324 dittographiae
2017 3249 2124 3307 sibi
2152 3250 2449 3325 appositae
2480 3257 2539 3306 et

288 3355 627 3421 coniunctae
656 3364 937 3437 leguntur
966 3356 1096 3438 (34,
1125 3356 1225 3419 66.
1256 3353 1637 3434 iqnorantiam
1665 3361 2016 3434 eleqantiam,
2041 3353 2144 3431 35,
2173 3356 2270 3417 17.
2307 3358 2536 3419 Ardea-

291 3473 415 3528 tina
464 3473 550 3528 vel
592 3472 786 3530 edibus
827 3472 1053 3546 quibus,
1093 3464 1198 3540 35,
1239 3464 1342 3526 20.
1383 3472 1545 3527 vellet
1580 3472 1798 3545 referre
1833 3470 1967 3527 belle
2006 3473 2237 3546 referat,
2283 3465 2388 3540 36,
2431 3465 2536 3526 42.

288 3580 680 3639 construe-isse
703 3578 964 3655 secisse),
1005 3580 1090 3636 ita
1129 3578 1661 3654 praestantissimas
1689 3578 1962 3636 lectiones
1992 3579 2065 3637 ab
2096 3579 2253 3636 omni
2281 3578 2535 3654 interpo-

288 3688 528 3748 lationis
576 3688 768 3763 specie
796 3686 1006 3744 liberas
1034 3706 1152 3745 non
1180 3694 1408 3744 tantum
1438 3705 1572 3745 cum
1601 3686 1654 3744 B
1684 3688 1781 3745 vel
1818 3688 1950 3745 aliis
1978 3688 2149 3746 bonis
2177 3688 2343 3745 codd.
2378 3705 2539 3744 com-

285 3818 498 3857 munes
544 3800 744 3868 habet,
785 3796 887 3853 sed
916 3814 1018 3855 eas
1048 3797 1144 3855 vel
1175 3796 1335 3855 solus
1365 3796 1460 3854 vel
1492 3815 1624 3854 cum
1653 3797 1783 3854 aliis
1810 3796 2100 3854 inferioris
2131 3796 2350 3854 ordinis
2382 3797 2539 3855 codi-

289 3910 457 3967 cibus
488 3908 768 3978 servavit,
800 3905 964 3964 velut
993 3901 1096 3977 33,
1126 3901 1230 3964 33.
1248 3910 1467 3982 saetae,
1498 3901 1602 3977 34,
1638 3902 1781 3963 141.
1798 3909 2091 3981 facientis,
2123 3900 2228 3976 35,
2259 3902 2362 3965 28.
2393 3909 2541 3965 alio-

289 4021 411 4095 qui,
436 4012 538 4090 35,
553 4013 655 4077 30.
679 4020 939 4087 Eretria,
957 4011 1058 4089 35,
1076 4012 1179 4074 36.
1203 4017 1618 4091 leucophorum,
1634 4007 1736 4085 35,
1757 4009 1899 4072 164.
1920 4014 2253 4091 Asprenati,
2276 4011 2378 4086 36,
2399 4011 2540 4073 121.

298 4128 369 4197 Q.
409 4130 703 4199 Marcius,
754 4127 966 4202 quibus
1003 4126 1065 4184 in
1100 4125 1446 4184 lectionibus
1491 4130 1582 4182 est
1620 4126 2192 4183 commemorandum
2231 4126 2543 4202 plerasque

290 4254 494 4295 earum
524 4237 747 4295 dudum
775 4238 835 4296 in
864 4237 1211 4296 editionibus
1242 4234 1500 4311 vulgatis
1532 4230 1604 4314 βγ
1633 4241 1883 4308 exstare,
1916 4237 2074 4310 quod
2101 4235 2256 4293 idem
2285 4236 2443 4294 valet
2471 4236 2543 4292 de

2089 4351 2135 4399 B
