<?xml version="1.0" encoding="UTF-8"?>
<!DOCTYPE html PUBLIC "-//W3C//DTD XHTML 1.0 Transitional//EN"
    "http://www.w3.org/TR/xhtml1/DTD/xhtml1-transitional.dtd">
<html xmlns="http://www.w3.org/1999/xhtml" xml:lang="en" lang="en">
 <head>
  <title>
</title>
<meta http-equiv="Content-Type" content="text/html;charset=utf-8" />
  <meta name='ocr-system' content='tesseract 3.04.00' />
  <meta name='ocr-capabilities' content='ocr_page ocr_carea ocr_par ocr_line ocrx_word'/>
</head>
<body>
  <div class='ocr_page' id='page_1' title='image "./cplinisecundina00sillgoog_0497.png"; bbox 0 0 2961 4861; ppageno 0'>
   <div class='ocr_carea' id='block_1_1' title="bbox 887 286 2632 371">
    <p class='ocr_par' dir='ltr' id='par_1_1' title="bbox 887 286 2632 371">
     <span class='ocr_line' id='line_1_1' title="bbox 887 286 2632 371; baseline 0.002 -6"><span class='ocrx_word' id='word_1_1' title='bbox 887 288 1030 366; x_wconf 77' lang='lat' dir='ltr'>Lis.</span> <span class='ocrx_word' id='word_1_2' title='bbox 1061 323 1157 367; x_wconf 78' lang='lat' dir='ltr'>lv,</span> <span class='ocrx_word' id='word_1_3' title='bbox 1223 322 1379 371; x_wconf 74' lang='lat' dir='ltr'>CAP.</span> <span class='ocrx_word' id='word_1_4' title='bbox 1415 323 1511 367; x_wconf 78' lang='lat' dir='ltr'>xl.</span> <span class='ocrx_word' id='word_1_5' title='bbox 1563 323 1688 367; x_wconf 78' lang='lat' dir='ltr'>XII.</span> <span class='ocrx_word' id='word_1_6' title='bbox 1750 322 1944 367; x_wconf 72' lang='lat' dir='ltr'>sncr.</span> <span class='ocrx_word' id='word_1_7' title='bbox 1981 325 2132 366; x_wconf 84' lang='lat'>18.19.</span> <span class='ocrx_word' id='word_1_8' title='bbox 2344 286 2365 295; x_wconf 32' lang='lat'>⁸</span> <span class='ocrx_word' id='word_1_9' title='bbox 2508 304 2632 368; x_wconf 83' lang='lat'>293</span> 
     </span>
    </p>
   </div>
   <div class='ocr_carea' id='block_1_2' title="bbox 307 452 2717 2469">
    <p class='ocr_par' dir='ltr' id='par_1_2' title="bbox 307 452 2717 2469">
     <span class='ocr_line' id='line_1_2' title="bbox 381 452 2629 556; baseline 0 -19"><span class='ocrx_word' id='word_1_10' title='bbox 381 473 530 537; x_wconf 88' lang='lat' dir='ltr'>lana</span> <span class='ocrx_word' id='word_1_11' title='bbox 573 452 779 536; x_wconf 81' lang='lat' dir='ltr'>sinum</span> <span class='ocrx_word' id='word_1_12' title='bbox 820 480 1047 556; x_wconf 90' lang='lat' dir='ltr'>portus</span> <span class='ocrx_word' id='word_1_13' title='bbox 1078 468 1312 534; x_wconf 88' lang='lat' dir='ltr'>Coelos</span> <span class='ocrx_word' id='word_1_14' title='bbox 1357 480 1422 535; x_wconf 87' lang='lat' dir='ltr'>et</span> <span class='ocrx_word' id='word_1_15' title='bbox 1465 468 1869 535; x_wconf 79' lang='lat' dir='ltr'><strong>Panhormus</strong></span> <span class='ocrx_word' id='word_1_16' title='bbox 1916 480 1979 534; x_wconf 86' lang='lat' dir='ltr'>et</span> <span class='ocrx_word' id='word_1_17' title='bbox 2023 492 2218 553; x_wconf 89' lang='lat' dir='ltr'>supra</span> <span class='ocrx_word' id='word_1_18' title='bbox 2262 472 2437 536; x_wconf 89' lang='lat' dir='ltr'>dicta</span> <span class='ocrx_word' id='word_1_19' title='bbox 2466 471 2629 537; x_wconf 89' lang='lat' dir='ltr'>Car-</span> 
     </span>
     <span class='ocr_line' id='line_1_3' title="bbox 385 569 2631 656; baseline 0 -19"><span class='ocrx_word' id='word_1_20' title='bbox 385 573 512 637; x_wconf 85' lang='lat' dir='ltr'>dia.</span> <span class='ocrx_word' id='word_1_21' title='bbox 553 571 820 655; x_wconf 83' lang='lat' dir='ltr'>Tertius</span> <span class='ocrx_word' id='word_1_22' title='bbox 849 571 1151 656; x_wconf 85' lang='lat' dir='ltr'>Europae</span> <span class='ocrx_word' id='word_1_23' title='bbox 1182 570 1357 634; x_wconf 88' lang='lat' dir='ltr'>sinus</span> <span class='ocrx_word' id='word_1_24' title='bbox 1388 570 1472 634; x_wconf 92' lang='lat' dir='ltr'>ad</span> <span class='ocrx_word' id='word_1_25' title='bbox 1499 569 1669 633; x_wconf 92' lang='lat' dir='ltr'>hunc</span> <span class='ocrx_word' id='word_1_26' title='bbox 1699 570 1959 634; x_wconf 89' lang='lat' dir='ltr'>modum</span> <span class='ocrx_word' id='word_1_27' title='bbox 1990 570 2326 635; x_wconf 79' lang='lat' dir='ltr'><strong>clauditur.</strong></span> <span class='ocrx_word' id='word_1_28' title='bbox 2370 569 2631 638; x_wconf 84' lang='lat' dir='ltr'>Montes</span> 
     </span>
     <span class='ocr_line' id='line_1_4' title="bbox 385 667 2631 756; baseline -0 -20"><span class='ocrx_word' id='word_1_29' title='bbox 385 682 568 737; x_wconf 84' lang='lat' dir='ltr'>extra</span> <span class='ocrx_word' id='word_1_30' title='bbox 610 672 971 756; x_wconf 88' lang='lat' dir='ltr'>praedictos</span> <span class='ocrx_word' id='word_1_31' title='bbox 1004 670 1316 735; x_wconf 80' lang='lat' dir='ltr'>Thraciae</span> <span class='ocrx_word' id='word_1_32' title='bbox 1347 669 1637 749; x_wconf 90' lang='lat' dir='ltr'>Edonus,</span> <span class='ocrx_word' id='word_1_33' title='bbox 1686 667 2091 755; x_wconf 81' lang='lat' dir='ltr'>Gigemoros,</span> <span class='ocrx_word' id='word_1_34' title='bbox 2135 669 2434 749; x_wconf 90' lang='lat' dir='ltr'>Meritus,</span> <span class='ocrx_word' id='word_1_35' title='bbox 2467 670 2631 750; x_wconf 85' lang='lat' dir='ltr'>·Me-·</span> 
     </span>
     <span class='ocr_line' id='line_1_5' title="bbox 307 762 2627 857; baseline -0.001 -18"><span class='ocrx_word' id='word_1_36' title='bbox 307 835 318 839; x_wconf 83' lang='grc'><em>,</em></span> <span class='ocrx_word' id='word_1_37' title='bbox 379 773 791 857; x_wconf 84' lang='lat' dir='ltr'>lamphyllos3</span> <span class='ocrx_word' id='word_1_38' title='bbox 846 772 1112 836; x_wconf 90' lang='lat' dir='ltr'>flumina</span> <span class='ocrx_word' id='word_1_39' title='bbox 1165 772 1232 834; x_wconf 93' lang='lat' dir='ltr'>in</span> <span class='ocrx_word' id='word_1_40' title='bbox 1282 770 1580 835; x_wconf 84' lang='lat' dir='ltr'><strong>Hebrum</strong></span> <span class='ocrx_word' id='word_1_41' title='bbox 1634 771 1928 835; x_wconf 82' lang='lat' dir='ltr'>cadentia</span> <span class='ocrx_word' id='word_1_42' title='bbox 1980 770 2272 857; x_wconf 84' lang='lat' dir='ltr'>Bargus,</span> <span class='ocrx_word' id='word_1_43' title='bbox 2334 762 2627 855; x_wconf 81' lang='lat' dir='ltr'><strong>Syrmus.</strong></span> 
     </span>
     <span class='ocr_line' id='line_1_6' title="bbox 380 864 2629 959; baseline 0.001 -24"><span class='ocrx_word' id='word_1_44' title='bbox 380 864 831 951; x_wconf 85' lang='lat' dir='ltr'>Macedoniae,</span> <span class='ocrx_word' id='word_1_45' title='bbox 893 872 1245 949; x_wconf 76' lang='lat' dir='ltr'>Thraciae,</span> <span class='ocrx_word' id='word_1_46' title='bbox 1306 872 1713 956; x_wconf 84' lang='lat' dir='ltr'>Hellesponti</span> <span class='ocrx_word' id='word_1_47' title='bbox 1763 872 2103 959; x_wconf 85' lang='lat' dir='ltr'><strong>longitudo</strong></span> <span class='ocrx_word' id='word_1_48' title='bbox 2145 883 2243 937; x_wconf 88' lang='lat' dir='ltr'>est</span> <span class='ocrx_word' id='word_1_49' title='bbox 2287 895 2484 958; x_wconf 91' lang='lat' dir='ltr'>supra</span> <span class='ocrx_word' id='word_1_50' title='bbox 2527 874 2629 937; x_wconf 92' lang='lat' dir='ltr'>di-</span> 
     </span>
     <span class='ocr_line' id='line_1_7' title="bbox 381 971 2628 1058; baseline 0 -20"><span class='ocrx_word' id='word_1_51' title='bbox 381 983 484 1038; x_wconf 86' lang='lat' dir='ltr'>cta</span> <span class='ocrx_word' id='word_1_52' title='bbox 494 1000 512 1052; x_wconf 86' lang='lat'><em>3</em></span> <span class='ocrx_word' id='word_1_53' title='bbox 571 975 830 1058; x_wconf 91' lang='lat' dir='ltr'>quidam</span> <span class='ocrx_word' id='word_1_54' title='bbox 872 994 1087 1037; x_wconf 83' lang='lat' dir='ltr'>nccxx</span> <span class='ocrx_word' id='word_1_55' title='bbox 1129 971 1374 1036; x_wconf 90' lang='lat' dir='ltr'>milium</span> <span class='ocrx_word' id='word_1_56' title='bbox 1418 972 1699 1047; x_wconf 85' lang='lat' dir='ltr'>faciunt3</span> <span class='ocrx_word' id='word_1_57' title='bbox 1764 974 2034 1037; x_wconf 86' lang='lat' dir='ltr'>latitudo</span> <span class='ocrx_word' id='word_1_58' title='bbox 2072 994 2458 1036; x_wconf 71' lang='lat' dir='ltr'>cccnxxxnn</span> <span class='ocrx_word' id='word_1_59' title='bbox 2508 975 2628 1038; x_wconf 88' lang='lat' dir='ltr'>mi·-</span> 
     </span>
     <span class='ocr_line' id='line_1_8' title="bbox 380 1066 2717 1160; baseline 0.001 -22"><span class='ocrx_word' id='word_1_60' title='bbox 380 1075 537 1138; x_wconf 92' lang='lat' dir='ltr'>lium</span> <span class='ocrx_word' id='word_1_61' title='bbox 582 1086 697 1139; x_wconf 88' lang='lat' dir='ltr'>est.</span> <span class='ocrx_word' id='word_1_62' title='bbox 781 1073 1053 1160; x_wconf 86' lang='lat' dir='ltr'>Aegaeo</span> <span class='ocrx_word' id='word_1_63' title='bbox 1109 1073 1270 1137; x_wconf 90' lang='lat' dir='ltr'>mari</span> <span class='ocrx_word' id='word_1_64' title='bbox 1312 1092 1544 1136; x_wconf 90' lang='lat' dir='ltr'>nomen</span> <span class='ocrx_word' id='word_1_65' title='bbox 1588 1066 1768 1136; x_wconf 82' lang='lat' dir='ltr'>dedit</span> <span class='ocrx_word' id='word_1_66' title='bbox 1812 1075 2109 1157; x_wconf 90' lang='lat' dir='ltr'>scopulus</span> <span class='ocrx_word' id='word_1_67' title='bbox 2160 1073 2327 1138; x_wconf 88' lang='lat' dir='ltr'>inter</span> <span class='ocrx_word' id='word_1_68' title='bbox 2377 1074 2632 1140; x_wconf 88' lang='lat' dir='ltr'>Tenum</span> <span class='ocrx_word' id='word_1_69' title='bbox 2660 1099 2717 1141; x_wconf 86' lang='lat'>51</span> 
     </span>
     <span class='ocr_line' id='line_1_9' title="bbox 384 1172 2630 1261; baseline 0.001 -22"><span class='ocrx_word' id='word_1_70' title='bbox 384 1184 451 1248; x_wconf 83' lang='lat' dir='ltr'>et</span> <span class='ocrx_word' id='word_1_71' title='bbox 495 1173 733 1239; x_wconf 88' lang='lat' dir='ltr'>Chium</span> <span class='ocrx_word' id='word_1_72' title='bbox 778 1175 990 1238; x_wconf 88' lang='lat' dir='ltr'>verius</span> <span class='ocrx_word' id='word_1_73' title='bbox 1034 1195 1224 1259; x_wconf 86' lang='lat' dir='ltr'>quam</span> <span class='ocrx_word' id='word_1_74' title='bbox 1268 1173 1506 1250; x_wconf 86' lang='lat' dir='ltr'>insula,</span> <span class='ocrx_word' id='word_1_75' title='bbox 1563 1172 1713 1237; x_wconf 89' lang='lat' dir='ltr'>Aex</span> <span class='ocrx_word' id='word_1_76' title='bbox 1757 1174 2010 1237; x_wconf 92' lang='lat' dir='ltr'>nomine</span> <span class='ocrx_word' id='word_1_77' title='bbox 2054 1196 2093 1237; x_wconf 92' lang='lat' dir='ltr'>a</span> <span class='ocrx_word' id='word_1_78' title='bbox 2137 1175 2352 1258; x_wconf 89' lang='lat' dir='ltr'>specie</span> <span class='ocrx_word' id='word_1_79' title='bbox 2397 1199 2630 1261; x_wconf 89' lang='lat' dir='ltr'>caprae</span> 
     </span>
     <span class='ocr_line' id='line_1_10' title="bbox 377 1269 2628 1358; baseline 0.001 -20"><span class='ocrx_word' id='word_1_80' title='bbox 377 1297 544 1358; x_wconf 88' lang='lat' dir='ltr'>quae</span> <span class='ocrx_word' id='word_1_81' title='bbox 587 1275 678 1340; x_wconf 89' lang='lat' dir='ltr'>ita</span> <span class='ocrx_word' id='word_1_82' title='bbox 708 1273 978 1339; x_wconf 83' lang='lat' dir='ltr'>Graecis</span> <span class='ocrx_word' id='word_1_83' title='bbox 1023 1269 1402 1358; x_wconf 84' lang='lat' dir='ltr'>appellatur,</span> <span class='ocrx_word' id='word_1_84' title='bbox 1447 1285 1715 1357; x_wconf 87' lang='lat' dir='ltr'>repente</span> <span class='ocrx_word' id='word_1_85' title='bbox 1762 1296 1796 1338; x_wconf 93' lang='lat' dir='ltr'>e</span> <span class='ocrx_word' id='word_1_86' title='bbox 1841 1274 2053 1339; x_wconf 87' lang='lat' dir='ltr'>medio</span> <span class='ocrx_word' id='word_1_87' title='bbox 2096 1275 2258 1338; x_wconf 91' lang='lat' dir='ltr'>mari</span> <span class='ocrx_word' id='word_1_88' title='bbox 2305 1277 2628 1342; x_wconf 77' lang='lat' dir='ltr'>exsiliens,</span> 
     </span>
     <span class='ocr_line' id='line_1_11' title="bbox 378 1372 2627 1460; baseline 0.001 -21"><span class='ocrx_word' id='word_1_89' title='bbox 378 1372 674 1440; x_wconf 88' lang='lat' dir='ltr'>Cernunt</span> <span class='ocrx_word' id='word_1_90' title='bbox 713 1398 857 1439; x_wconf 89' lang='lat' dir='ltr'>eum</span> <span class='ocrx_word' id='word_1_91' title='bbox 889 1375 980 1439; x_wconf 39' lang='lat' dir='ltr'>‘ab</span> <span class='ocrx_word' id='word_1_92' title='bbox 1022 1375 1285 1443; x_wconf 81' lang='lat' dir='ltr'>dextera</span> <span class='ocrx_word' id='word_1_93' title='bbox 1314 1384 1497 1459; x_wconf 89' lang='lat' dir='ltr'>parte</span> <span class='ocrx_word' id='word_1_94' title='bbox 1519 1373 1820 1437; x_wconf 89' lang='lat' dir='ltr'>Andrum</span> <span class='ocrx_word' id='word_1_95' title='bbox 1849 1374 2227 1460; x_wconf 80' lang='lat' dir='ltr'>navigantes</span> <span class='ocrx_word' id='word_1_96' title='bbox 2250 1375 2331 1440; x_wconf 82' lang='lat' dir='ltr'>ab</span> <span class='ocrx_word' id='word_1_97' title='bbox 2354 1376 2627 1454; x_wconf 88' lang='lat' dir='ltr'>Achaia,</span> 
     </span>
     <span class='ocr_line' id='line_1_12' title="bbox 376 1472 2626 1560; baseline 0.001 -21"><span class='ocrx_word' id='word_1_98' title='bbox 376 1476 589 1539; x_wconf 90' lang='lat' dir='ltr'>dirum</span> <span class='ocrx_word' id='word_1_99' title='bbox 618 1498 693 1540; x_wconf 91' lang='lat' dir='ltr'>ac</span> <span class='ocrx_word' id='word_1_100' title='bbox 721 1475 1117 1559; x_wconf 87' lang='lat' dir='ltr'>pestiferum.</span> <span class='ocrx_word' id='word_1_101' title='bbox 1162 1473 1413 1560; x_wconf 84' lang='lat' dir='ltr'>Aegaei</span> <span class='ocrx_word' id='word_1_102' title='bbox 1443 1496 1593 1557; x_wconf 90' lang='lat' dir='ltr'>pars</span> <span class='ocrx_word' id='word_1_103' title='bbox 1608 1472 1870 1556; x_wconf 85' lang='lat' dir='ltr'>Myrtoo</span> <span class='ocrx_word' id='word_1_104' title='bbox 1902 1475 2123 1552; x_wconf 87' lang='lat' dir='ltr'>datur3</span> <span class='ocrx_word' id='word_1_105' title='bbox 2158 1474 2522 1559; x_wconf 87' lang='lat' dir='ltr'>appellatur</span> <span class='ocrx_word' id='word_1_106' title='bbox 2543 1478 2626 1542; x_wconf 90' lang='lat' dir='ltr'>ab</span> 
     </span>
     <span class='ocr_line' id='line_1_13' title="bbox 374 1571 2620 1661; baseline 0.001 -21"><span class='ocrx_word' id='word_1_107' title='bbox 374 1576 582 1640; x_wconf 89' lang='lat' dir='ltr'>insula</span> <span class='ocrx_word' id='word_1_108' title='bbox 610 1598 812 1661; x_wconf 87' lang='lat' dir='ltr'>parva</span> <span class='ocrx_word' id='word_1_109' title='bbox 839 1597 1003 1658; x_wconf 90' lang='lat' dir='ltr'>quae</span> <span class='ocrx_word' id='word_1_110' title='bbox 1031 1573 1320 1638; x_wconf 67' lang='lat' dir='ltr'>&#39;cernitur</span> <span class='ocrx_word' id='word_1_111' title='bbox 1340 1571 1793 1637; x_wconf 91' lang='lat' dir='ltr'>Macedoniam</span> <span class='ocrx_word' id='word_1_112' title='bbox 1822 1597 1860 1637; x_wconf 92' lang='lat' dir='ltr'>a</span> <span class='ocrx_word' id='word_1_113' title='bbox 1883 1571 2198 1641; x_wconf 86' lang='lat' dir='ltr'>Geraesto</span> <span class='ocrx_word' id='word_1_114' title='bbox 2227 1578 2620 1661; x_wconf 87' lang='lat' dir='ltr'>petentibus,</span> 
     </span>
     <span class='ocr_line' id='line_1_14' title="bbox 373 1671 2619 1762; baseline 0 -22"><span class='ocrx_word' id='word_1_115' title='bbox 373 1677 547 1741; x_wconf 87' lang='lat' dir='ltr'>haud</span> <span class='ocrx_word' id='word_1_116' title='bbox 573 1677 799 1762; x_wconf 92' lang='lat' dir='ltr'>procul</span> <span class='ocrx_word' id='word_1_117' title='bbox 827 1675 1133 1740; x_wconf 86' lang='lat' dir='ltr'>Euboeae</span> <span class='ocrx_word' id='word_1_118' title='bbox 1159 1671 1454 1756; x_wconf 81' lang='lat' dir='ltr'>CarystO.</span> <span class='ocrx_word' id='word_1_119' title='bbox 1501 1671 1774 1737; x_wconf 88' lang='lat' dir='ltr'>Romani</span> <span class='ocrx_word' id='word_1_120' title='bbox 1803 1675 2013 1738; x_wconf 91' lang='lat' dir='ltr'>omnia</span> <span class='ocrx_word' id='word_1_121' title='bbox 2039 1675 2197 1740; x_wconf 88' lang='lat' dir='ltr'>haec</span> <span class='ocrx_word' id='word_1_122' title='bbox 2227 1677 2428 1740; x_wconf 89' lang='lat' dir='ltr'>maria</span> <span class='ocrx_word' id='word_1_123' title='bbox 2457 1677 2619 1741; x_wconf 88' lang='lat' dir='ltr'>duo-</span> 
     </span>
     <span class='ocr_line' id='line_1_15' title="bbox 374 1772 2621 1859; baseline 0 -18"><span class='ocrx_word' id='word_1_124' title='bbox 374 1777 495 1841; x_wconf 88' lang='lat' dir='ltr'>bus</span> <span class='ocrx_word' id='word_1_125' title='bbox 525 1776 890 1841; x_wconf 90' lang='lat' dir='ltr'>nominibus</span> <span class='ocrx_word' id='word_1_126' title='bbox 930 1775 1276 1859; x_wconf 87' lang='lat' dir='ltr'>appellant,</span> <span class='ocrx_word' id='word_1_127' title='bbox 1317 1772 1817 1837; x_wconf 90' lang='lat' dir='ltr'>Macedonicum</span> <span class='ocrx_word' id='word_1_128' title='bbox 1862 1796 2265 1859; x_wconf 89' lang='lat' dir='ltr'>quacumque</span> <span class='ocrx_word' id='word_1_129' title='bbox 2308 1775 2621 1843; x_wconf 89' lang='lat' dir='ltr'>Macedo·</span> 
     </span>
     <span class='ocr_line' id='line_1_16' title="bbox 372 1870 2623 1959; baseline 0.001 -19"><span class='ocrx_word' id='word_1_130' title='bbox 372 1877 546 1940; x_wconf 90' lang='lat' dir='ltr'>niam</span> <span class='ocrx_word' id='word_1_131' title='bbox 585 1887 698 1941; x_wconf 87' lang='lat' dir='ltr'>aut</span> <span class='ocrx_word' id='word_1_132' title='bbox 733 1876 1076 1939; x_wconf 89' lang='lat' dir='ltr'>Thraciam</span> <span class='ocrx_word' id='word_1_133' title='bbox 1106 1873 1386 1959; x_wconf 85' lang='lat' dir='ltr'>attingit,</span> <span class='ocrx_word' id='word_1_134' title='bbox 1436 1870 1826 1938; x_wconf 84' lang='lat' dir='ltr'>Graeciense</span> <span class='ocrx_word' id='word_1_135' title='bbox 1872 1897 1998 1958; x_wconf 92' lang='lat' dir='ltr'>qua</span> <span class='ocrx_word' id='word_1_136' title='bbox 2029 1874 2371 1941; x_wconf 86' lang='lat' dir='ltr'>Graeciam</span> <span class='ocrx_word' id='word_1_137' title='bbox 2400 1878 2623 1943; x_wconf 90' lang='lat' dir='ltr'>adluit.</span> 
     </span>
     <span class='ocr_line' id='line_1_17' title="bbox 371 1972 2621 2046; baseline 0.002 -5"><span class='ocrx_word' id='word_1_138' title='bbox 371 1976 541 2041; x_wconf 87' lang='lat' dir='ltr'>Nam</span> <span class='ocrx_word' id='word_1_139' title='bbox 585 1975 819 2041; x_wconf 86' lang='lat' dir='ltr'>Graeci</span> <span class='ocrx_word' id='word_1_140' title='bbox 865 1988 930 2040; x_wconf 88' lang='lat' dir='ltr'>et</span> <span class='ocrx_word' id='word_1_141' title='bbox 956 1974 1208 2040; x_wconf 91' lang='lat' dir='ltr'>Ionium</span> <span class='ocrx_word' id='word_1_142' title='bbox 1253 1974 1550 2038; x_wconf 87' lang='lat' dir='ltr'>dividunt</span> <span class='ocrx_word' id='word_1_143' title='bbox 1590 1975 1657 2038; x_wconf 94' lang='lat' dir='ltr'>in</span> <span class='ocrx_word' id='word_1_144' title='bbox 1703 1972 1993 2041; x_wconf 88' lang='lat' dir='ltr'>Siculum</span> <span class='ocrx_word' id='word_1_145' title='bbox 2037 1999 2114 2042; x_wconf 92' lang='lat' dir='ltr'>ac</span> <span class='ocrx_word' id='word_1_146' title='bbox 2163 1976 2495 2044; x_wconf 87' lang='lat' dir='ltr'>Creticum</span> <span class='ocrx_word' id='word_1_147' title='bbox 2539 1982 2621 2046; x_wconf 94' lang='lat' dir='ltr'>ab</span> 
     </span>
     <span class='ocr_line' id='line_1_18' title="bbox 369 2073 2618 2164; baseline 0.002 -22"><span class='ocrx_word' id='word_1_148' title='bbox 369 2077 627 2155; x_wconf 88' lang='lat' dir='ltr'>insulis,</span> <span class='ocrx_word' id='word_1_149' title='bbox 693 2078 847 2141; x_wconf 90' lang='lat' dir='ltr'>item</span> <span class='ocrx_word' id='word_1_150' title='bbox 890 2075 1172 2141; x_wconf 91' lang='lat' dir='ltr'>Icarium</span> <span class='ocrx_word' id='word_1_151' title='bbox 1226 2075 1398 2158; x_wconf 91' lang='lat' dir='ltr'>quod</span> <span class='ocrx_word' id='word_1_152' title='bbox 1453 2086 1550 2139; x_wconf 90' lang='lat' dir='ltr'>est</span> <span class='ocrx_word' id='word_1_153' title='bbox 1602 2075 1769 2139; x_wconf 90' lang='lat' dir='ltr'>inter</span> <span class='ocrx_word' id='word_1_154' title='bbox 1807 2073 2073 2141; x_wconf 85' lang='lat' dir='ltr'>Samum</span> <span class='ocrx_word' id='word_1_155' title='bbox 2120 2089 2185 2142; x_wconf 90' lang='lat' dir='ltr'>et</span> <span class='ocrx_word' id='word_1_156' title='bbox 2226 2078 2618 2164; x_wconf 86' lang='lat' dir='ltr'>Myconum3</span> 
     </span>
     <span class='ocr_line' id='line_1_19' title="bbox 372 2176 2620 2268; baseline 0.002 -23"><span class='ocrx_word' id='word_1_157' title='bbox 372 2191 588 2246; x_wconf 89' lang='lat' dir='ltr'>cetera</span> <span class='ocrx_word' id='word_1_158' title='bbox 627 2180 884 2244; x_wconf 88' lang='lat' dir='ltr'>nomina</span> <span class='ocrx_word' id='word_1_159' title='bbox 929 2178 1107 2243; x_wconf 90' lang='lat' dir='ltr'>sinus</span> <span class='ocrx_word' id='word_1_160' title='bbox 1151 2178 1388 2241; x_wconf 88' lang='lat' dir='ltr'>dedere</span> <span class='ocrx_word' id='word_1_161' title='bbox 1434 2200 1595 2261; x_wconf 92' lang='lat' dir='ltr'>quos</span> <span class='ocrx_word' id='word_1_162' title='bbox 1640 2176 1940 2243; x_wconf 88' lang='lat' dir='ltr'>diximus.</span> <span class='ocrx_word' id='word_1_163' title='bbox 1986 2178 2077 2243; x_wconf 90' lang='lat' dir='ltr'>Et</span> <span class='ocrx_word' id='word_1_164' title='bbox 2118 2182 2316 2247; x_wconf 91' lang='lat' dir='ltr'>maria</span> <span class='ocrx_word' id='word_1_165' title='bbox 2360 2185 2620 2268; x_wconf 88' lang='lat' dir='ltr'>quidem</span> 
     </span>
     <span class='ocr_line' id='line_1_20' title="bbox 370 2276 2617 2370; baseline 0.001 -25"><span class='ocrx_word' id='word_1_166' title='bbox 370 2291 726 2370; x_wconf 88' lang='lat' dir='ltr'>gentesque</span> <span class='ocrx_word' id='word_1_167' title='bbox 755 2280 824 2342; x_wconf 92' lang='lat' dir='ltr'>in</span> <span class='ocrx_word' id='word_1_168' title='bbox 854 2279 1042 2343; x_wconf 86' lang='lat' dir='ltr'>tertio</span> <span class='ocrx_word' id='word_1_169' title='bbox 1073 2276 1374 2361; x_wconf 90' lang='lat' dir='ltr'>Europae</span> <span class='ocrx_word' id='word_1_170' title='bbox 1419 2278 1562 2341; x_wconf 90' lang='lat' dir='ltr'>sinu</span> <span class='ocrx_word' id='word_1_171' title='bbox 1607 2278 1689 2341; x_wconf 92' lang='lat' dir='ltr'>ad</span> <span class='ocrx_word' id='word_1_172' title='bbox 1730 2278 1901 2342; x_wconf 92' lang='lat' dir='ltr'>hunc</span> <span class='ocrx_word' id='word_1_173' title='bbox 1943 2281 2203 2344; x_wconf 90' lang='lat' dir='ltr'>modum</span> <span class='ocrx_word' id='word_1_174' title='bbox 2249 2306 2317 2347; x_wconf 90' lang='lat' dir='ltr'>se</span> <span class='ocrx_word' id='word_1_175' title='bbox 2359 2285 2617 2350; x_wconf 88' lang='lat' dir='ltr'>habent.</span> 
     </span>
     <span class='ocr_line' id='line_1_21' title="bbox 409 2379 2711 2469; baseline 0.004 -27"><span class='ocrx_word' id='word_1_176' title='bbox 409 2441 412 2442; x_wconf 15' lang='lat'><em>⁷</em></span> <span class='ocrx_word' id='word_1_177' title='bbox 452 2381 617 2447; x_wconf 88' lang='lat' dir='ltr'>XII.</span> <span class='ocrx_word' id='word_1_178' title='bbox 682 2381 782 2445; x_wconf 89' lang='grc'>19.</span> <span class='ocrx_word' id='word_1_179' title='bbox 825 2379 1086 2447; x_wconf 86' lang='lat' dir='ltr'>Insulae</span> <span class='ocrx_word' id='word_1_180' title='bbox 1131 2388 1343 2443; x_wconf 90' lang='lat' dir='ltr'>autem</span> <span class='ocrx_word' id='word_1_181' title='bbox 1390 2400 1472 2443; x_wconf 87' lang='lat' dir='ltr'>ex</span> <span class='ocrx_word' id='word_1_182' title='bbox 1516 2379 1783 2444; x_wconf 54' lang='lat' dir='ltr'>adrerso</span> <span class='ocrx_word' id='word_1_183' title='bbox 1830 2379 2284 2467; x_wconf 88' lang='lat' dir='ltr'>Thesprotiae,</span> <span class='ocrx_word' id='word_1_184' title='bbox 2333 2381 2620 2469; x_wconf 86' lang='lat' dir='ltr'>Corcyra</span> <span class='ocrx_word' id='word_1_185' title='bbox 2649 2409 2711 2453; x_wconf 85' lang='lat'>52</span> 
     </span>
    </p>
   </div>
   <div class='ocr_carea' id='block_1_3' title="bbox 364 2533 2619 4218">
    <p class='ocr_par' dir='ltr' id='par_1_3' title="bbox 367 2533 2619 3206">
     <span class='ocr_line' id='line_1_22' title="bbox 438 2533 2618 2605; baseline 0 -15"><span class='ocrx_word' id='word_1_186' title='bbox 438 2543 573 2605; x_wconf 81' lang='lat'>§50.</span> <span class='ocrx_word' id='word_1_187' title='bbox 627 2539 853 2598; x_wconf 83' lang='lat' dir='ltr'>Melana,</span> <span class='ocrx_word' id='word_1_188' title='bbox 898 2538 971 2586; x_wconf 84' lang='lat' dir='ltr'>ita</span> <span class='ocrx_word' id='word_1_189' title='bbox 1016 2551 1111 2585; x_wconf 89' lang='lat' dir='ltr'>nos</span> <span class='ocrx_word' id='word_1_190' title='bbox 1157 2535 1464 2598; x_wconf 88' lang='lat' dir='ltr'>scripsimus.</span> <span class='ocrx_word' id='word_1_191' title='bbox 1541 2533 1777 2594; x_wconf 62' lang='lat' dir='ltr'>Dsalana,</span> <span class='ocrx_word' id='word_1_192' title='bbox 1803 2536 1870 2584; x_wconf 88' lang='lat' dir='ltr'>A.</span> <span class='ocrx_word' id='word_1_193' title='bbox 1923 2535 2078 2598; x_wconf 87' lang='lat' dir='ltr'>Mela,</span> <span class='ocrx_word' id='word_1_194' title='bbox 2113 2541 2160 2587; x_wconf 91' lang='lat' dir='ltr'>d.</span> <span class='ocrx_word' id='word_1_195' title='bbox 2237 2538 2517 2603; x_wconf 86' lang='lat' dir='ltr'>Masimum,</span> <span class='ocrx_word' id='word_1_196' title='bbox 2555 2544 2618 2592; x_wconf 89' lang='lat' dir='ltr'>R.</span> 
     </span>
     <span class='ocr_line' id='line_1_23' title="bbox 368 2598 2618 2671; baseline 0 -13"><span class='ocrx_word' id='word_1_197' title='bbox 368 2608 645 2668; x_wconf 85' lang='lat' dir='ltr'>Melamem,</span> <span class='ocrx_word' id='word_1_198' title='bbox 670 2620 717 2655; x_wconf 85' lang='grc' dir='ltr'><strong>σ.</strong></span> <span class='ocrx_word' id='word_1_199' title='bbox 762 2605 1025 2665; x_wconf 86' lang='lat' dir='ltr'>Melanem,</span> <span class='ocrx_word' id='word_1_200' title='bbox 1057 2598 1159 2667; x_wconf 78' lang='grc' dir='ltr'>βγ.</span> <span class='ocrx_word' id='word_1_201' title='bbox 1206 2642 1269 2651; x_wconf 82' lang='grc'><strong>-.</strong></span> <span class='ocrx_word' id='word_1_202' title='bbox 1322 2599 1502 2660; x_wconf 81' lang='lat' dir='ltr'>Coelos,</span> <span class='ocrx_word' id='word_1_203' title='bbox 1529 2602 1690 2650; x_wconf 86' lang='lat' dir='ltr'>omitt.</span> <span class='ocrx_word' id='word_1_204' title='bbox 1715 2603 1835 2651; x_wconf 87' lang='grc' dir='ltr'><strong>ΒΤ.</strong></span> <span class='ocrx_word' id='word_1_205' title='bbox 1884 2643 1946 2652; x_wconf 77' lang='grc'><strong>.-</strong></span> <span class='ocrx_word' id='word_1_206' title='bbox 1995 2604 2295 2668; x_wconf 83' lang='lat' dir='ltr'>Panormus,</span> <span class='ocrx_word' id='word_1_207' title='bbox 2320 2607 2388 2657; x_wconf 89' lang='lat' dir='ltr'>A.</span> <span class='ocrx_word' id='word_1_208' title='bbox 2438 2649 2500 2657; x_wconf 85' lang='lat'>...</span> <span class='ocrx_word' id='word_1_209' title='bbox 2554 2618 2618 2671; x_wconf 88' lang='lat' dir='ltr'>et,</span> 
     </span>
     <span class='ocr_line' id='line_1_24' title="bbox 369 2668 2619 2740; baseline 0 -15"><span class='ocrx_word' id='word_1_210' title='bbox 369 2692 470 2725; x_wconf 90' lang='lat' dir='ltr'>om.</span> <span class='ocrx_word' id='word_1_211' title='bbox 495 2676 561 2725; x_wconf 89' lang='lat' dir='ltr'>A.</span> <span class='ocrx_word' id='word_1_212' title='bbox 601 2715 663 2722; x_wconf 82' lang='grc'><strong>-.</strong></span> <span class='ocrx_word' id='word_1_213' title='bbox 698 2689 852 2737; x_wconf 85' lang='lat' dir='ltr'>supra</span> <span class='ocrx_word' id='word_1_214' title='bbox 876 2671 905 2732; x_wconf 66' lang='grc' dir='ltr'>ξ</span> <span class='ocrx_word' id='word_1_215' title='bbox 931 2678 1013 2721; x_wconf 83' lang='grc'><strong>48.</strong></span> <span class='ocrx_word' id='word_1_216' title='bbox 1061 2712 1125 2719; x_wconf 86' lang='grc'>...</span> <span class='ocrx_word' id='word_1_217' title='bbox 1168 2668 1389 2729; x_wconf 81' lang='lat' dir='ltr'>Edonus,</span> <span class='ocrx_word' id='word_1_218' title='bbox 1415 2671 1560 2718; x_wconf 88' lang='lat' dir='ltr'>codd.</span> <span class='ocrx_word' id='word_1_219' title='bbox 1582 2670 1810 2718; x_wconf 86' lang='lat' dir='ltr'>Barbari.</span> <span class='ocrx_word' id='word_1_220' title='bbox 1836 2712 1917 2736; x_wconf 67' lang='lat'>.—</span> <span class='ocrx_word' id='word_1_221' title='bbox 1974 2671 2305 2737; x_wconf 77' lang='lat' dir='ltr'>Ghyyemeros,</span> <span class='ocrx_word' id='word_1_222' title='bbox 2338 2676 2405 2723; x_wconf 90' lang='lat' dir='ltr'>A.</span> <span class='ocrx_word' id='word_1_223' title='bbox 2464 2672 2619 2740; x_wconf 77' lang='lat' dir='ltr'>Coky-</span> 
     </span>
     <span class='ocr_line' id='line_1_25' title="bbox 367 2735 2615 2808; baseline 0.001 -17"><span class='ocrx_word' id='word_1_224' title='bbox 367 2761 536 2802; x_wconf 86' lang='lat' dir='ltr'>moros,</span> <span class='ocrx_word' id='word_1_225' title='bbox 559 2745 622 2792; x_wconf 88' lang='lat' dir='ltr'>R.</span> <span class='ocrx_word' id='word_1_226' title='bbox 666 2738 1017 2805; x_wconf 77' lang='lat' dir='ltr'>Gokyyemores,</span> <span class='ocrx_word' id='word_1_227' title='bbox 1043 2741 1091 2786; x_wconf 90' lang='lat' dir='ltr'>d.</span> <span class='ocrx_word' id='word_1_228' title='bbox 1129 2778 1191 2785; x_wconf 83' lang='grc'><strong>-.</strong></span> <span class='ocrx_word' id='word_1_229' title='bbox 1228 2736 1454 2796; x_wconf 79' lang='lat' dir='ltr'>Meritus,</span> <span class='ocrx_word' id='word_1_230' title='bbox 1482 2739 1529 2785; x_wconf 89' lang='lat' dir='ltr'>d.</span> <span class='ocrx_word' id='word_1_231' title='bbox 1565 2735 1834 2799; x_wconf 78' lang='lat' dir='ltr'>Meritlzus,</span> <span class='ocrx_word' id='word_1_232' title='bbox 1857 2739 1925 2787; x_wconf 91' lang='lat' dir='ltr'>A.</span> <span class='ocrx_word' id='word_1_233' title='bbox 1953 2739 2066 2789; x_wconf 89' lang='lat' dir='ltr'>Om.</span> <span class='ocrx_word' id='word_1_234' title='bbox 2092 2742 2156 2789; x_wconf 90' lang='grc' dir='ltr'><strong>Β.</strong></span> <span class='ocrx_word' id='word_1_235' title='bbox 2195 2782 2257 2790; x_wconf 83' lang='grc'><strong>-..</strong></span> <span class='ocrx_word' id='word_1_236' title='bbox 2294 2741 2615 2808; x_wconf 75' lang='lat' dir='ltr'>Melamphyl-</span> 
     </span>
     <span class='ocr_line' id='line_1_26' title="bbox 369 2799 2616 2874; baseline 0 -15"><span class='ocrx_word' id='word_1_237' title='bbox 369 2810 681 2871; x_wconf 85' lang='lat' dir='ltr'>los,Barbar.</span> <span class='ocrx_word' id='word_1_238' title='bbox 708 2810 755 2856; x_wconf 92' lang='lat' dir='ltr'>d.</span> <span class='ocrx_word' id='word_1_239' title='bbox 801 2803 1206 2869; x_wconf 77' lang='lat' dir='ltr'>Melamphyllus,</span> <span class='ocrx_word' id='word_1_240' title='bbox 1231 2805 1298 2854; x_wconf 91' lang='lat' dir='ltr'>A.</span> <span class='ocrx_word' id='word_1_241' title='bbox 1344 2802 1720 2868; x_wconf 78' lang='lat' dir='ltr'>Melanplzyllos,</span> <span class='ocrx_word' id='word_1_242' title='bbox 1747 2799 1804 2853; x_wconf 83' lang='grc' dir='ltr'><strong>Θ.</strong></span> <span class='ocrx_word' id='word_1_243' title='bbox 1849 2803 2199 2871; x_wconf 85' lang='lat' dir='ltr'>Melampillus,</span> <span class='ocrx_word' id='word_1_244' title='bbox 2234 2809 2297 2858; x_wconf 96' lang='grc' dir='ltr'><strong>Β.</strong></span> <span class='ocrx_word' id='word_1_245' title='bbox 2342 2809 2616 2874; x_wconf 80' lang='lat' dir='ltr'>Melanpil-</span> 
     </span>
     <span class='ocr_line' id='line_1_27' title="bbox 371 2869 2615 2941; baseline 0 -16"><span class='ocrx_word' id='word_1_246' title='bbox 371 2875 461 2937; x_wconf 80' lang='lat' dir='ltr'>lus,</span> <span class='ocrx_word' id='word_1_247' title='bbox 485 2891 532 2924; x_wconf 86' lang='grc' dir='ltr'><strong>σ.</strong></span> <span class='ocrx_word' id='word_1_248' title='bbox 586 2874 944 2937; x_wconf 85' lang='lat' dir='ltr'>Merampillus‚</span> <span class='ocrx_word' id='word_1_249' title='bbox 979 2875 1039 2922; x_wconf 87' lang='grc' dir='ltr'>Τ.</span> <span class='ocrx_word' id='word_1_250' title='bbox 1096 2913 1158 2920; x_wconf 74' lang='lat'>.-</span> <span class='ocrx_word' id='word_1_251' title='bbox 1196 2869 1437 2933; x_wconf 85' lang='lat' dir='ltr'>fulmina,</span> <span class='ocrx_word' id='word_1_252' title='bbox 1470 2885 1518 2919; x_wconf 85' lang='grc' dir='ltr'><strong>σ.</strong></span> <span class='ocrx_word' id='word_1_253' title='bbox 1573 2912 1636 2920; x_wconf 79' lang='grc'><strong>-.</strong></span> <span class='ocrx_word' id='word_1_254' title='bbox 1690 2871 1910 2935; x_wconf 74' lang='lat' dir='ltr'>Baryus,</span> <span class='ocrx_word' id='word_1_255' title='bbox 1933 2874 2001 2922; x_wconf 89' lang='lat' dir='ltr'>A.</span> <span class='ocrx_word' id='word_1_256' title='bbox 2053 2874 2268 2941; x_wconf 77' lang='lat' dir='ltr'>Baryos,</span> <span class='ocrx_word' id='word_1_257' title='bbox 2292 2878 2356 2925; x_wconf 90' lang='grc' dir='ltr'><strong>Β.</strong></span> <span class='ocrx_word' id='word_1_258' title='bbox 2401 2878 2615 2940; x_wconf 76' lang='lat' dir='ltr'>Laryus,</span> 
     </span>
     <span class='ocr_line' id='line_1_28' title="bbox 370 2935 2611 3006; baseline -0 -13"><span class='ocrx_word' id='word_1_259' title='bbox 370 2945 473 2993; x_wconf 86' lang='lat' dir='ltr'>Td.</span> <span class='ocrx_word' id='word_1_260' title='bbox 530 2983 592 2990; x_wconf 80' lang='grc'><strong>.-</strong></span> <span class='ocrx_word' id='word_1_261' title='bbox 647 2941 865 3006; x_wconf 80' lang='lat' dir='ltr'>Syrmus,</span> <span class='ocrx_word' id='word_1_262' title='bbox 887 2941 957 2989; x_wconf 89' lang='lat' dir='ltr'>A.</span> <span class='ocrx_word' id='word_1_263' title='bbox 1012 2938 1201 3002; x_wconf 82' lang='lat' dir='ltr'>Symus,</span> <span class='ocrx_word' id='word_1_264' title='bbox 1224 2941 1286 2987; x_wconf 83' lang='lat' dir='ltr'>R.</span> <span class='ocrx_word' id='word_1_265' title='bbox 1342 2937 1496 2997; x_wconf 54' lang='lat' dir='ltr'>sinus,</span> <span class='ocrx_word' id='word_1_266' title='bbox 1522 2940 1626 2987; x_wconf 89' lang='lat' dir='ltr'>Td.</span> <span class='ocrx_word' id='word_1_267' title='bbox 1682 2938 1900 2999; x_wconf 84' lang='lat' dir='ltr'>Suemus,</span> <span class='ocrx_word' id='word_1_268' title='bbox 1924 2935 2025 3004; x_wconf 78' lang='grc' dir='ltr'>βγ.</span> <span class='ocrx_word' id='word_1_269' title='bbox 2064 2982 2126 2989; x_wconf 78' lang='grc'>-.</span> <span class='ocrx_word' id='word_1_270' title='bbox 2172 2942 2421 3004; x_wconf 79' lang='lat' dir='ltr'>Threciae,</span> <span class='ocrx_word' id='word_1_271' title='bbox 2446 2945 2510 2991; x_wconf 83' lang='lat' dir='ltr'>R.</span> <span class='ocrx_word' id='word_1_272' title='bbox 2549 2986 2611 2992; x_wconf 63' lang='lat'>‚-</span> 
     </span>
     <span class='ocr_line' id='line_1_29' title="bbox 369 3000 2614 3071; baseline 0 -12"><span class='ocrx_word' id='word_1_273' title='bbox 369 3019 454 3071; x_wconf 83' lang='lat' dir='ltr'>est,</span> <span class='ocrx_word' id='word_1_274' title='bbox 481 3003 600 3058; x_wconf 82' lang='grc' dir='ltr'><strong>ΑΘ.</strong></span> <span class='ocrx_word' id='word_1_275' title='bbox 639 3018 699 3068; x_wconf 86' lang='lat' dir='ltr'>et,</span> <span class='ocrx_word' id='word_1_276' title='bbox 725 3009 789 3056; x_wconf 84' lang='lat' dir='ltr'>R.</span> <span class='ocrx_word' id='word_1_277' title='bbox 834 3016 899 3065; x_wconf 87' lang='lat' dir='ltr'>ut,</span> <span class='ocrx_word' id='word_1_278' title='bbox 924 3008 1017 3055; x_wconf 83' lang='lat' dir='ltr'>Td</span> <span class='ocrx_word' id='word_1_279' title='bbox 1042 3003 1118 3066; x_wconf 86' lang='lat' dir='ltr'>(in</span> <span class='ocrx_word' id='word_1_280' title='bbox 1144 3002 1296 3064; x_wconf 89' lang='lat' dir='ltr'>corr.)</span> <span class='ocrx_word' id='word_1_281' title='bbox 1323 3006 1438 3055; x_wconf 92' lang='lat' dir='ltr'>Om.</span> <span class='ocrx_word' id='word_1_282' title='bbox 1462 3000 1520 3065; x_wconf 77' lang='grc' dir='ltr'><strong>β.</strong></span> <span class='ocrx_word' id='word_1_283' title='bbox 1569 3046 1632 3053; x_wconf 83' lang='grc'><strong>.,..</strong></span> <span class='ocrx_word' id='word_1_284' title='bbox 1678 3021 1828 3068; x_wconf 82' lang='lat' dir='ltr'>supra</span> <span class='ocrx_word' id='word_1_285' title='bbox 1869 3005 1898 3066; x_wconf 65' lang='grc' dir='ltr'>ἓ</span> <span class='ocrx_word' id='word_1_286' title='bbox 1925 3013 2006 3055; x_wconf 85' lang='grc'><strong>46.</strong></span> <span class='ocrx_word' id='word_1_287' title='bbox 2053 3007 2187 3057; x_wconf 89' lang='lat' dir='ltr'>Add.</span> <span class='ocrx_word' id='word_1_288' title='bbox 2212 3010 2398 3057; x_wconf 90' lang='lat' dir='ltr'>Dicuil.</span> <span class='ocrx_word' id='word_1_289' title='bbox 2425 3010 2466 3057; x_wconf 92' lang='lat'>1.</span> <span class='ocrx_word' id='word_1_290' title='bbox 2494 3015 2540 3070; x_wconf 84' lang='lat'>6,</span> <span class='ocrx_word' id='word_1_291' title='bbox 2571 3016 2614 3059; x_wconf 92' lang='lat'>1.</span> 
     </span>
     <span class='ocr_line' id='line_1_30' title="bbox 369 3069 2613 3136; baseline -0 -10"><span class='ocrx_word' id='word_1_292' title='bbox 369 3118 434 3126; x_wconf 82' lang='grc'><strong>-</strong></span> <span class='ocrx_word' id='word_1_293' title='bbox 478 3072 995 3133; x_wconf 80' lang='lat' dir='ltr'>CCCLXXXIIII,</span> <span class='ocrx_word' id='word_1_294' title='bbox 1037 3073 1145 3122; x_wconf 85' lang='grc' dir='ltr'><strong>Ασ.</strong></span> <span class='ocrx_word' id='word_1_295' title='bbox 1206 3069 1665 3132; x_wconf 82' lang='lat' dir='ltr'>CCLXXXIIII,</span> <span class='ocrx_word' id='word_1_296' title='bbox 1706 3074 1914 3136; x_wconf 84' lang='lat' dir='ltr'>RTdr.</span> <span class='ocrx_word' id='word_1_297' title='bbox 1976 3071 2384 3136; x_wconf 81' lang='lat' dir='ltr'>CCCLXXXI,</span> <span class='ocrx_word' id='word_1_298' title='bbox 2423 3077 2613 3126; x_wconf 88' lang='lat' dir='ltr'>Dicuil.</span> 
     </span>
     <span class='ocr_line' id='line_1_31' title="bbox 371 3134 1228 3206; baseline -0.005 -14"><span class='ocrx_word' id='word_1_299' title='bbox 371 3152 683 3193; x_wconf 79' lang='lat' dir='ltr'>trecentorum</span> <span class='ocrx_word' id='word_1_300' title='bbox 708 3141 946 3206; x_wconf 77' lang='lat' dir='ltr'>octoyinta</span> <span class='ocrx_word' id='word_1_301' title='bbox 972 3142 1129 3200; x_wconf 83' lang='lat' dir='ltr'>trium,</span> <span class='ocrx_word' id='word_1_302' title='bbox 1153 3134 1228 3199; x_wconf 78' lang='grc' dir='ltr'><strong>β.</strong></span> 
     </span>
    </p>

    <p class='ocr_par' dir='ltr' id='par_1_4' title="bbox 366 3206 2612 3746">
     <span class='ocr_line' id='line_1_32' title="bbox 435 3206 2603 3275; baseline 0.001 -15"><span class='ocrx_word' id='word_1_303' title='bbox 435 3213 464 3275; x_wconf 68' lang='lat'>5</span> <span class='ocrx_word' id='word_1_304' title='bbox 491 3217 570 3261; x_wconf 91' lang='grc'><strong>51.</strong></span> <span class='ocrx_word' id='word_1_305' title='bbox 614 3210 811 3271; x_wconf 82' lang='lat' dir='ltr'>Tenum,</span> <span class='ocrx_word' id='word_1_306' title='bbox 830 3209 1022 3259; x_wconf 77' lang='lat' dir='ltr'>ASdcr</span> <span class='ocrx_word' id='word_1_307' title='bbox 1062 3206 1235 3269; x_wconf 84' lang='lat' dir='ltr'>(codd.</span> <span class='ocrx_word' id='word_1_308' title='bbox 1269 3206 1483 3256; x_wconf 86' lang='lat' dir='ltr'>Salmas.</span> <span class='ocrx_word' id='word_1_309' title='bbox 1527 3221 1690 3256; x_wconf 84' lang='lat' dir='ltr'>exerc.</span> <span class='ocrx_word' id='word_1_310' title='bbox 1722 3221 1772 3269; x_wconf 86' lang='lat' dir='ltr'>p.</span> <span class='ocrx_word' id='word_1_311' title='bbox 1804 3213 1915 3257; x_wconf 88' lang='grc'><strong>118.</strong></span> <span class='ocrx_word' id='word_1_312' title='bbox 1948 3224 1992 3257; x_wconf 87' lang='lat' dir='ltr'>a.</span> <span class='ocrx_word' id='word_1_313' title='bbox 2031 3208 2091 3258; x_wconf 87' lang='lat' dir='ltr'>C.</span> <span class='ocrx_word' id='word_1_314' title='bbox 2117 3218 2167 3258; x_wconf 84' lang='lat' dir='ltr'>et</span> <span class='ocrx_word' id='word_1_315' title='bbox 2189 3207 2347 3272; x_wconf 84' lang='lat' dir='ltr'>Rob.)</span> <span class='ocrx_word' id='word_1_316' title='bbox 2413 3210 2603 3273; x_wconf 82' lang='lat' dir='ltr'>Cenum,</span> 
     </span>
     <span class='ocr_line' id='line_1_33' title="bbox 366 3272 2603 3340; baseline 0 -12"><span class='ocrx_word' id='word_1_317' title='bbox 366 3278 487 3328; x_wconf 87' lang='grc' dir='ltr'><strong>ΒΤ.</strong></span> <span class='ocrx_word' id='word_1_318' title='bbox 545 3278 781 3339; x_wconf 81' lang='lat' dir='ltr'>Tenedon,</span> <span class='ocrx_word' id='word_1_319' title='bbox 805 3272 863 3338; x_wconf 83' lang='grc' dir='ltr'><strong>β.</strong></span> <span class='ocrx_word' id='word_1_320' title='bbox 916 3277 1091 3338; x_wconf 85' lang='lat' dir='ltr'>Atque</span> <span class='ocrx_word' id='word_1_321' title='bbox 1114 3276 1187 3324; x_wconf 85' lang='lat' dir='ltr'>ita</span> <span class='ocrx_word' id='word_1_322' title='bbox 1209 3274 1371 3325; x_wconf 91' lang='lat' dir='ltr'>Solin.</span> <span class='ocrx_word' id='word_1_323' title='bbox 1401 3279 1482 3334; x_wconf 89' lang='grc'>11,</span> <span class='ocrx_word' id='word_1_324' title='bbox 1512 3279 1554 3323; x_wconf 94' lang='grc'><strong>1.</strong></span> <span class='ocrx_word' id='word_1_325' title='bbox 1592 3282 1642 3323; x_wconf 84' lang='lat' dir='ltr'>et</span> <span class='ocrx_word' id='word_1_326' title='bbox 1680 3276 1918 3325; x_wconf 85' lang='lat' dir='ltr'>Martian.</span> <span class='ocrx_word' id='word_1_327' title='bbox 1963 3281 2009 3335; x_wconf 87' lang='grc'>6,</span> <span class='ocrx_word' id='word_1_328' title='bbox 2055 3282 2168 3326; x_wconf 87' lang='grc'><strong>658.</strong></span> <span class='ocrx_word' id='word_1_329' title='bbox 2224 3318 2288 3328; x_wconf 84' lang='grc'>...</span> <span class='ocrx_word' id='word_1_330' title='bbox 2343 3276 2492 3340; x_wconf 73' lang='lat' dir='ltr'>bium,</span> <span class='ocrx_word' id='word_1_331' title='bbox 2534 3281 2603 3330; x_wconf 91' lang='lat' dir='ltr'>A.</span> 
     </span>
     <span class='ocr_line' id='line_1_34' title="bbox 368 3342 2611 3409; baseline 0 -14"><span class='ocrx_word' id='word_1_332' title='bbox 368 3387 431 3395; x_wconf 88' lang='lat'>....</span> <span class='ocrx_word' id='word_1_333' title='bbox 468 3346 592 3406; x_wconf 80' lang='lat' dir='ltr'>Aex,</span> <span class='ocrx_word' id='word_1_334' title='bbox 615 3346 825 3395; x_wconf 87' lang='lat' dir='ltr'>Barbar.</span> <span class='ocrx_word' id='word_1_335' title='bbox 862 3360 921 3392; x_wconf 91' lang='lat' dir='ltr'>ea</span> <span class='ocrx_word' id='word_1_336' title='bbox 944 3359 1018 3404; x_wconf 80' lang='lat' dir='ltr'>ex,</span> <span class='ocrx_word' id='word_1_337' title='bbox 1042 3342 1208 3391; x_wconf 86' lang='lat' dir='ltr'>RAd.</span> <span class='ocrx_word' id='word_1_338' title='bbox 1248 3357 1308 3389; x_wconf 79' lang='lat' dir='ltr'>ex</span> <span class='ocrx_word' id='word_1_339' title='bbox 1331 3357 1401 3403; x_wconf 92' lang='lat' dir='ltr'>eo,</span> <span class='ocrx_word' id='word_1_340' title='bbox 1427 3355 1474 3389; x_wconf 83' lang='grc' dir='ltr'><strong>σ.</strong></span> <span class='ocrx_word' id='word_1_341' title='bbox 1523 3357 1689 3405; x_wconf 77' lang='lat' dir='ltr'>eyaex,</span> <span class='ocrx_word' id='word_1_342' title='bbox 1714 3342 1847 3390; x_wconf 86' lang='lat' dir='ltr'>Rob.</span> <span class='ocrx_word' id='word_1_343' title='bbox 1896 3383 1958 3392; x_wconf 88' lang='lat'>...</span> <span class='ocrx_word' id='word_1_344' title='bbox 2006 3361 2040 3392; x_wconf 87' lang='lat' dir='ltr'>a</span> <span class='ocrx_word' id='word_1_345' title='bbox 2070 3342 2288 3406; x_wconf 82' lang='lat' dir='ltr'>Graecis,</span> <span class='ocrx_word' id='word_1_346' title='bbox 2313 3347 2401 3396; x_wconf 85' lang='lat' dir='ltr'>Td</span> <span class='ocrx_word' id='word_1_347' title='bbox 2425 3344 2611 3409; x_wconf 64' lang='grc' dir='ltr'><strong>(Βοὴ.)</strong></span> 
     </span>
     <span class='ocr_line' id='line_1_35' title="bbox 369 3403 2612 3475; baseline 0.001 -14"><span class='ocrx_word' id='word_1_348' title='bbox 369 3452 433 3461; x_wconf 79' lang='grc'>..</span> <span class='ocrx_word' id='word_1_349' title='bbox 471 3428 496 3459; x_wconf 90' lang='lat' dir='ltr'>e</span> <span class='ocrx_word' id='word_1_350' title='bbox 517 3411 685 3473; x_wconf 81' lang='lat' dir='ltr'>medio,</span> <span class='ocrx_word' id='word_1_351' title='bbox 709 3403 880 3460; x_wconf 83' lang='grc' dir='ltr'>ΒΑΘ</span> <span class='ocrx_word' id='word_1_352' title='bbox 913 3408 1095 3472; x_wconf 80' lang='lat' dir='ltr'>(Rob.)</span> <span class='ocrx_word' id='word_1_353' title='bbox 1143 3408 1379 3471; x_wconf 83' lang='lat' dir='ltr'>immedio,</span> <span class='ocrx_word' id='word_1_354' title='bbox 1404 3412 1452 3458; x_wconf 89' lang='lat' dir='ltr'>d.</span> <span class='ocrx_word' id='word_1_355' title='bbox 1503 3410 1556 3457; x_wconf 86' lang='lat' dir='ltr'>in</span> <span class='ocrx_word' id='word_1_356' title='bbox 1582 3408 1750 3469; x_wconf 81' lang='lat' dir='ltr'>medio,</span> <span class='ocrx_word' id='word_1_357' title='bbox 1774 3404 1832 3469; x_wconf 78' lang='grc' dir='ltr'><strong>β.</strong></span> <span class='ocrx_word' id='word_1_358' title='bbox 1879 3452 1942 3459; x_wconf 84' lang='grc'>-</span> <span class='ocrx_word' id='word_1_359' title='bbox 1989 3411 2182 3472; x_wconf 72' lang='lat' dir='ltr'>exiiens,</span> <span class='ocrx_word' id='word_1_360' title='bbox 2216 3413 2284 3462; x_wconf 86' lang='lat' dir='ltr'>A.</span> <span class='ocrx_word' id='word_1_361' title='bbox 2332 3454 2395 3463; x_wconf 87' lang='grc'><strong>....</strong></span> <span class='ocrx_word' id='word_1_362' title='bbox 2442 3416 2519 3475; x_wconf 90' lang='lat' dir='ltr'>ab,</span> <span class='ocrx_word' id='word_1_363' title='bbox 2543 3416 2612 3465; x_wconf 92' lang='lat' dir='ltr'>A.</span> 
     </span>
     <span class='ocr_line' id='line_1_36' title="bbox 368 3472 2611 3542; baseline 0.001 -15"><span class='ocrx_word' id='word_1_364' title='bbox 368 3495 417 3539; x_wconf 86' lang='lat' dir='ltr'>a,</span> <span class='ocrx_word' id='word_1_365' title='bbox 441 3474 639 3542; x_wconf 79' lang='grc' dir='ltr'><strong>Βᾱβγ.</strong></span> <span class='ocrx_word' id='word_1_366' title='bbox 696 3520 758 3526; x_wconf 83' lang='grc'><strong>-</strong></span> <span class='ocrx_word' id='word_1_367' title='bbox 813 3478 1032 3539; x_wconf 77' lang='lat' dir='ltr'>dextera,</span> <span class='ocrx_word' id='word_1_368' title='bbox 1059 3477 1183 3528; x_wconf 90' lang='grc' dir='ltr'><strong>ΒΑ.</strong></span> <span class='ocrx_word' id='word_1_369' title='bbox 1237 3477 1430 3537; x_wconf 77' lang='lat' dir='ltr'>dea-tra,</span> <span class='ocrx_word' id='word_1_370' title='bbox 1456 3472 1541 3538; x_wconf 77' lang='grc' dir='ltr'>ᾱβ</span> <span class='ocrx_word' id='word_1_371' title='bbox 1549 3490 1599 3540; x_wconf 83' lang='lat' dir='ltr'>r.</span> <span class='ocrx_word' id='word_1_372' title='bbox 1654 3518 1716 3525; x_wconf 87' lang='grc'>-.</span> <span class='ocrx_word' id='word_1_373' title='bbox 1773 3479 2067 3541; x_wconf 76' lang='lat' dir='ltr'>naviyantis,</span> <span class='ocrx_word' id='word_1_374' title='bbox 2093 3481 2156 3529; x_wconf 88' lang='grc' dir='ltr'><strong>Β.</strong></span> <span class='ocrx_word' id='word_1_375' title='bbox 2204 3521 2267 3530; x_wconf 87' lang='lat'>...</span> <span class='ocrx_word' id='word_1_376' title='bbox 2325 3480 2407 3541; x_wconf 83' lang='lat' dir='ltr'>ad,</span> <span class='ocrx_word' id='word_1_377' title='bbox 2430 3482 2499 3530; x_wconf 83' lang='lat' dir='ltr'>A.</span> <span class='ocrx_word' id='word_1_378' title='bbox 2548 3522 2611 3530; x_wconf 82' lang='grc'><strong>-.</strong></span> 
     </span>
     <span class='ocr_line' id='line_1_37' title="bbox 367 3543 2610 3612; baseline 0.001 -18"><span class='ocrx_word' id='word_1_379' title='bbox 367 3544 564 3610; x_wconf 74' lang='lat' dir='ltr'>Myrtoo</span> <span class='ocrx_word' id='word_1_380' title='bbox 587 3545 752 3605; x_wconf 83' lang='lat' dir='ltr'>datur,</span> <span class='ocrx_word' id='word_1_381' title='bbox 774 3547 984 3595; x_wconf 87' lang='lat' dir='ltr'>Barbar.</span> <span class='ocrx_word' id='word_1_382' title='bbox 1008 3545 1118 3594; x_wconf 92' lang='lat' dir='ltr'>Ad.</span> <span class='ocrx_word' id='word_1_383' title='bbox 1166 3544 1326 3594; x_wconf 73' lang='lat' dir='ltr'>Mtoo</span> <span class='ocrx_word' id='word_1_384' title='bbox 1362 3544 1524 3605; x_wconf 85' lang='lat' dir='ltr'>datus,</span> <span class='ocrx_word' id='word_1_385' title='bbox 1557 3546 1618 3595; x_wconf 93' lang='grc' dir='ltr'><strong>Β.</strong></span> <span class='ocrx_word' id='word_1_386' title='bbox 1663 3543 2006 3609; x_wconf 85' lang='lat' dir='ltr'>Myroodatus,</span> <span class='ocrx_word' id='word_1_387' title='bbox 2042 3561 2089 3596; x_wconf 83' lang='grc' dir='ltr'><strong>σ.</strong></span> <span class='ocrx_word' id='word_1_388' title='bbox 2133 3547 2397 3612; x_wconf 75' lang='lat' dir='ltr'>Myrtoum,</span> <span class='ocrx_word' id='word_1_389' title='bbox 2431 3548 2498 3597; x_wconf 91' lang='lat' dir='ltr'>K.</span> <span class='ocrx_word' id='word_1_390' title='bbox 2548 3588 2610 3597; x_wconf 71' lang='grc'>.-</span> 
     </span>
     <span class='ocr_line' id='line_1_38' title="bbox 369 3611 2610 3674; baseline 0.001 -13"><span class='ocrx_word' id='word_1_391' title='bbox 369 3629 405 3661; x_wconf 83' lang='grc' dir='ltr'><em>α</em></span> <span class='ocrx_word' id='word_1_392' title='bbox 433 3612 684 3674; x_wconf 78' lang='lat' dir='ltr'>Geraesto,</span> <span class='ocrx_word' id='word_1_393' title='bbox 719 3615 765 3662; x_wconf 92' lang='lat' dir='ltr'>d.</span> <span class='ocrx_word' id='word_1_394' title='bbox 812 3631 845 3661; x_wconf 89' lang='lat' dir='ltr'>a</span> <span class='ocrx_word' id='word_1_395' title='bbox 876 3611 1062 3672; x_wconf 77' lang='lat' dir='ltr'>GrestO,</span> <span class='ocrx_word' id='word_1_396' title='bbox 1087 3612 1153 3661; x_wconf 91' lang='lat' dir='ltr'>A.</span> <span class='ocrx_word' id='word_1_397' title='bbox 1200 3613 1382 3661; x_wconf 80' lang='lat' dir='ltr'>maiore</span> <span class='ocrx_word' id='word_1_398' title='bbox 1405 3621 1555 3672; x_wconf 81' lang='lat' dir='ltr'>aestu,</span> <span class='ocrx_word' id='word_1_399' title='bbox 1580 3613 1670 3662; x_wconf 70' lang='lat'>3².</span> <span class='ocrx_word' id='word_1_400' title='bbox 1707 3630 1741 3661; x_wconf 88' lang='lat' dir='ltr'>a</span> <span class='ocrx_word' id='word_1_401' title='bbox 1770 3611 2005 3663; x_wconf 77' lang='lat' dir='ltr'>Geraesto</span> <span class='ocrx_word' id='word_1_402' title='bbox 2030 3656 2092 3663; x_wconf 76' lang='lat'>..-</span> <span class='ocrx_word' id='word_1_403' title='bbox 2117 3614 2483 3664; x_wconf 85' lang='lat' dir='ltr'>Macedonicum</span> <span class='ocrx_word' id='word_1_404' title='bbox 2509 3630 2610 3663; x_wconf 89' lang='lat' dir='ltr'>om.</span> 
     </span>
     <span class='ocr_line' id='line_1_39' title="bbox 366 3673 2608 3746; baseline 0 -16"><span class='ocrx_word' id='word_1_405' title='bbox 366 3682 457 3730; x_wconf 55' lang='grc' dir='ltr'>ΒΚ</span> <span class='ocrx_word' id='word_1_406' title='bbox 494 3721 557 3729; x_wconf 80' lang='grc'><strong>-.</strong></span> <span class='ocrx_word' id='word_1_407' title='bbox 603 3679 822 3745; x_wconf 80' lang='lat' dir='ltr'>Caryste,</span> <span class='ocrx_word' id='word_1_408' title='bbox 848 3679 973 3729; x_wconf 85' lang='grc' dir='ltr'><strong>ΒΑ.</strong></span> <span class='ocrx_word' id='word_1_409' title='bbox 1008 3677 1246 3743; x_wconf 74' lang='lat' dir='ltr'>Eyirusa,</span> <span class='ocrx_word' id='word_1_410' title='bbox 1271 3681 1373 3728; x_wconf 89' lang='lat' dir='ltr'>Td.</span> <span class='ocrx_word' id='word_1_411' title='bbox 1413 3721 1473 3728; x_wconf 71' lang='grc'>-</span> <span class='ocrx_word' id='word_1_412' title='bbox 1514 3695 1818 3743; x_wconf 83' lang='lat' dir='ltr'>quacunque,</span> <span class='ocrx_word' id='word_1_413' title='bbox 1842 3681 1895 3729; x_wconf 92' lang='lat' dir='ltr'>A</span> <span class='ocrx_word' id='word_1_414' title='bbox 1913 3673 1954 3726; x_wconf 82' lang='grc' dir='ltr'>θ</span> <span class='ocrx_word' id='word_1_415' title='bbox 1978 3678 2164 3741; x_wconf 85' lang='lat' dir='ltr'>(Rob.)</span> <span class='ocrx_word' id='word_1_416' title='bbox 2202 3697 2522 3746; x_wconf 80' lang='lat' dir='ltr'>quaecunque,</span> <span class='ocrx_word' id='word_1_417' title='bbox 2547 3682 2608 3730; x_wconf 90' lang='grc' dir='ltr'><strong>Β.</strong></span> 
     </span>
    </p>

    <p class='ocr_par' dir='ltr' id='par_1_5' title="bbox 364 3742 2611 4076">
     <span class='ocr_line' id='line_1_40' title="bbox 400 3742 2611 3812; baseline 0.001 -15"><span class='ocrx_word' id='word_1_418' title='bbox 400 3747 699 3812; x_wconf 81' lang='lat' dir='ltr'>uodcunque,</span> <span class='ocrx_word' id='word_1_419' title='bbox 724 3742 824 3807; x_wconf 68' lang='lat' dir='ltr'>dss.</span> <span class='ocrx_word' id='word_1_420' title='bbox 862 3753 934 3795; x_wconf 78' lang='grc'><strong>.-.“</strong></span> <span class='ocrx_word' id='word_1_421' title='bbox 970 3745 1238 3807; x_wconf 74' lang='lat' dir='ltr'>Threciam,</span> <span class='ocrx_word' id='word_1_422' title='bbox 1263 3748 1326 3795; x_wconf 91' lang='grc' dir='ltr'><strong>Β.</strong></span> <span class='ocrx_word' id='word_1_423' title='bbox 1366 3788 1427 3795; x_wconf 76' lang='grc'>..</span> <span class='ocrx_word' id='word_1_424' title='bbox 1476 3746 1649 3808; x_wconf 77' lang='lat' dir='ltr'>abluit,</span> <span class='ocrx_word' id='word_1_425' title='bbox 1674 3749 1764 3796; x_wconf 78' lang='lat' dir='ltr'>R1.</span> <span class='ocrx_word' id='word_1_426' title='bbox 1810 3788 1873 3797; x_wconf 80' lang='grc'>-..</span> <span class='ocrx_word' id='word_1_427' title='bbox 1927 3747 2120 3808; x_wconf 85' lang='lat' dir='ltr'>Graeci,</span> <span class='ocrx_word' id='word_1_428' title='bbox 2145 3749 2250 3798; x_wconf 82' lang='lat' dir='ltr'>Rd.</span> <span class='ocrx_word' id='word_1_429' title='bbox 2305 3747 2533 3807; x_wconf 82' lang='lat' dir='ltr'>Graecia,</span> <span class='ocrx_word' id='word_1_430' title='bbox 2557 3749 2611 3799; x_wconf 93' lang='lat' dir='ltr'>A</span> 
     </span>
     <span class='ocr_line' id='line_1_41' title="bbox 366 3766 2608 3879; baseline -0 -13"><span class='ocrx_word' id='word_1_431' title='bbox 366 3766 551 3878; x_wconf 63' lang='grc' dir='ltr'><strong>ἕΒοῢ.)</strong></span> <span class='ocrx_word' id='word_1_432' title='bbox 599 3856 661 3864; x_wconf 82' lang='grc'><strong>-.</strong></span> <span class='ocrx_word' id='word_1_433' title='bbox 711 3815 947 3874; x_wconf 82' lang='lat' dir='ltr'>Ionicum,</span> <span class='ocrx_word' id='word_1_434' title='bbox 972 3815 1045 3863; x_wconf 72' lang='lat'>(1¹.</span> <span class='ocrx_word' id='word_1_435' title='bbox 1090 3813 1275 3870; x_wconf 85' lang='lat' dir='ltr'>Ionum,</span> <span class='ocrx_word' id='word_1_436' title='bbox 1303 3814 1370 3862; x_wconf 91' lang='lat' dir='ltr'>A.</span> <span class='ocrx_word' id='word_1_437' title='bbox 1418 3855 1479 3862; x_wconf 81' lang='grc'><strong>-.</strong></span> <span class='ocrx_word' id='word_1_438' title='bbox 1533 3813 1786 3875; x_wconf 82' lang='lat' dir='ltr'>Oreticum,</span> <span class='ocrx_word' id='word_1_439' title='bbox 1812 3816 1900 3864; x_wconf 79' lang='lat' dir='ltr'>R1.</span> <span class='ocrx_word' id='word_1_440' title='bbox 1944 3814 2198 3875; x_wconf 83' lang='lat' dir='ltr'>Redicum,</span> <span class='ocrx_word' id='word_1_441' title='bbox 2222 3815 2291 3865; x_wconf 91' lang='lat' dir='ltr'>A.</span> <span class='ocrx_word' id='word_1_442' title='bbox 2338 3856 2400 3864; x_wconf 78' lang='grc'>,..</span> <span class='ocrx_word' id='word_1_443' title='bbox 2436 3814 2608 3879; x_wconf 86' lang='lat' dir='ltr'>Myco-</span> 
     </span>
     <span class='ocr_line' id='line_1_42' title="bbox 366 3879 2610 3945; baseline 0 -13"><span class='ocrx_word' id='word_1_444' title='bbox 366 3900 490 3943; x_wconf 86' lang='lat' dir='ltr'>num,</span> <span class='ocrx_word' id='word_1_445' title='bbox 517 3885 549 3931; x_wconf 90' lang='lat' dir='ltr'>d</span> <span class='ocrx_word' id='word_1_446' title='bbox 576 3879 760 3945; x_wconf 80' lang='lat' dir='ltr'>(Rob.)</span> <span class='ocrx_word' id='word_1_447' title='bbox 798 3881 1059 3941; x_wconf 88' lang='lat' dir='ltr'>Miconum,</span> <span class='ocrx_word' id='word_1_448' title='bbox 1084 3880 1209 3931; x_wconf 90' lang='grc' dir='ltr'><strong>ΒΑ.</strong></span> <span class='ocrx_word' id='word_1_449' title='bbox 1246 3880 1515 3945; x_wconf 86' lang='lat' dir='ltr'>.Myconem,</span> <span class='ocrx_word' id='word_1_450' title='bbox 1533 3882 1640 3930; x_wconf 85' lang='grc' dir='ltr'><strong>Κσ.</strong></span> <span class='ocrx_word' id='word_1_451' title='bbox 1668 3921 1731 3930; x_wconf 85' lang='grc'><strong>-.</strong></span> <span class='ocrx_word' id='word_1_452' title='bbox 1769 3879 1970 3941; x_wconf 83' lang='lat' dir='ltr'>dedere,</span> <span class='ocrx_word' id='word_1_453' title='bbox 1997 3897 2098 3930; x_wconf 88' lang='lat' dir='ltr'>om.</span> <span class='ocrx_word' id='word_1_454' title='bbox 2123 3884 2212 3931; x_wconf 69' lang='lat' dir='ltr'>R‘.</span> <span class='ocrx_word' id='word_1_455' title='bbox 2261 3923 2323 3931; x_wconf 68' lang='grc'>,-</span> <span class='ocrx_word' id='word_1_456' title='bbox 2379 3881 2610 3944; x_wconf 75' lang='lat' dir='ltr'>diximus,</span> 
     </span>
     <span class='ocr_line' id='line_1_43' title="bbox 365 3948 2610 4013; baseline 0 -14"><span class='ocrx_word' id='word_1_457' title='bbox 365 3951 441 3999; x_wconf 84' lang='lat' dir='ltr'>uti</span> <span class='ocrx_word' id='word_1_458' title='bbox 463 3950 879 4012; x_wconf 85' lang='lat' dir='ltr'>Corinthiacum,</span> <span class='ocrx_word' id='word_1_459' title='bbox 931 3948 1255 4008; x_wconf 86' lang='lat' dir='ltr'>Saronicum,</span> <span class='ocrx_word' id='word_1_460' title='bbox 1290 3949 1620 4008; x_wconf 86' lang='lat' dir='ltr'>Laconicum,</span> <span class='ocrx_word' id='word_1_461' title='bbox 1673 3949 1816 3997; x_wconf 80' lang='lat' dir='ltr'>alios.</span> <span class='ocrx_word' id='word_1_462' title='bbox 1872 3990 1933 3997; x_wconf 75' lang='grc'>-.</span> <span class='ocrx_word' id='word_1_463' title='bbox 1986 3958 2262 4013; x_wconf 60' lang='lat' dir='ltr'>flentesque,</span> <span class='ocrx_word' id='word_1_464' title='bbox 2307 3950 2374 3999; x_wconf 91' lang='lat' dir='ltr'>A.</span> <span class='ocrx_word' id='word_1_465' title='bbox 2427 3960 2610 4013; x_wconf 75' lang='lat' dir='ltr'>qentes,</span> 
     </span>
     <span class='ocr_line' id='line_1_44' title="bbox 364 4018 923 4076; baseline -0.004 -10"><span class='ocrx_word' id='word_1_466' title='bbox 364 4019 475 4066; x_wconf 81' lang='lat' dir='ltr'>Rd.</span> <span class='ocrx_word' id='word_1_467' title='bbox 517 4058 578 4066; x_wconf 80' lang='grc'><strong>.-.</strong></span> <span class='ocrx_word' id='word_1_468' title='bbox 616 4018 808 4076; x_wconf 77' lang='lat' dir='ltr'>habens,</span> <span class='ocrx_word' id='word_1_469' title='bbox 832 4018 923 4066; x_wconf 69' lang='lat'>13¹.</span> 
     </span>
    </p>

    <p class='ocr_par' dir='ltr' id='par_1_6' title="bbox 366 4079 2608 4218">
     <span class='ocr_line' id='line_1_45' title="bbox 434 4079 2608 4148; baseline 0 -15"><span class='ocrx_word' id='word_1_470' title='bbox 434 4086 462 4148; x_wconf 66' lang='grc' dir='ltr'><strong>ξ</strong></span> <span class='ocrx_word' id='word_1_471' title='bbox 490 4091 568 4133; x_wconf 85' lang='grc'><strong>52.</strong></span> <span class='ocrx_word' id='word_1_472' title='bbox 606 4084 798 4145; x_wconf 83' lang='lat' dir='ltr'>Insula,</span> <span class='ocrx_word' id='word_1_473' title='bbox 823 4084 1011 4135; x_wconf 86' lang='lat' dir='ltr'>Sabell.</span> <span class='ocrx_word' id='word_1_474' title='bbox 1051 4126 1112 4132; x_wconf 75' lang='lat'>-</span> <span class='ocrx_word' id='word_1_475' title='bbox 1157 4079 1381 4146; x_wconf 80' lang='lat' dir='ltr'>Corcyra,</span> <span class='ocrx_word' id='word_1_476' title='bbox 1406 4083 1517 4131; x_wconf 82' lang='lat' dir='ltr'>Rd.</span> <span class='ocrx_word' id='word_1_477' title='bbox 1554 4082 1730 4132; x_wconf 83' lang='lat' dir='ltr'>Omitt.</span> <span class='ocrx_word' id='word_1_478' title='bbox 1750 4082 1916 4144; x_wconf 75' lang='lat' dir='ltr'>ATo,</span> <span class='ocrx_word' id='word_1_479' title='bbox 1942 4091 1993 4133; x_wconf 84' lang='lat' dir='ltr'>et</span> <span class='ocrx_word' id='word_1_480' title='bbox 2017 4085 2188 4133; x_wconf 87' lang='lat' dir='ltr'>omisit</span> <span class='ocrx_word' id='word_1_481' title='bbox 2209 4085 2367 4134; x_wconf 86' lang='lat' dir='ltr'>Hard.</span> <span class='ocrx_word' id='word_1_482' title='bbox 2391 4086 2492 4137; x_wconf 88' lang='lat' dir='ltr'>Sed</span> <span class='ocrx_word' id='word_1_483' title='bbox 2515 4102 2608 4135; x_wconf 82' lang='lat' dir='ltr'>no-</span> 
     </span>
     <span class='ocr_line' id='line_1_46' title="bbox 366 4149 2608 4218; baseline 0.001 -18"><span class='ocrx_word' id='word_1_484' title='bbox 366 4165 482 4200; x_wconf 86' lang='lat' dir='ltr'>men</span> <span class='ocrx_word' id='word_1_485' title='bbox 506 4152 672 4201; x_wconf 87' lang='lat' dir='ltr'>omitti</span> <span class='ocrx_word' id='word_1_486' title='bbox 694 4167 799 4200; x_wconf 94' lang='lat' dir='ltr'>non</span> <span class='ocrx_word' id='word_1_487' title='bbox 823 4166 973 4215; x_wconf 88' lang='lat' dir='ltr'>posse</span> <span class='ocrx_word' id='word_1_488' title='bbox 998 4154 1146 4201; x_wconf 86' lang='lat' dir='ltr'>docet</span> <span class='ocrx_word' id='word_1_489' title='bbox 1170 4165 1274 4199; x_wconf 80' lang='lat' dir='ltr'>vox</span> <span class='ocrx_word' id='word_1_490' title='bbox 1300 4149 1483 4208; x_wconf 84' lang='lat' dir='ltr'>eadem,</span> <span class='ocrx_word' id='word_1_491' title='bbox 1509 4164 1638 4212; x_wconf 85' lang='lat' dir='ltr'>quae</span> <span class='ocrx_word' id='word_1_492' title='bbox 1661 4150 1758 4199; x_wconf 88' lang='lat' dir='ltr'>nisi</span> <span class='ocrx_word' id='word_1_493' title='bbox 1783 4151 1843 4198; x_wconf 90' lang='lat' dir='ltr'>de</span> <span class='ocrx_word' id='word_1_494' title='bbox 1867 4151 1965 4199; x_wconf 86' lang='lat' dir='ltr'>iam</span> <span class='ocrx_word' id='word_1_495' title='bbox 1992 4152 2127 4201; x_wconf 83' lang='lat' dir='ltr'>dicta</span> <span class='ocrx_word' id='word_1_496' title='bbox 2158 4153 2324 4201; x_wconf 85' lang='lat' dir='ltr'>insula</span> <span class='ocrx_word' id='word_1_497' title='bbox 2355 4154 2477 4218; x_wconf 88' lang='lat' dir='ltr'>poni</span> <span class='ocrx_word' id='word_1_498' title='bbox 2502 4170 2608 4202; x_wconf 89' lang='lat' dir='ltr'>non</span> 
     </span>
    </p>
   </div>
   <div class='ocr_carea' id='block_1_4' title="bbox 283 4218 2607 4285">
    <p class='ocr_par' dir='ltr' id='par_1_7' title="bbox 283 4218 2607 4285">
     <span class='ocr_line' id='line_1_47' title="bbox 283 4218 2607 4285; baseline 0.002 -19"><span class='ocrx_word' id='word_1_499' title='bbox 283 4225 294 4236; x_wconf 61' lang='lat'>⁸</span> <span class='ocrx_word' id='word_1_500' title='bbox 366 4219 549 4281; x_wconf 83' lang='lat' dir='ltr'>potuit.</span> <span class='ocrx_word' id='word_1_501' title='bbox 600 4219 823 4269; x_wconf 83' lang='lat' dir='ltr'>Evanuit</span> <span class='ocrx_word' id='word_1_502' title='bbox 865 4235 1054 4268; x_wconf 87' lang='lat' dir='ltr'>nomen</span> <span class='ocrx_word' id='word_1_503' title='bbox 1096 4220 1291 4268; x_wconf 86' lang='lat' dir='ltr'>insulae</span> <span class='ocrx_word' id='word_1_504' title='bbox 1331 4224 1538 4281; x_wconf 80' lang='lat' dir='ltr'>propter</span> <span class='ocrx_word' id='word_1_505' title='bbox 1589 4218 1967 4267; x_wconf 85' lang='lat' dir='ltr'>similitudinem</span> <span class='ocrx_word' id='word_1_506' title='bbox 2019 4220 2326 4283; x_wconf 85' lang='lat' dir='ltr'>syllabarum</span> <span class='ocrx_word' id='word_1_507' title='bbox 2374 4222 2607 4285; x_wconf 83' lang='lat' dir='ltr'>proxime</span> 
     </span>
    </p>
   </div>
   <div class='ocr_carea' id='block_1_5' title="bbox 368 4288 789 4347">
    <p class='ocr_par' dir='ltr' id='par_1_8' title="bbox 368 4288 789 4347">
     <span class='ocr_line' id='line_1_48' title="bbox 368 4288 789 4347; baseline 0.002 -14"><span class='ocrx_word' id='word_1_508' title='bbox 368 4288 789 4347; x_wconf 84' lang='lat' dir='ltr'>praecedentium.</span> 
     </span>
    </p>
   </div>
  </div>
 </body>
</html>
