2961 4861
432 330 569 374 an
1359 329 1738 372 PRAEFATIO.

430 500 570 541 rum
605 480 908 541 hominum
946 479 1312 557 effugerant?
1354 479 1523 541 Nihil
1564 480 1765 541 critico
1806 479 2079 556 quamvis
2117 474 2502 557 supercilioso
2540 501 2676 544 mo-

428 592 677 651 destiam
704 610 890 666 aeque
916 591 1322 651 commendare
1348 597 1563 668 potest,
1592 608 1773 665 quam
1801 589 2007 661 codex,
2048 590 2242 664 qualis
2270 592 2450 651 estin
2475 592 2676 653 Plinio

425 697 897 775 Bambergensis,
919 706 982 759 et
997 700 1141 758 mihi
1160 700 1275 776 ipsi
1292 700 1386 758 hic
1406 700 1553 759 liber
1572 699 2030 775 pretiosissimus
2051 699 2226 772 viam,
2251 706 2322 758 ut
2346 707 2513 776 puto,
2543 720 2676 760 cer-

423 817 549 869 tam
576 810 946 881 monstravit,
975 826 1096 883 qua
1121 809 1266 867 mihi
1291 809 1676 867 incedendum
1714 817 1884 867 esset.
1927 809 2050 870 Ubi
2090 809 2247 868 enim
2282 809 2408 868 eius
2448 811 2674 870 auxilio

424 919 682 992 nitimur,
711 918 1150 994 diligentissime
1177 936 1334 990 eum,
1364 926 1652 994 quantum
1678 917 1805 976 fieri
1836 918 2049 993 potuit,
2079 926 2314 978 secutus
2340 926 2673 996 postremos

425 1047 533 1087 sex
562 1027 743 1087 Plinii
767 1028 955 1095 libros
983 1029 1059 1086 ad
1087 1046 1222 1086 eum
1251 1027 1618 1086 conformavi
1655 1032 1716 1084 et
1754 1027 2002 1101 reliquis
2042 1027 2312 1086 omnibus
2354 1029 2459 1103 qui
2501 1047 2672 1105 prae·

338 1208 343 1215 ⁴
424 1146 587 1197 terea
623 1137 769 1195 mihi
796 1143 1044 1213 praesto
1088 1142 1260 1195 erant
1295 1136 1594 1195 codicibus
1621 1142 1749 1194 tum
1778 1135 2014 1194 demum
2040 1136 2263 1211 aliquid
2289 1137 2670 1197 tribuendum

423 1264 556 1305 esse
598 1245 936 1305 existimavi
950 1287 968 1318 ,
1007 1265 1142 1305 cum
1178 1245 1282 1303 ille
1318 1252 1519 1320 aperte
1545 1252 1861 1320 corruptus
1889 1244 2121 1302 medela
2145 1245 2382 1303 aliunde
2409 1245 2669 1320 petenda

422 1359 641 1430 egeret.
685 1354 839 1416 Sunt
866 1355 1105 1429 quidem
1131 1351 1397 1411 homines
1425 1351 1529 1428 qui
1554 1352 1813 1411 codicem
1833 1351 2092 1425 aliquem
2117 1358 2418 1427 tamquam
2441 1345 2665 1412 'bonum

421 1473 482 1523 et
517 1473 740 1523 eertum
776 1465 984 1522 ducem
1025 1467 1390 1537 compertum
1430 1461 1607 1519 etiam
1644 1479 1751 1536 per
1788 1461 1924 1519 avia
1962 1469 2022 1519 et
2048 1461 2286 1519 dumeta
2314 1470 2665 1537 sequuntur,

420 1574 577 1632 caeci
594 1572 682 1630 illi
698 1572 980 1644 homines,
1006 1571 1146 1645 quia
1165 1570 1324 1629 caeci
1346 1587 1474 1628 esse
1496 1556 1726 1641 volunt,
1749 1577 1809 1628 et
1825 1569 2072 1646 proinde
2092 1570 2169 1627 ad
2190 1570 2509 1650 labendum
2529 1590 2666 1648 pro·

421 1682 621 1741 clives.
648 1680 738 1740 At
757 1682 958 1741 nullus
978 1698 1262 1755 umquam
1289 1660 1500 1751 codex,
1530 1678 1617 1737 uti
1642 1680 1756 1738 hoc
1780 1678 1872 1736 rei
1890 1688 2107 1737 natura
2131 1679 2261 1754 ipsa
2277 1677 2415 1750 fert,
2436 1681 2664 1740 mendis

418 1810 665 1868 prorsus
686 1792 833 1849 liber
853 1799 966 1861 est,
982 1808 1198 1864 easque
1219 1785 1982 1864 etiaminBambergensem
2001 1806 2120 1846 non
2143 1806 2263 1845 uno
2282 1787 2344 1845 in
2363 1788 2495 1846 loco
2520 1790 2663 1847 irre·

418 1901 610 1976 psisse
624 1917 804 1974 supra
817 1898 1093 1956 vidimus.
1124 1895 1435 1955 Codicibus
1457 1895 1647 1969 bonis,
1661 1902 1730 1953 ut
1741 1895 2027 1971 Madvigii
2049 1896 2235 1954 critici
2249 1897 2448 1955 eximii
2467 1898 2661 1957 verbis

417 2015 555 2066 utar
573 2008 633 2064 in
654 2005 900 2082 epistola
919 2006 1120 2065 critica
1139 2006 1216 2063 ad
1231 2003 1522 2064 Orellium
1540 2024 1602 2080 p.
1620 1999 1722 2063 59.
1747 2005 1999 2081 scriptis,
2014 2006 2534 2082 obtemperandum
2549 2013 2660 2080 est,

417 2134 537 2174 non
560 2115 955 2185 serviendum,
984 2113 1213 2188 hocque
1240 2122 1618 2189 praeceptum
1645 2113 1731 2171 ita
1756 2131 1953 2173 meum
1981 2112 2112 2186 feci,
2142 2122 2212 2172 ut
2237 2114 2339 2173 ubi
2369 2115 2662 2196 scriptura

412 2225 630 2282 codicis
655 2223 709 2281 B
746 2224 978 2299 legibus
1017 2222 1435 2297 grammaticae
1474 2222 1787 2296 sensuique
1821 2223 1967 2281 recti
2008 2223 2311 2281 adversari
2338 2223 2657 2296 videretur,

415 2350 552 2390 eum
581 2333 848 2390 deserere
876 2350 994 2391 non
1022 2331 1352 2390 dubitarem
1389 2337 1450 2388 et
1489 2337 1594 2388 aut
1632 2332 1709 2388 ad
1743 2331 1890 2389 alios
1918 2331 2146 2390 codices
2173 2341 2277 2390 aut
2302 2333 2378 2390 ad
2407 2333 2657 2392 aliorum

411 2460 690 2516 measque
717 2443 1080 2501 coniecturas
1108 2440 1506 2517 confugerem,
1536 2442 1608 2499 de
1637 2458 1757 2515 qua
1782 2459 1848 2498 re
1876 2441 2208 2499 accuratius
2242 2442 2522 2517 loquendi
2558 2443 2654 2500 in-

410 2549 506 2608 fra
531 2551 697 2610 locus
726 2551 979 2609 dabitur.
1022 2548 1226 2609 Codici
1250 2549 1695 2624 Bambergensi,
1724 2555 2009 2625 quantum
2036 2549 2163 2608 fieri
2188 2550 2398 2626 potuit,
2429 2553 2655 2610 obtem·

411 2658 672 2734 perando
712 2660 774 2716 id
811 2665 1111 2735 praestare
1138 2659 1323 2729 volui,
1352 2666 1421 2716 ut
1447 2665 1603 2717 certe
1630 2675 1737 2716 sex
1761 2657 2042 2732 postremi
2065 2657 2247 2717 Plinii
2273 2660 2412 2718 libri
2438 2678 2653 2718 secun-

411 2767 553 2824 dum
592 2766 910 2825 severiores
949 2767 1111 2840 leges
1139 2766 1282 2824 artis
1312 2766 1542 2825 criticae
1569 2773 1905 2834 constanter
1946 2767 2237 2826 emendati
2276 2767 2650 2843 legerentur3

410 2893 554 2934 num
580 2875 988 2951 praestiterim,
1017 2876 1301 2933 lectorum
1329 2876 1441 2933 erit
1464 2875 1764 2933 iudicium.

491 2984 636 3044 Alia
662 3002 757 3043 res
785 2983 897 3043 fuit
923 2984 985 3042 in
1011 2982 1178 3043 libris
1204 2984 1502 3060 prioribus
1535 2978 1639 3065 (de
1665 2984 1894 3042 ratione
1915 3004 2032 3061 qua
2051 2983 2300 3044 indicem
2319 2984 2457 3045 libri
2475 2985 2652 3062 primi

407 3095 782 3154 tractaverim
821 3094 898 3152 ad
934 3095 1112 3154 huius
1147 3094 1380 3153 initium
1409 3101 1503 3153 est
1530 3086 1808 3171 dictum),
1838 3095 1941 3151 ubi
1967 3073 2132 3153 nobis
2161 3113 2199 3153 a
2223 3093 2651 3171 Bambergensi

408 3202 657 3261 desertis
685 3203 872 3279 magIs
902 3204 1176 3262 eclectica
1204 3222 1358 3278 quae
1387 3204 1604 3262 dicitur
1633 3203 1769 3261 crisi
1795 3203 2078 3260 utendum
2114 3203 2249 3261 fuit.
2290 3202 2447 3263 Nam
2485 3205 2645 3277 licet,

406 3311 495 3368 uti
521 3329 631 3386 par
656 3310 790 3380 fuit,
817 3310 931 3368 hoc
959 3312 1071 3368 sim
1099 3321 1356 3384 secutus,
1384 3318 1472 3385 ut,
1504 3306 1610 3387 qui
1634 3312 1697 3369 in
1724 3311 1973 3387 singulis
2001 3312 2167 3372 libris
2189 3314 2648 3389 praestantiores

406 3417 661 3476 habendi
687 3423 882 3475 essent
904 3419 1148 3490 codices,
1171 3436 1273 3477 eos
1294 3437 1400 3492 per
1419 3421 1530 3478 hos
1550 3420 1709 3496 ipsos
1728 3421 1915 3479 libros
1938 3438 2238 3495 sequerer,
2262 3422 2469 3480 ceteris
2490 3423 2646 3481 codi-

406 3524 569 3583 cibus
590 3530 719 3581 tum
742 3524 996 3596 demum,
1019 3526 1120 3583 ubi
1139 3525 1229 3584 illi
1249 3526 1650 3600 destituerent,
1672 3530 1732 3587 in
1755 3530 2079 3588 subsidium
2098 3532 2341 3602 vocatis,
2374 3539 2434 3589 et
2450 3531 2511 3589 in
2533 3530 2646 3590 hac

403 3633 856 3722 legesequenda
875 3633 1051 3692 etiam
1070 3634 1146 3691 ab
1160 3634 1461 3708 elegantiis
1476 3637 1741 3695 codicum
1751 3636 2036 3696 inferioris
2058 3639 2272 3697 ordinis
2293 3658 2643 3715 numquam,

403 3749 690 3817 quantum
712 3743 852 3814 scio,
875 3760 969 3800 me
988 3740 1180 3817 pellici
1197 3758 1407 3818 passus
1425 3744 1557 3817 sim,
1572 3746 1865 3804 maximus
1879 3754 2073 3806 tamen
2085 3766 2362 3807 numerus
2374 3749 2641 3808 locorum

403 3857 549 3923 erat,
579 3852 682 3908 ubi
708 3852 879 3910 nobis
906 3870 944 3910 a
963 3850 1300 3910 melioribus
1322 3852 1618 3912 codicibus
1638 3854 1925 3914 destitutis
1943 3857 2023 3914 ad
2043 3857 2378 3930 deteriores,
2402 3857 2542 3931 quin
2563 3857 2639 3915 ad

403 3958 743 4019 deterrimos
783 3959 1232 4036 confugiendum
1270 3960 1384 4020 fuit
1398 4002 1417 4032 ,
1460 3979 1578 4021 non
1616 3980 1734 4037 quo
1770 3963 2278 4042 interpolationem
2291 4006 2311 4037 ,
2350 3973 2421 4024 ut
2457 3968 2640 4025 verba

403 4073 562 4127 certe
598 4067 714 4143 legi
751 4077 1012 4144 possent,
1049 4070 1187 4128 inde
1224 4069 1560 4147 reciperem,
1601 4073 1706 4130 sed
1743 4074 1904 4147 quia,
1948 4075 2037 4132 uti
2063 4094 2124 4151 p.
2152 4073 2322 4135 LVI.
2350 4075 2638 4152 exemplis

402 4174 698 4236 nonnullis
725 4176 787 4237 in
815 4179 967 4239 hanc
993 4196 1117 4238 rem
1146 4176 1338 4238 allatis
1366 4181 1764 4257 comprobavi,
1792 4183 1852 4240 in
1881 4183 2211 4244 deterrimis
2238 4185 2390 4244 adeo
2418 4185 2635 4245 codici-
