2961 4861
603 435 622 449 .
653 391 792 436 ΜΒ.
824 392 897 436 11.
958 390 1112 435 CAP.
1146 387 1449 438 Lxxvm.
1485 391 1735 435 Lxxnz.
1800 389 1992 436 sEc'r.
2025 392 2087 433 so.
2116 391 2179 433 ει.
2420 375 2538 436 179

299 551 548 624 tueque
602 551 669 605 et
733 551 947 605 cetera
1010 541 1221 604 omnia
1285 539 1566 605 siderum
1623 540 1685 605 vi
1751 540 2138 606 existumant
2192 537 2360 618 fieri,
2428 543 2543 606 sed

293 640 564 706 illorum
608 640 800 706 trium
844 636 1078 725 quibus
1124 637 1393 706 fulmina
1433 641 1803 729 adsignant3
1859 641 1997 707 fieri
2040 652 2278 719 autem,
2323 663 2541 706 mean-

297 741 474 805 tium
517 764 664 806 cum
709 741 843 808 sole
887 752 997 805 aut
1041 742 1550 828 congruentium,
1598 753 1661 808 et
1701 764 2000 808 maxume
2035 742 2204 808 circa
2233 742 2546 827 quadrata

289 842 548 906 mundi.
606 841 949 907 Praeclara
990 842 1306 925 quaedam
1349 853 1415 907 et
1455 842 1808 908 inmortalis
1851 844 1917 907 in
1962 865 2058 921 ec,
2107 844 2160 908 si
2203 843 2542 920 credimus,

293 943 612 1009 divinitas
677 941 1054 1029 perhibetur
1116 943 1602 1009 Anaximandro
1658 937 1915 1009 Milesio
1983 945 2284 1030 physicO,
2354 966 2545 1027 quem

290 1043 523 1110 ferunt
564 1043 1096 1109 Lacedaemoniis
1138 1044 1541 1128 praedixisse
1593 1056 1667 1110 ut
1721 1045 1948 1111 urbem
1992 1068 2071 1111 ac
2115 1056 2286 1110 tecta
2328 1056 2542 1110 custo-

289 1144 541 1222 dirent,
585 1146 825 1209 instare
872 1142 1041 1209 enim
1082 1155 1610 1221 motumsserraffi
1659 1158 1724 1210 et
1769 1157 1905 1209 tum
1945 1145 2100 1211 urbs
2144 1157 2281 1212 tota
2323 1169 2544 1211 eorum

290 1246 560 1312 conruit
615 1256 680 1311 et
732 1245 1011 1333 Taygeti
1064 1246 1296 1310 montis
1346 1270 1583 1333 magna
1635 1270 1786 1332 pars
1841 1247 1924 1310 ad
1977 1247 2249 1312 formam
2303 1250 2543 1334 puppis

290 1347 592 1411 eminens
647 1346 918 1431 abrupta
971 1346 1217 1411 cladem
1260 1369 1402 1411 eam
1444 1348 1714 1433 insuper
1755 1348 1943 1412 ruina
1982 1348 2238 1434 pressit.
2311 1347 2541 1414 Perhi-

289 1448 497 1513 betur
540 1457 605 1512 et
644 1446 1004 1532 Pherecydi
1046 1441 1456 1533 Pythagorae
1517 1448 1761 1515 doctori
1813 1446 1936 1514 alia
1991 1449 2370 1515 coniectatio
2427 1450 2544 1515 sed

290 1558 365 1613 et
413 1549 524 1613 illa
565 1547 814 1626 divina,
871 1547 1107 1613 haustu
1160 1571 1365 1633 aquae
1421 1572 1457 1613 e
1513 1560 1714 1634 puteo*
1751 1549 2187 1636 praesensisse
2230 1573 2307 1616 ac
2349 1569 2539 1636 prae-

290 1649 545 1713 dixisse
600 1658 806 1713 terrae
860 1659 1121 1714 motum.
1197 1647 1383 1730 Quae
1439 1650 1495 1714 si
1546 1669 1700 1715 vera
1743 1662 1925 1728 sunt,
1983 1661 2294 1734 quantum
2336 1675 2376 1716 a
2421 1652 2542 1716 deo
2572 1667 2666 1712 192

291 1749 564 1813 tandem
607 1748 812 1814 videri
862 1759 1135 1833 possunt
1189 1751 1350 1815 tales
1404 1749 1643 1815 distare
1699 1750 1854 1815 dum
1907 1751 2170 1816 vivant?
2241 1751 2332 1815 Et
2382 1752 2543 1817 haec

295 1851 567 1933 quidem
620 1848 883 1914 arbitrio
936 1849 1245 1932 cuiusque
1291 1849 1737 1915 existumanda
1780 1851 2257 1934 relinquantur3
2314 1862 2542 1917 ventos

285 1951 360 2014 in
411 1972 606 2014 causa
650 1971 790 2014 esse
833 1971 961 2014 non
1003 1949 1271 2014 dubium
1311 1972 1475 2015 reor.
1540 1950 1770 2035 Neque
1808 1951 1979 2017 enim
2008 1973 2312 2035 umquam
2337 1953 2538 2019 intre-2

287 2052 579 2114 miscunt
633 2060 840 2114 terrae
892 2050 1018 2115 nisi
1071 2051 1280 2135 sopito
1329 2052 1493 2116 mari
1537 2054 1841 2137 caeloque
1884 2053 2043 2119 adeo
2087 2051 2424 2137 tranquillo
2464 2066 2541 2120 ut

289 2152 552 2215 volatus
581 2149 796 2215 avium
823 2172 954 2215 non
979 2152 1336 2236 pendeant,
1383 2163 1712 2238 suptracto
1741 2155 1912 2219 omni
1944 2153 2172 2241 spiritu
2201 2155 2311 2239 qui
2338 2156 2536 2234 vehit,

291 2275 422 2318 nec
465 2272 768 2334 umquam
811 2253 931 2316 nisi
985 2264 1135 2338 post
1181 2264 1438 2332 ventos,
1495 2254 1749 2319 condito
1807 2255 2050 2320 scilicet
2103 2256 2171 2320 in
2222 2279 2419 2321 venas
2472 2267 2540 2321 et

290 2377 457 2419 cava
487 2354 624 2417 eius
653 2355 904 2419 occulta
928 2353 1107 2419 flatu.
1170 2354 1400 2439 Neque
1439 2356 1617 2422 aliud
1657 2367 1755 2421 est
1791 2358 1859 2421 in
1888 2367 2058 2422 terra
2085 2368 2318 2422 tremor
2347 2377 2538 2439 quam

288 2485 507 2549 liquidos
530 2487 594 2534 ad
615 2476 910 2548 'opinionem
934 2503 1015 2536 me
1039 2488 1249 2536 deduxit
1263 2486 1492 2536 Plinium
1515 2488 1686 2549 omnia
1708 2501 1798 2550 per
1821 2488 2164 2536 accusativum
2182 2502 2223 2535 c.
2249 2488 2387 2535 infin.
2414 2488 2533 2537 scri-

286 2555 472 2616 psisse,
497 2555 766 2615 pendentia
787 2555 1064 2619 etiamnum
1089 2570 1121 2603 a
1141 2554 1305 2602 verbis
1328 2569 1422 2603 non
1446 2563 1521 2603 est
1543 2551 1741 2602 dubium
1765 2550 1796 2614 5
1824 2555 1935 2604 189.
1978 2555 2153 2618 Atque
2176 2555 2248 2603 ita
2269 2555 2399 2603 nihil
2421 2570 2532 2604 mu-

290 2623 524 2679 tandum,
555 2621 652 2669 nisi
683 2628 742 2670 ut
775 2619 990 2670 modicos
1015 2621 1258 2671 scribatur
1281 2634 1373 2683 pro
1398 2618 1632 2681 modicus,
1659 2628 1709 2670 et
1714 2619 1917 2685 fertilis
1942 2622 2234 2672 habendum
2267 2638 2359 2685 pro
2385 2638 2532 2672 accu-

289 2688 457 2736 sativo
479 2687 690 2750 pluralis
712 2702 878 2751 neque
901 2703 992 2752 pro
1016 2688 1332 2737 nominativo
1358 2688 1642 2750 singularia
1669 2730 1732 2737 -
1759 2688 1982 2753 capacia,
2006 2691 2056 2740 R
2079 2688 2185 2752 (cia
2209 2690 2261 2739 in
2285 2687 2443 2751 corr.)
2467 2731 2530 2739 -

289 2752 480 2815 Isdem,
504 2755 568 2803 Β
604 2795 667 2803 .-.
705 2754 896 2805 extimis
918 2756 1153 2818 qentibus,
1187 2757 1395 2805 Barbar.
1443 2755 1886 2817 extimescentibus,
1919 2758 2168 2807 RTado.
2208 2796 2269 2806 .-
2298 2759 2530 2820 suerunt,

287 2823 357 2870 K.
388 2862 451 2869 ....
488 2822 726 2885 paruerit,
750 2822 853 2873 ΒΥ.
881 2832 1165 2887 paruerunt,
1189 2824 1257 2872 K.
1293 2863 1356 2871 -.
1399 2822 1615 2884 avolsae,
1640 2824 1741 2872 R1.
1776 2862 1837 2871 ..
1919 2823 2197 2889 νογαηίταεε,
2231 2819 2528 2874 ΒῖΤθᾶσ.

283 2888 631 2953 pronuntiate,
654 2892 703 2939 Β
722 2890 842 2940 ¹Sa.
902 2890 1240 2951 pronuntiata,
1262 2891 1328 2939 K.
1381 2906 1475 2954 pro
1510 2888 1831 2951 immanitate,
1912 2891 2070 2940 arbar.
2104 2884 2204 2953 βγ.
2257 2891 2528 2954 pronitate,

291 2956 433 3006 Pint.
470 2995 533 3002 .-
571 2964 844 3019 arquentes,
867 2954 930 3004 Β.
2428 3018 2431 3021 Δ

363 3020 394 3081 ἓ
422 3026 536 3070 191.
565 3020 770 3086 placite,
794 3024 827 3071 d
851 3020 901 3085 (e
924 3023 977 3071 in
1008 3021 1223 3087 rasura.)
1262 3060 1319 3071 ...
1361 3032 1423 3084 et,
1450 3024 1503 3073 Β
1534 3021 1613 3083 (in
1645 3020 1844 3083 rasura)
1869 3023 1973 3072 Td.
2018 3023 2195 3072 Omitt.
2221 3018 2362 3085 assr.
2407 3022 2528 3072 vid.

289 3091 359 3138 ad
382 3094 465 3149 33,
496 3094 577 3138 33.
617 3129 679 3139 -..
715 3098 878 3139 terrae
910 3098 1071 3152 monas,
1104 3093 1154 3140 d.
1191 3131 1255 3139 -.
1301 3097 1364 3153 et,
1396 3091 1477 3138 a2.
1523 3089 1735 3149 ita,R2.
1773 3106 1818 3152 q,
1842 3089 1941 3137 ΒΊ.
1991 3105 2093 3150 que,
2117 3090 2197 3136 a¹.
2236 3104 2345 3167 ραις,
2379 3091 2425 3137 d.
2464 3128 2528 3137 -.

290 3170 505 3222 siderum
535 3172 598 3233 vi,
623 3174 762 3223 R²T
781 3167 920 3223 Oad.
973 3171 1189 3222 siderum
1223 3180 1293 3232 ut,
1327 3173 1376 3221 Β
1395 3173 1428 3220 ¹.
1472 3171 1528 3220 vi
1557 3168 1792 3231 siderum,
1814 3166 1915 3233 βγ.
1955 3210 2009 3217 -
2054 3164 2298 3232 extimant,
2338 3172 2438 3222 R‘.
2464 3210 2527 3221 ...-

293 3248 396 3300 aut,
422 3241 510 3289 ad.
548 3240 630 3300 ad,
655 3242 718 3290 Β.
746 3280 809 3289 ..-
833 3238 1067 3300 maxima,
1091 3257 1138 3288 a.
1164 3279 1225 3287 -
1254 3236 1522 3302 quadrata,
1545 3239 1610 3287 Β.
1639 3277 1699 3284 -.
1724 3233 2022 3298 Praeclara,
2048 3240 2137 3288 ad.
2176 3254 2217 3287 ο.
2244 3256 2337 3301 am,
2361 3241 2425 3290 R.
2462 3279 2526 3288 .-

295 3305 557 3368 quaedam,
582 3308 809 3357 STa‘cL
847 3304 1091 3369 quaedam
1124 3319 1244 3366 esse,
1275 3299 1512 3368 Ra²ssr.
1550 3344 1614 3352 .-..
1651 3304 1703 3353 in
1727 3319 1796 3365 eo,
1832 3305 1993 3354 omitt.
2017 3307 2151 3356 Pint.
2176 3307 2277 3357 Kr.
2316 3348 2379 3356 -.
2413 3322 2528 3370 ρνο-

296 3370 501 3434 hibetur,
526 3389 571 3422 a.
597 3412 662 3421 .-
686 3371 1089 3433 Lacedaemonii,
1113 3374 1164 3421 Β
1187 3369 1315 3433 (una
1335 3371 1505 3420 littera
1527 3368 1710 3433 erasa.)
1736 3411 1800 3421 ..
1834 3380 1881 3421 et
1904 3382 2010 3433 tum,
2034 3391 2073 3423 r.
2112 3384 2156 3423 et
2178 3393 2297 3436 cum,
2322 3376 2524 3426 RTad.

293 3456 398 3488 cum
421 3447 481 3500 et,
513 3434 616 3501 βγ.
653 3479 715 3487 -
754 3448 850 3488 tota
880 3455 1041 3489 eorum
1076 3441 1272 3497 corruit,
1306 3440 1409 3489 Ra.
1454 3439 1557 3488 ruit
1588 3448 1685 3488 tota
1717 3455 1895 3501 eorum,
1921 3441 2027 3490 Td.
2066 3482 2129 3490 ..-
2157 3442 2327 3508 pupis,
2358 3444 2423 3491 Β.
2461 3482 2525 3490 -

291 3514 488 3568 arupta,
512 3506 616 3554 R'.
652 3508 924 3568 abruptam,
948 3508 1048 3555 R2.
1087 3547 1150 3555 .-.
1186 3504 1388 3567 cladem,
1411 3506 1514 3555 Ra.
1561 3504 1718 3568 clade,
1742 3508 1848 3557 Td.
1885 3508 2060 3570 clades,
2085 3526 2123 3558 r.
2162 3551 2225 3559 -.
2263 3525 2370 3557 eam
2394 3510 2527 3558 insu-

284 3587 395 3636 per,
420 3572 609 3621 RTad
622 3587 661 3620 r.
696 3573 894 3636 insuper
916 3590 1035 3634 eam,
1058 3569 1160 3638 βγ.
1190 3613 1246 3621 ..
1278 3582 1323 3622 et
1347 3575 1497 3623 ruina
1514 3573 1770 3638 oppressit,
1794 3591 1834 3624 r.
1862 3616 1925 3624 —
1955 3570 2245 3643 Pherecydi,
2271 3578 2364 3627 ST
2379 3570 2522 3624 ead.

290 3653 549 3722 Ferecydi,
572 3656 622 3704 Β
641 3657 671 3704 ¹.
716 3650 1006 3722 Ferecydes,
1030 3658 1129 3707 R2.
1172 3651 1494 3724 Pherecydis,
1525 3653 1583 3718 β.
1621 3698 1684 3707 -
1721 3658 1920 3720 doctori,
1956 3652 2206 3710 STOad.
2254 3660 2450 3719 doctori,
2480 3660 2529 3707 Β

294 3719 501 3784 (ultima
522 3724 691 3772 littera
712 3723 765 3771 in
788 3722 1001 3785 rasura.)
1039 3723 1267 3785 doctoris,
1284 3721 1341 3785 β.
1363 3765 1426 3773 -
1445 3725 1755 3788 coniectasse,
1770 3728 1821 3791 Β
1838 3723 2071 3787 (ultimae
2094 3729 2289 3776 litterae
2313 3727 2366 3773 in
2388 3741 2528 3775 rasu-

294 3788 394 3851 ra.)
419 3831 482 3839 -
508 3808 546 3849 e,
573 3806 674 3839 om.
701 3793 748 3838 d.
776 3830 838 3838 -
876 3807 936 3841 ac
951 3789 1291 3854 praedixisse,
1315 3794 1416 3842 Ra.
1453 3801 1600 3856 atque
1632 3792 1835 3855 dixisse,
1861 3793 1967 3844 Te.
2007 3784 2120 3845 oin.
2146 3795 2211 3843 K.
2249 3832 2311 3840 -
2349 3802 2527 3853 terrae,

247 3867 256 3877 '
295 3857 447 3908 STd.
484 3856 558 3907 ibi
582 3866 765 3919 terrae,
791 3853 930 3922 αβγ.
966 3861 1029 3908 In
1051 3861 1101 3909 R
1121 3861 1238 3908 loco
1264 3861 1486 3909 adverbii
1508 3861 1578 3909 ibi
1600 3868 1676 3910 est
1697 3876 1887 3910 rasura.
1962 3922 1966 3925 ι

362 3922 393 3983 ἓ
421 3930 533 3974 192.
570 3932 767 3985 tantum,
803 3926 900 3975 ΒΞ.
940 3966 1003 3974 -.
1039 3926 1101 3975 ab
1128 3943 1195 3988 e0,
1219 3929 1352 3977 TR¹
1378 3924 1478 3989 (uti
1501 3924 1740 3988 videtur.)
1778 3966 1847 3975 .....
1878 3924 2208 3976 existimanda
2243 3925 2527 3989 relinquan-

295 3998 393 4051 tur,
425 3993 561 4042 Ra2.
609 3989 937 4042 existimanda
972 3993 1267 4057 linquantur,
1301 3996 1348 4043 d.
1395 3995 1669 4043 existimant
1700 3992 2023 4056 aliquantum,
2056 3994 2139 4042 a¹.
2176 4034 2239 4042 ...
2287 3993 2444 4054 dubie,
2479 3996 2529 4044 R

296 4055 347 4117 (e
368 4059 422 4106 in
446 4055 599 4121 corr.)
638 4100 700 4108 -
738 4058 912 4124 sopito,
945 4062 993 4111 R
1024 4061 1079 4109 in
1107 4076 1294 4109 rasura.
1332 4101 1395 4109 -
1431 4058 1615 4120 volatu,
1647 4062 1696 4108 d.
1733 4101 1797 4109 -..
1826 4059 2069 4123 pendant,
2097 4063 2145 4111 R
2170 4063 2245 4111 ¹d.
2284 4102 2347 4110 -
2383 4062 2525 4111 omni-

297 4140 390 4185 um,
422 4142 455 4174 a
500 4123 758 4188 (Robert.)
794 4167 859 4176 .-
896 4137 1040 4190 vento,
1074 4129 1173 4178 R1.
1212 4168 1275 4176 -
1311 4128 1508 4186 condim,
1538 4121 1780 4177 R¹ST8
1791 4143 1836 4176 a.
1872 4124 2107 4195 conditos,
2138 4130 2267 4179 B²d
2286 4125 2371 4190 ¹13.
2404 4129 2526 4179 cali-

298 4188 402 4254 dos,
419 4208 446 4242 r
469 4189 711 4254 (Richel.,
736 4194 972 4258 Robert.)
995 4236 1057 4245 ..-
1082 4212 1219 4253 cava,
1243 4195 1397 4246 RST
1418 4187 1546 4245 θεά
1569 4191 1811 4256 (Richel.,
1834 4194 2071 4259 Robert.)
2106 4212 2361 4259 cavernas,
2378 4193 2435 4258 β.-
2464 4239 2525 4245 .-

298 4258 497 4321 occulta,
529 4255 868 4310 RSTOaffl.
913 4263 1157 4323 occultato,
1190 4266 1295 4320 <1²1
1326 4259 1567 4323 (Richel.,
1598 4261 1760 4324 Rob.)
1793 4261 1987 4326 occulw,
2007 4259 2066 4326 β.
2104 4304 2168 4314 ....
2186 4265 2346 4329 flatu,
2376 4259 2526 4314 Ber.

299 4324 488 4387 afflatu,
513 4327 653 4377 STd
676 4324 919 4391 (Richel.,
945 4327 1179 4391 Robert.)
1202 4325 1260 4391 β.
1297 4330 1476 4394 aflata,
1502 4346 1549 4379 a.
2083 4397 2117 4431 ι
