2961 4861
426 404 680 449 LXXXIV
1358 403 1738 448 PRAEFATIO·

346 600 357 611 ,
429 558 673 618 debetur
706 565 768 616 et
803 552 1813 628 Constantino'Straubelio‚
1863 555 1967 633 qui
2004 556 2160 616 mira
2194 557 2501 619 oculorum
2541 560 2666 620 acie

424 684 615 745 neque
656 666 882 726 minore
919 682 1062 727 cura
1093 664 1371 742 plagulas
1410 671 1676 725 recentes
1701 665 2107 743 perlustravit,
2145 676 2204 726 et
2228 667 2345 745 ipsi
2368 666 2666 732 Wflste-

422 794 719 849 manno,
763 775 895 851 qui,
937 791 1058 834 non
1095 782 1401 835 contentus
1438 775 1517 835 ab
1543 775 1660 834 hae
1683 792 1917 852 quoque
1942 783 2112 853 perte
2144 775 2302 836 libro
2326 778 2446 837 iam
2472 779 2667 856 prodi·

421 895 562 947 turo
598 903 840 946 manum
879 883 1200 944 salutarem
1237 884 1559 946 admovere
1592 884 1972 960 mundasque,
2009 885 2063 945 si
2087 902 2239 963 quae
2269 905 2414 947 casu
2438 888 2667 947 restite-

421 1001 592 1067 rant,
641 994 963 1071 corrigere,
1016 1014 1055 1052 a
1091 1011 1190 1053 me
1217 994 1384 1072 ipso,
1432 999 1505 1054 ut
1535 995 1637 1067 fit,
1686 994 1753 1053 in
1788 994 2092 1054 scribendo
2118 996 2409 1083 admissos
2436 1014 2666 1057 errores

423 1104 751 1182 calamique
785 1104 992 1181 lapsus
1030 1110 1198 1163 tanta
1230 1103 1550 1181 sagacitate
1589 1110 1682 1162 est
1712 1103 1993 1177 rimatus,
2029 1111 2102 1166 ut
2138 1113 2200 1166 et
2233 1123 2368 1166 meo
2401 1115 2463 1166 et
2487 1106 2668 1166 Plinii

423 1214 661 1273 nomine
687 1213 741 1272 ei
766 1219 1076 1292 propterea
1104 1230 1284 1289 quam
1305 1213 1563 1272 maxime
1583 1212 1694 1271 sim
1714 1214 2051 1274 obstrictus.
2094 1212 2232 1289 Qua
2245 1194 2306 1274 in
2328 1215 2667 1275 laudatione

423 1342 558 1384 cum
585 1318 967 1382 libentis‘sime
985 1321 1291 1400 praefandi
1315 1321 1494 1381 finem
1518 1321 1755 1396 faciam,
1782 1321 1929 1383 nihil
1947 1322 2095 1383 mihi
2120 1323 2431 1384 dicendum
2456 1331 2664 1398 restat,

423 1432 539 1491 nisi
575 1434 687 1492 hoc
728 1450 935 1504 unum,
977 1451 1074 1491 me
1102 1432 1171 1513 ‘in
1207 1432 1426 1509 optatis
1462 1429 1700 1505 habere,
1744 1450 1821 1491 ne
1857 1433 2125 1511 egregios
2160 1433 2295 1492 illos
2336 1433 2520 1507 viros,
2562 1434 2666 1510 qui

424 1558 794 1617 quacumque
832 1541 1067 1600 demum
1104 1540 1332 1601 ratione
1368 1549 1440 1600 ut
1463 1540 1578 1601 hoc
1604 1559 1754 1619 opus
1779 1543 2041 1621 prodiret
2075 1543 2410 1617 effecerunt,
2447 1543 2664 1605 volun-

422 1649 562 1709 tatis
586 1666 730 1709 suae
755 1651 1067 1728 poeniteat.

510 1810 850 1915 scribebam
877 1809 1028 1870 Dre
1044 1813 1214 1871 sdae
1241 1811 1386 1890 ipsis
1413 1809 1677 1871 kalendis
1704 1809 1993 1871 Ianuariis
2018 1807 2408 1870 MDCCCLI.
2481 1772 2484 1773 γ

1266 2828 1795 2919 MONlTUM.

496 3028 592 3092 De
631 3031 987 3111 compendiis
1025 3030 1379 3111 scripturae,
1424 3032 1639 3107 quibus
1677 3032 1741 3091 in
1781 3032 2194 3093 commentario
2239 3031 2656 3092 conscribendo

410 3158 556 3201 usus
594 3161 750 3214 sum,
791 3141 855 3201 in
889 3143 1020 3219 ipsa
1058 3142 1418 3221 praefatione
1455 3142 1689 3202 abunde
1735 3129 1921 3218 egisse
1955 3149 2122 3219 puto,
2164 3148 2224 3200 et
2292 3159 2324 3199 e
2362 3141 2653 3201 codicibus

410 3251 648 3326 quidem
680 3270 739 3328 p.
768 3248 936 3311 LIV.
958 3270 1113 3328 sqq„
1143 3252 1217 3311 de
1249 3253 1538 3329 scriptura
1559 3271 1701 3312 vero
1739 3251 2001 3329 vulgata,
2030 3259 2318 3329 quatenus
2450 3269 2522 3308 ea
2547 3269 2651 3309 no-

410 3368 533 3418 stra
553 3361 815 3419 recensio
836 3360 1099 3432 discedit,
1120 3379 1182 3439 p.
1207 3357 1424 3436 LXIX
1443 3379 1576 3438 sqq.
1617 3362 1751 3421 Hoc
1771 3357 1905 3421 loco
1935 3360 1996 3420 id
2016 3380 2200 3421 unum
2227 3362 2288 3421 in
2309 3354 2648 3419 memoriam

407 3466 695 3526 lectorum
733 3468 1133 3527 revocandum
1159 3487 1288 3527 esse
1316 3470 1540 3546 putavi,
1571 3489 1678 3548 per
1705 3471 1961 3531 litteram
1992 3465 2026 3553 β
2055 3471 2303 3533 indicari
2339 3470 2646 3530 editionem

406 3575 944 3656 Dalecampianam
970 3596 1079 3656 per
1106 3595 1140 3655 γ
1167 3576 1594 3639 Broterianam.
2719 3559 2726 3568 ⁸
