2961 4861
1223 352 1440 398 mmm
1487 351 1530 397 1.
2412 335 2495 397 33

260 505 494 570 sianae.
567 503 963 569 Numidicae.
1040 503 1549 589 Phoenicopteri.
1623 502 2004 587 Attagenae.
2079 501 2494 567 Phalacroco-

257 629 458 671 races.
516 604 997 689 Pyrrocoraces.
1058 602 1446 692 Lagopodes
1464 607 1534 668 3².
1591 602 1699 670 De
1742 604 1923 669 novis
1968 603 2214 668 avibus.
2267 602 2495 687 Vipio-

257 729 373 771 nes
393 709 462 770 33.
508 705 613 773 De
659 704 964 771 fabulosis
993 704 1238 769 avibus.
1290 702 1456 785 Quis
1474 707 1524 746 34
1553 705 1823 792 gallinas
1856 704 2083 769 sarcire
2112 703 2494 781 instituerit3

257 808 371 892 qui
413 807 604 893 primi
623 810 672 848 33
716 828 1010 871 censores
1053 806 1374 870 vetuerint
1390 808 1459 869 33.
1539 804 1704 886 Quis
1747 805 1990 892 primus
2034 805 2272 870 aviaria
2314 804 2496 869 insti-

259 908 472 973 tuerit.
546 907 654 974 De
696 908 943 996 Aesopi
999 909 1235 996 patina.
1327 904 1673 973 Generatio
1730 908 1979 984 avium3
2026 929 2192 990 quae
2245 918 2501 992 praeter

256 1009 394 1075 avis
454 1033 576 1076 ova
631 1012 921 1098 gignant.
1009 1008 1301 1076 Ovorum
1353 1032 1593 1097 genera
1652 1020 1717 1073 et
1770 1020 2035 1072 naturae
2053 1011 2122 1071 37.
2211 1006 2391 1072 Vitia
2434 1018 2501 1072 et

254 1110 543 1175 remedia
583 1111 1042 1177 incubantium.
1115 1112 1455 1197 Augustae
1502 1133 1584 1176 ex
1626 1111 1764 1175 ovis
1820 1109 2179 1195 augurium.
2257 1107 2500 1189 Quales

254 1211 534 1296 gallinae
578 1222 896 1299 optumae.
970 1211 1185 1278 Morbi
1241 1235 1460 1277 earum
1515 1225 1578 1276 et
1632 1210 1912 1276 remedia
1929 1213 1998 1274 33.
2072 1209 2501 1275 Ardeolarum

252 1334 501 1399 genera
517 1315 587 1376 33.
693 1312 879 1394 Quae
936 1314 1065 1377 sint
1118 1336 1240 1377 ova
1256 1315 1307 1353 ⁴⁰
1373 1335 1694 1396 cynosura
1709 1315 1780 1389 4¹,
1850 1334 2017 1395 quae
2079 1310 2496 1397 hypenemia3

257 1414 581 1497 quomodo
622 1425 881 1500 optume
924 1425 1261 1479 serventur
1303 1436 1426 1479 ova
1442 1418 1511 1478 43.
1583 1412 1771 1494 Quae
1814 1414 2147 1479 volucrum
2187 1412 2321 1477 sola
2361 1412 2498 1475 ani-

254 1515 452 1598 malia
492 1516 700 1601 pariat
741 1527 807 1580 et
848 1517 1012 1581 lacte
1054 1516 1312 1580 nutriat.
1392 1512 1581 1596 Quae
1628 1515 2022 1580 terrestrium
2065 1536 2186 1579 ova
2226 1513 2496 1598 pariant.

255 1612 675 1702 Serpentium
703 1617 1031 1703 generatio
1047 1620 1116 1680 43.
1164 1615 1594 1682 Terrestrium
1622 1615 1903 1680 omnium
1931 1615 2277 1701 generatio.
2313 1611 2501 1694 Quae

254 1717 339 1781 sit
379 1717 751 1782 animalium
791 1719 858 1782 in
901 1718 1102 1783 uteris
1154 1718 1384 1802 positio
1400 1719 1471 1781 44.
1550 1714 1844 1798 Quorum
1900 1715 2265 1779 animalium
2320 1715 2501 1800 origo

253 1817 473 1882 adhuc
513 1818 757 1882 incerta
804 1819 905 1883 sit.
971 1818 1078 1885 De
1123 1818 1559 1883 salamandriS.
1638 1815 1825 1898 Quae
1866 1826 2208 1880 nascantur
2252 1838 2334 1880 ex
2374 1838 2503 1880 non

251 1918 519 2006 genitia
568 1915 756 1999 Quae
783 1930 935 1983 nata
961 1919 1119 1984 nihil
1146 1919 1435 2006 gignant.
1490 1917 1569 1981 In
1612 1917 1847 2002 quibus
1889 1928 2117 1982 neuter
2160 1939 2353 1982 sexus
2398 1916 2498 1980 sit.

252 2018 360 2085 De
406 2019 707 2084 sensibus
765 2020 1159 2097 animalium3
1225 2030 1465 2085 tactum
1482 2022 1534 2059 43
1591 2017 1884 2084 omnibus
1943 2038 2105 2094 esse,
2162 2019 2320 2083 item
2375 2041 2500 2105 gu-

255 2131 504 2186 statum
520 2123 608 2198 ⁴⁶3
668 2121 904 2206 quibus
948 2123 1122 2188 visus
1164 2121 1546 2208 praecipuus
1562 2124 1641 2198 4⁷,
1698 2119 1932 2204 quibus
1974 2120 2294 2197 odoratus,
2355 2119 2498 2204 qui·

256 2222 379 2287 bus
443 2223 719 2287 auditus.
800 2222 908 2289 De
967 2223 1153 2308 talpis
1171 2224 1240 2286 43.
1324 2221 1435 2286 An
1493 2222 1720 2287 ostreis
1785 2220 2043 2286 auditus
2058 2224 2129 2285 43.
2221 2217 2354 2300 Qui
2419 2240 2501 2284 ex

254 2322 546 2409 piscibus
612 2324 957 2389 clarissime
1035 2323 1300 2388 audiant
1315 2326 1383 2387 ⁵⁰.
1494 2321 1630 2403 Qui
1700 2344 1781 2386 ex
1853 2322 2138 2407 piscibus
2200 2343 2501 2386 maxume

257 2425 608 2492 odorentur
625 2428 694 2489 ⁵¹.
790 2424 1152 2492 Diversitas
1217 2423 1586 2490 animalium
1648 2423 1716 2487 in
1777 2433 1970 2508 pastu
1983 2448 2001 2501 3
2078 2446 2244 2508 quae
2303 2446 2498 2488 vene·-

255 2525 354 2591 nis
406 2526 633 2590 vivant
649 2530 719 2604 ⁶²,
775 2549 939 2612 quae
984 2537 1188 2604 terra3
1246 2548 1411 2610 quae
1461 2525 1632 2589 fame
1670 2533 1784 2589 aut
1830 2523 1937 2588 siti
1976 2547 2105 2590 non
2159 2525 2494 2591 intereant.

255 2625 363 2692 De
424 2626 798 2692 diversitate
854 2639 1065 2713 potus.
1144 2625 1331 2708 Quae
1388 2626 1557 2691 inter
1599 2648 1669 2690 se
1713 2624 2065 2690 dissideant
2080 2650 2099 2704 3
2160 2625 2503 2693 amicitiam

259 2726 631 2791 animalium
685 2750 826 2793 esse
885 2739 949 2794 et
1001 2728 1295 2793 adfectus
1351 2726 1738 2792 animalium.
1826 2726 2146 2813 Exempla
2210 2729 2501 2794 adfectus

261 2828 677 2915 serpentium.
729 2828 837 2895 De
879 2852 1099 2895 somno
1142 2829 1527 2894 animalium.
1590 2826 1777 2909 Quae
1807 2830 2141 2896 somnient.
2205 2826 2498 2894 Summa:

261 2952 367 2995 res
412 2939 482 2994 et
522 2930 821 2995 historiae
866 2940 931 2995 et
972 2929 1441 2996 observationes
1485 2946 1843 2994 Dccxcnn
1859 2933 1928 2993 33.

350 3030 467 3095 Ex
517 3031 1030 3095 AUCTORIBUS:
1099 3029 1366 3096 Manilio
1385 3033 1466 3107 34,
1527 3027 1828 3094 Cornelio
1883 3028 2263 3106 Valeriane,
2324 3031 2503 3106 actis,

272 3130 601 3198 Umbricio
619 3135 670 3174 33
731 3130 999 3196 Meliore
1015 3179 1034 3209 ‚
1099 3130 1426 3194 Massurio
1492 3126 1731 3192 Sabino
1744 3176 1763 3205 ‚
1825 3128 2112 3193 Antistio
2177 3128 2504 3207 Labeone,

267 3233 505 3319 Trogo,
554 3230 903 3309 Cremutio,
948 3230 1044 3295 M.
1076 3230 1387 3307 Varrone,
1431 3227 1658 3291 Macro
1685 3225 1984 3307 Aemilio,
2016 3229 2305 3307 Meliss0,
2350 3228 2505 3294 Mu-

264 3406 370 3455 Ra.
443 3411 524 3454 34.
568 3403 707 3464 Quis,
731 3403 1037 3453 Harduinus.
1081 3402 1190 3482 Qui,
1222 3403 1425 3453 RTad.
1498 3406 1578 3450 35.
1614 3401 1702 3464 qui
1715 3401 1877 3465 primi,
1900 3404 2001 3453 Ra
2040 3403 2219 3467 quique
2241 3404 2327 3454 hoc
2343 3401 2506 3468 primi,

267 3472 374 3520 Td.
436 3476 516 3519 36.
550 3471 789 3531 vetuerint,
813 3472 885 3520 ita
908 3486 1003 3519 nos
1027 3471 1332 3534 scripsimus.
1370 3477 1620 3530 vetuerunt,
1644 3470 1845 3519 RTad.
1916 3472 1997 3519 37.
2032 3479 2077 3520 et
2098 3479 2319 3532 naturae,
2342 3473 2505 3522 RTd.

267 3536 347 3586 rei
364 3545 596 3598 maturae,
617 3539 663 3585 (1.
709 3544 789 3587 38.
813 3537 1053 3587 Morbi-
1066 3538 1290 3598 remedia,
1315 3540 1415 3588 Ra.
1443 3536 1699 3587 Omittunt
1721 3538 1824 3586 Td.
1870 3543 1950 3586 39.
1974 3537 2292 3587 Ardzolarum
2313 3556 2506 3604 yenera,

267 3620 314 3653 a.
339 3603 487 3653 Pone
510 3604 675 3669 hypen.
702 3605 961 3653 collocant
982 3606 1141 3655 RTd.
1180 3611 1259 3654 40.
1287 3604 1422 3662 Quae
1445 3604 1540 3653 sint
1562 3621 1670 3665 ova,
1694 3606 1858 3655 RTd.
1894 3603 2044 3665 Quae,
2070 3621 2114 3654 a.
2152 3611 2233 3654 41.
2253 3620 2506 3671 cynosura,

265 3671 427 3720 Hard.
454 3671 732 3735 quinctium,
758 3687 802 3719 a.
842 3670 986 3721 urina
1011 3689 1132 3735 quae
1157 3672 1434 3736 quinosura,
1457 3674 1520 3722 R.
1547 3671 1691 3732 urim,
1717 3673 1777 3721 T.
1814 3673 1972 3732 urina,
1997 3675 2044 3721 (1.
2092 3678 2173 3721 42.
2200 3689 2307 3731 ουα,
2334 3687 2434 3720 om.
2461 3688 2506 3721 a.

268 3745 352 3787 43.
395 3738 653 3803 yeneratiQ
688 3740 789 3789 Ra.
823 3756 1014 3804 ρεπεν-α,
1048 3741 1151 3789 Td.
1230 3746 1311 3789 44.
1348 3740 1412 3788 sit
1442 3748 1493 3788 et
1517 3738 1710 3803 positio,
1746 3755 1791 3787 a.
1836 3739 1931 3788 sint
1961 3747 2011 3787 et
2037 3748 2276 3802 porrecta,
2302 3740 2405 3788 Td.
2448 3739 2511 3788 sit

268 3813 321 3855 et
346 3807 534 3871 ponta,
568 3808 617 3856 R.
644 3822 675 3854 a
707 3821 861 3855 manu
894 3809 1127 3856 secunda.
1199 3813 1279 3856 45.
1325 3815 1512 3867 tactum,
1545 3807 1741 3855 Broter.
1787 3815 1963 3867 tactus,
1996 3808 2098 3856 Ra.
2156 3806 2322 3870 quibus
2354 3814 2509 3855 tactus

266 3872 573 3938 praecipuus,
608 3875 712 3923 Td.
785 3880 865 3922 46.
903 3874 1008 3922 item
1040 3883 1292 3938 qustatum,
1324 3876 1386 3924 R.
1436 3874 1543 3923 item
1573 3880 1806 3937 gustatus,
1843 3889 1887 3921 a.
1936 3873 2107 3935 quibus
2129 3882 2367 3938 qus-tatus,
2403 3874 2506 3922 Td.

271 3944 354 3990 47.
385 3943 694 4005 praectpuusc,
730 3942 831 3991 Ra.
877 3940 1133 3991 Omittunt
1166 3943 1271 3991 Td.
1344 3947 1424 3990 48.
1464 3940 1636 4004 quam-s
1670 3939 1879 3988 auditus.
1914 3939 1996 3989 De
2020 3939 2181 4005 talpis,
2205 3942 2308 3991 Ra.
2335 3940 2393 3990 de
2418 3938 2509 3989 tal-

263 4024 445 4071 parum
469 4008 658 4070 auditu,
683 4009 787 4057 Td.
870 4014 949 4057 49.
987 4007 1067 4057 An
1092 4010 1247 4068 ostris,
1273 4024 1317 4056 a.
1355 4025 1389 4055 a
1412 4007 1600 4066 nostris,
1624 4008 1686 4055 R.
1769 4011 1846 4054 50.
1892 4005 1990 4063 Qui
2011 4047 2072 4056 -..
2100 4008 2315 4068 audiant,
2347 4009 2451 4058 RT
2461 4011 2507 4056 d.

273 4073 476 4124 Omittit
508 4091 551 4124 a.
635 4081 713 4125 51.
758 4073 856 4132 Qui
887 4115 948 4123 .-
985 4075 1251 4136 odorentur,
1283 4076 1427 4125 Rad.
1467 4073 1670 4123 Omittit
1701 4073 1762 4121 T.
1847 4079 1926 4122 52.
1971 4074 2157 4124 venenis
2189 4075 2365 4135 vivant,
2399 4076 2508 4125 Td.

271 4158 451 4191 venena
475 4138 531 4203 (a
555 4157 682 4192 corr.
710 4139 898 4204 veneni)
929 4150 1175 4207 superant,
1200 4158 1245 4191 a.
1270 4140 1460 4191 venenis
1484 4149 1690 4201 servant,
1715 4142 1777 4190 R.
1825 4145 1903 4189 53.
1937 4141 2215 4190 Numerum
2250 4142 2439 4191 omittit
2462 4144 2509 4191 (1.

276 4212 354 4257 54.
406 4209 642 4271 Maudio,
676 4211 836 4261 RTd.
900 4208 1139 4270 Mamilio,
1173 4226 1218 4258 a.
1309 4214 1387 4257 55.
1433 4207 1668 4269 Umbrico,
1711 4208 1814 4257 Ra.
2066 4271 2106 4331 3

340 4276 490 4324 an.
528 4276 570 4325 I.
