2961 4861
412 322 499 383 44
1108 332 1514 379 NATURALIS
1560 331 1949 379 HISTORIAE

413 487 560 574 peio
600 486 885 564 Lenaeo,
930 483 1183 551 Maccio
1201 487 1251 526 ²⁵
1278 483 1531 562 Plauto,
1578 481 1826 561 Flavio,
1872 482 2173 549 Dosseno
2192 485 2261 560 33,
2311 479 2652 560 Scaevola,

413 588 601 654 Aelio
620 591 688 667 ²⁷,
733 586 927 652 Ateio
972 582 1307 673 Capitone,
1356 582 1581 649 Sextio
1621 582 1846 670 Nigro,
1891 582 2088 650 Vibio
2132 581 2306 647 Rufo
2323 584 2393 645 ²⁸.

498 689 905 753 EXTERNIS:
938 686 1225 752 Hesiodo
1242 689 1312 763 ²⁹,
1343 684 1716 762 Aristotele,
1746 683 2139 762 Democrito,
2164 682 2451 748 Hierone
2472 706 2656 770 rege,

414 791 638 856 Attalo
680 788 1108 853 Philometore
1151 808 1304 872 rege
1321 788 1392 863 ³⁰,
1438 784 1730 867 Archyta
1748 788 1819 862 ³¹,
1864 783 2322 869 Xenophonte,
2367 783 2652 870 Amphi-

415 892 595 957 locho
637 889 994 965 Athenan,
1039 885 1387 972 Anaxipoli
1417 885 1675 963 Thasio,
1721 885 2112 971 Apollodoro
2153 883 2448 961 Lemnio,
2493 884 2655 948 Ari-

415 991 724 1077 stophane
766 987 1044 1065 Milesio,
1090 986 1417 1073 Antigono
1464 983 1770 1071 Cymaeo,
1815 985 2178 1072 Agathocle
2210 982 2397 1062 Chio,
2442 985 2655 1071 Apol-

413 1090 583 1158 lonio
637 1089 1066 1174 Pergameno,
1143 1086 1530 1151 Aristandro
1585 1085 1953 1164 Athenan,
2029 1084 2311 1150 Bacchio
2367 1084 2656 1164 Milesio,

415 1191 619 1255 Bione
657 1187 946 1267 Solense,
988 1185 1279 1254 Chaerea
1314 1186 1674 1265 Athenan,
1716 1183 2054 1252 Chaeristo
2068 1189 2121 1228 33
2150 1186 2328 1263 item,
2365 1180 2660 1252 Diodoro

413 1291 749 1369 Prienan,
793 1289 1005 1356 Dione
1036 1285 1448 1374 Colophonio,
1495 1286 1790 1374 Epigene
1817 1287 2089 1367 Rhodio,
2133 1287 2448 1374 Euagone
2477 1287 2658 1359 Tha-

416 1392 530 1470 sio,
589 1390 961 1478 Euphronio
978 1393 1028 1432 33
1086 1389 1445 1467 Athenaeo,
1507 1388 1905 1454 Androtione
1957 1388 2069 1473 qui
2125 1388 2209 1454 de
2262 1388 2662 1474 agricultura

417 1492 690 1578 scripsit,
735 1489 1130 1556 Aeschrione
1167 1488 1279 1574 qui
1298 1488 1479 1567 item,
1522 1487 1914 1573 Lysimacho
1951 1489 2063 1574 qui
2097 1489 2256 1554 item
2273 1491 2344 1567 ⁸4,
2400 1489 2660 1575 Diony-

418 1594 513 1659 sio
558 1593 669 1679 qui
711 1591 1062 1678 Magonem
1105 1589 1450 1667 transtulit,
1494 1588 1836 1674 Diophane
1881 1590 1992 1674 qui
2036 1613 2118 1655 ex
2158 1588 2476 1674 Dionysio
2519 1591 2661 1677 epi-

422 1706 634 1760 tomen
678 1692 853 1771 fecit,
897 1690 1286 1777 Asclepiade
1320 1690 1590 1767 medicO,
1634 1688 2027 1768 Erasistrato
2055 1691 2233 1770 item,
2282 1688 2663 1757 Commiade

418 1796 529 1881 qui
573 1796 655 1861 de
698 1794 1033 1862 conditura
1075 1791 1209 1857 vini
1226 1795 1296 1870 35,
1355 1790 1804 1856 Aristomache
1848 1791 1958 1877 qui
2000 1791 2176 1870 item,
2236 1791 2503 1859 Hicesio
2548 1793 2664 1879 qui

418 1896 597 1973 item,
643 1893 1031 1959 Themisone
1073 1892 1343 1971 medicO,
1390 1890 1777 1970 Onesicrito,
1821 1892 1986 1959 Iuba
2028 1914 2206 1979 rege.

871 2062 1176 2139 LIBRO
1230 2063 1432 2137 XVI.
1491 2063 2206 2141 CONTINENTUR

423 2195 832 2263 Silvestrium
874 2195 1171 2261 arborum
1214 2205 1504 2260 naturae.
1566 2192 1811 2261 Gentes
1857 2195 1993 2261 sine
2036 2197 2284 2263 arbore.
2340 2196 2667 2265 Miracula

421 2297 490 2362 in
533 2296 1010 2385 septentrionali
1051 2295 1311 2383 regione
1349 2297 1648 2361 arborum
1662 2299 1705 2360 ¹.
1749 2296 1855 2364 De
1883 2297 2280 2382 glandiferis.
2323 2297 2429 2365 De
2459 2300 2666 2365 civica

423 2422 689 2479 corona3
758 2399 839 2467 de
893 2421 1268 2466 coronarum
1322 2397 1605 2485 origine3
1672 2397 1785 2484 qui
1828 2397 2095 2465 frondea
2137 2422 2369 2469 corona
2422 2400 2663 2468 donati.

426 2498 775 2566 Glandium
816 2525 1057 2588 genera
1098 2518 1255 2565 XIII.
1311 2500 1417 2566 De
1461 2500 1635 2586 fago.
1676 2500 1785 2565 De
1825 2500 2089 2586 reliquis
2132 2503 2497 2588 glandibus.
2555 2504 2664 2571 De

426 2602 721 2668 carbone.
763 2602 871 2669 De
899 2604 1090 2689 galla.
1143 2600 1359 2683 Quam
1388 2602 1591 2668 multa
1632 2613 1889 2688 praeter
1928 2603 2231 2689 glandem
2273 2605 2487 2671 ferant
2514 2613 2688 2672 eae-'

428 2704 576 2766 dem
620 2703 895 2767 arbores.
958 2699 1266 2786 Cachrys.
1329 2700 1632 2768 Coccum.
1696 2702 2070 2788 Agaricum.
2133 2701 2430 2785 Quarum
2473 2707 2662 2773 arbo-

425 2805 613 2867 rum²
668 2801 935 2868 cortices
993 2801 1061 2865 in
1118 2824 1265 2866 usu.
1334 2802 1441 2867 De
1501 2803 1844 2868 scandulis.
1914 2803 2021 2870 De
2076 2805 2293 2891 pinu³,
2352 2808 2663 2894 pinastm,

425 2905 629 2991 picea,
654 2904 885 2983 abiete,
910 2903 1127 2982 larice,
1154 2904 1362 2980 taeda,
1389 2913 1540 2968 taxo
1551 2906 1598 2968 4.
1624 2901 1880 2984 Quibus
1893 2906 2098 2972 modis
2118 2907 2234 2971 fiat
2251 2908 2367 2994 pix
2392 2908 2664 2995 liquida3

427 3008 743 3093 quomodo
786 3006 1071 3073 cedrium
1112 3005 1261 3084 fiat;
1321 3004 1555 3091 quibus
1598 3005 1803 3072 modis
1847 3007 2053 3094 spissa
2095 3008 2211 3095 pix
2250 3010 2383 3088 fiat,
2429 3010 2667 3096 quibus

427 3121 737 3195 coquatur
754 3114 778 3152 5
819 3110 1031 3175 resina
1061 3109 1336 3196 zopissa.
1384 3105 1682 3189 Quarum
1725 3108 2024 3174 arborum
2064 3111 2372 3176 materia⁶
2416 3111 2484 3175 in
2512 3133 2666 3197 pre-

430 3211 538 3276 tio.
603 3209 873 3275 Fraxini
915 3213 1304 3297 generaIV7.
1371 3208 1579 3275 Tiliae
1623 3231 1863 3296 genera
1906 3228 1981 3275 11.
2034 3211 2266 3277 Aceris
2308 3234 2549 3298 genera
2590 3229 2665 3275 x.

427 3311 766 3388 Bruscum,
812 3313 1207 3389 molluscum,
1255 3311 1859 3403 staphylodendron.
1903 3310 2076 3377 Buxi
2104 3334 2346 3399 genera
2389 3331 2494 3377 111.
2540 3312 2665 3378 Ul-

430 3433 677 3477 morum
722 3431 964 3495 genera
1006 3428 1103 3474 Iv.
1161 3409 1490 3475 Arborum
1530 3421 1760 3477 natura
1801 3435 1919 3498 per
1962 3412 2157 3492 situs3
2204 3436 2373 3500 quae
2415 3425 2665 3480 monta-

501 3614 581 3659 25.
613 3606 822 3669 Maecio,
855 3624 900 3657 a.
941 3606 1015 3658 M.
1041 3606 1203 3667 Accio,
1228 3607 1391 3657 RTd.
1462 3614 1544 3659 26.
1568 3609 1802 3671 Dos-seno,
1840 3612 1944 3662 Bd.
1990 3613 2229 3674 Dorsone,
2253 3613 2316 3663 T.
2360 3614 2595 3674 Dor-eene,
2620 3630 2667 3663 a.

433 3681 512 3728 27.
548 3676 701 3737 Aelio,
736 3676 799 3726 T.
842 3674 1029 3735 Laelio,
1052 3691 1097 3723 a.
1141 3674 1295 3735 Lelio,
1319 3677 1424 3725 Bd.
1495 3682 1576 3727 28.
1609 3675 1759 3742 Rufo,
1783 3680 1844 3728 T.
1890 3678 2083 3744 Rufino,
2108 3682 2252 3730 Rad.
2324 3686 2405 3731 29.
2438 3680 2669 3742 Hesiodo,

432 3745 593 3794 RTa.
647 3744 975 3809 Theophrasto
997 3741 1235 3804 Hesimio,
1270 3745 1317 3791 d.
1389 3749 1470 3793 30.
1506 3744 1671 3795 Attalo
1706 3785 1771 3795 -..
1805 3764 1939 3811 reqc,
1972 3747 2129 3798 Hard.
2187 3748 2502 3799 Philometore
2542 3766 2670 3814 rcqc,

439 3810 603 3861 Attalo
645 3828 768 3877 reye,
801 3811 1005 3860 BTad.
1087 3815 1169 3859 31.
1213 3810 1454 3877 Archyta,
1488 3812 1591 3861 Td.
1637 3813 1858 3874 Archito,
1895 3815 1957 3863 R.
2002 3816 2192 3882 Anyto,
2225 3832 2270 3865 a.
2343 3821 2424 3865 32.
2470 3816 2669 3865 Chaa-i·

438 3888 526 3939 sto,
562 3879 667 3927 Td.
732 3876 1012 3938 Chaere-sio,
1046 3878 1109 3927 R.
1172 3873 1417 3939 chemin,
1451 3896 1496 3929 a.
1578 3887 1659 3930 33.
1704 3881 1986 3945 Euphratae,
2013 3884 2060 3932 d.
2142 3889 2222 3933 34.
2258 3882 2545 3949 Lysimacho
2585 3884 2673 3947 φη·

435 3948 556 4007 itera,
579 3948 681 3996 Ra.
719 3945 895 3995 Omitt.
921 3945 1024 3994 Td.
1096 3951 1176 3996 35.
1221 3948 1323 3997 vini
1348 3948 1385 4011 ,y
1410 3948 1442 3996 i.
1479 3962 1522 3997 e.
1548 3949 1763 4012 scripsit,
1788 3950 1835 3997 d.

503 4014 589 4062 Ad
612 4014 827 4062 indicem
850 4012 962 4061 libri
988 4013 1133 4064 XVI.
1159 4015 1351 4064 contuli
1375 4015 1584 4065 BTad.

509 4086 552 4128 l.
590 4081 714 4145 reyis
739 4078 944 4140 arboris,
967 4096 1012 4129 a.
1095 4088 1140 4131 2.
1188 4085 1408 4143 arbores,
1443 4084 1547 4132 Ra.
1618 4089 1664 4134 3.
1709 4085 1848 4147 pinu,
1881 4084 1984 4133 Ra.
2017 4084 2146 4148 pino,
2173 4085 2278 4134 Td.
2360 4093 2406 4136 4.
2444 4086 2671 4149 Singulis

437 4148 518 4197 his
543 4147 772 4197 ablativis
795 4148 1070 4210 praemittit
1092 4149 1151 4199 de
1175 4150 1237 4198 Τ.
1310 4156 1354 4199 5.
1396 4158 1644 4213 coquatur,
1669 4167 1713 4199 a.
1749 4160 1959 4217 θυραίαν,
1982 4152 2147 4202 RTd.
2221 4160 2266 4203 6.
2310 4155 2528 4214 materia,
2564 4154 2670 4203 Ta.

439 4214 685 4276 samariae,
726 4217 829 4265 Rd.
906 4218 948 4264 7.
988 4214 1090 4275 IV,
1132 4233 1176 4266 a.
1230 4216 1346 4278 III,
1389 4218 1552 4267 RTd.
1636 4226 1681 4269 8.
1729 4236 1851 4282 quac
1891 4229 2199 4283 campestres,
2243 4238 2366 4284 quac
2405 4222 2671 4280 siccaneae,

442 4283 605 4334 omitt.
630 4284 732 4333 Ra.
806 4290 850 4333 9.
888 4283 1080 4344 cadant,
1106 4285 1207 4335 Ra.
1234 4285 1467 4343 decidant,
1494 4286 1598 4335 Td.
1675 4293 1751 4335 lo.
1789 4287 1851 4347 in,
1879 4288 2041 4337 omitt.
2068 4288 2170 4338 Ra.
2254 4294 2331 4338 II.
2369 4288 2543 4351 nullae,
2567 4289 2670 4339 Ra.

576 4522 677 4585 ἱ.
