2961 4861
444 322 570 388 468
1152 340 1562 389 Nummus
1606 340 1997 390 msronun

444 489 671 556 landas
701 489 1054 557 mobilitate
1081 491 1294 577 ignea.
1337 490 1591 557 Ferunt
1623 501 1798 559 eerte
1834 491 1915 556 ab
1943 490 2208 558 orientis
2233 501 2422 577 parte
2448 492 2721 562 intuma

443 592 658 680 gentis
709 615 849 658 esse
910 594 1047 659 sine
1097 592 1395 672 naribus,
1454 594 1708 676 aequali
1763 593 1960 658 totius
2009 594 2138 658 oris
2179 593 2482 679 planitie,
2543 597 2717 663 alias

443 695 769 779 superiore
813 695 995 760 labro
1038 695 1248 774 orbas,
1295 694 1450 761 alias
1496 694 1633 760 sine
1676 694 1932 782 linguis.
1978 693 2143 760 Pars
2173 694 2365 760 etiam
2395 718 2510 761 ore
2541 720 2710 763 eon·
2742 717 2842 761 iss

441 804 618 860 ereto
661 806 728 860 et
767 795 1030 861 naribus
1084 817 1307 861 carens
1363 816 1494 872 uno
1539 805 1789 862 tantum
1831 794 2145 860 foramine
2190 795 2393 881 spirat
2433 808 2711 883 potum-

442 916 568 978 que
622 895 881 962 ealamis
938 917 1180 960 avenae
1234 895 1431 959 trahit
1475 905 1541 960 et
1592 916 1796 982 grana
1845 894 2135 960 eiusdem
2177 917 2425 961 avenae
2467 910 2710 984 sponte

437 995 871 1083 provenientis
922 995 1009 1060 ad
1062 995 1473 1072 vescendum.
1544 994 1953 1075 Quibusdam
1994 1018 2113 1080 pro
2158 1017 2455 1062 sermone
2498 1009 2707 1064 nutus

439 1109 776 1182 motusque
820 1099 1253 1164 membrorum
1296 1109 1416 1164 est.
1466 1096 1877 1179 Quibusdam
1905 1109 2056 1163 ante
2082 1098 2534 1165 Ptolemaeum
2560 1101 2703 1166 La—

436 1200 698 1284 thyrum
738 1201 1037 1287 Aegypti
1089 1222 1306 1286 regem
1363 1200 1626 1287 ignotus
1676 1199 1803 1265 fuit
1854 1221 2012 1264 usus
2068 1198 2336 1285 ignium.
2410 1198 2706 1281 Quidam

435 1309 503 1366 et
541 1299 1019 1388 Pygmaeorum
1062 1311 1323 1388 gentem
1362 1299 1786 1385 prodiderunt
1820 1301 1990 1365 inter
2026 1300 2302 1385 paludis,
2348 1322 2433 1366 ex
2460 1302 2707 1386 quibus

437 1400 627 1467 Nilus
668 1402 961 1467 oriretur.
1028 1400 1108 1465 In
1159 1423 1272 1466 ora
1324 1411 1567 1479 autem,
1623 1400 1738 1465 ubi
1792 1400 2055 1478 desinit,
2113 1401 2403 1466 continui
2443 1413 2708 1469 montes
2736 1421 2837 1466 189

441 1502 723 1568 ardentis
782 1502 1021 1567 similes
1075 1502 1330 1567 rubent.
1399 1500 1795 1588 Trogodytis
1854 1508 1921 1564 et
1974 1501 2170 1565 rubro
2222 1502 2388 1565 mari
2443 1526 2487 1566 a
2544 1502 2706 1569 Me-

438 1626 550 1670 roe
606 1613 845 1668 traetus
902 1603 1107 1669 omnis
1160 1601 1652 1687 superponitur,
1704 1624 1746 1665 a
1783 1599 2041 1686 Napata
2091 1601 2286 1665 tridui
2339 1603 2409 1666 in
2460 1603 2706 1669 itinere

440 1705 526 1770 ad
567 1704 835 1769 rubrum
875 1703 1027 1768 litus
1072 1725 1241 1787 aqua
1280 1703 1502 1789 pluvia
1540 1702 1626 1767 ad
1665 1723 1856 1765 usum
1896 1700 2308 1787 conpluribus
2349 1702 2512 1768 loeis
2559 1727 2706 1769 ser-

441 1815 614 1885 vata,
661 1804 1057 1870 fertilissima
1096 1803 1362 1891 regione
1406 1824 1575 1886 quae
1614 1802 1883 1866 interest
1924 1802 2083 1866 auri.
2137 1800 2468 1867 Ulteriora
2510 1804 2705 1869 Ada-

440 1906 577 1994 buli
606 1906 1007 1992 Aethiopum
1045 1926 1206 1991 gens
1253 1913 1492 1968 tenent.
1537 1902 1713 1968 Dein
1742 1912 1964 1968 contra
1990 1901 2267 1967 Meroen
2293 1903 2703 1991 Megabarri,

447 2027 611 2089 quos
639 2006 835 2090 aliqui
863 2005 1231 2070 Adiabaros
1259 2005 1692 2080 nominavere,
1729 2003 2041 2088 oppidum
2067 2004 2311 2069 habent
2336 2005 2703 2090 Apollinis3

446 2128 600 2192 pars
645 2126 867 2169 eorum
907 2104 1231 2170 Nomades
1244 2152 1262 2182 ‚
1309 2126 1472 2187 quae
1519 2103 1877 2187 elephantis
1919 2103 2221 2170 vescitur.
2274 2104 2383 2168 Ex
2424 2105 2706 2172 adverso
2736 2127 2836 2172 leo

450 2207 520 2271 in
561 2205 828 2270 Africae
881 2215 1066 2291 parte
1108 2203 1462 2282 Macrobii,
1497 2209 1739 2269 'rursus
1782 2226 1822 2267 a
1861 2202 2269 2289 Megabarris
2311 2204 2710 2273 Memnones

456 2318 523 2374 et
563 2306 802 2375 Dabeli
846 2306 1221 2392 dierumque
1274 2329 1373 2370 xx
1428 2306 1761 2374 intervallo
1802 2301 2104 2370 Critensi.
2168 2304 2362 2370 Ultra
2405 2329 2514 2372 eos
2556 2308 2707 2373 Do-

453 2409 588 2489 chi,
649 2410 801 2476 dein
859 2406 1219 2494 Gymnetes
1276 2429 1533 2494 semper
1588 2406 1779 2484 nudi3
1848 2427 2001 2471 mox
2056 2406 2389 2488 Andetae,
2450 2407 2708 2475 Mothi-

459 2523 563 2579 tae
578 2558 595 2589 ,
640 2509 986 2578 Mesaohes
998 2557 1021 2588 ,
1069 2507 1420 2594 Ipsodorae
1432 2555 1452 2586 ,
1512 2507 1636 2573 atri
1690 2506 1918 2573 eoloris
1959 2516 2093 2572 tota
2134 2529 2401 2595 corpora
2440 2509 2711 2576 rubrica

524 2749 796 2813 caelanda,
825 2752 959 2801 R¹d.
996 2788 1061 2800 ...
1095 2749 1309 2810 Fertur,
1339 2765 1381 2798 r.
1418 2788 1482 2798 -
1520 2756 1671 2809 certe,
1702 2750 1753 2799 R
1785 2745 1971 2812 (Rob.)
2018 2757 2207 2813 certas,
2241 2753 2288 2800 d.
2343 2752 2510 2814 certiS,
2539 2747 2598 2803 θ.
2639 2793 2708 2803 ..-

454 2820 636 2872 oriente
663 2828 859 2884 partes,
892 2820 941 2868 d.
979 2856 1042 2867 ....
1078 2815 1301 2878 intimae,
1334 2819 1383 2865 d.
1420 2855 1486 2865 ..
1521 2816 1761 2878 aequari,
1785 2819 1833 2868 d.
1881 2817 2118 2868 Ceterum
2147 2833 2196 2867 v.
2226 2818 2386 2869 Solin.
2409 2826 2490 2881 30,
2520 2826 2601 2870 12.
2642 2861 2710 2870 -.

455 2887 717 2952 superiore,
742 2888 790 2937 d.
828 2926 893 2939 ....
927 2884 1045 2948 oris,
1069 2887 1117 2936 d.
2266 2935 2314 2963 e
2393 2894 2398 2898 ⁴

524 2982 553 3044 ξ
582 2985 695 3035 188.
729 2978 1011 3044 foramina,
1032 2979 1097 3028 R.
1135 3017 1197 3026 ...
1227 2977 1563 3040 provenientis
1586 2984 1764 3041 sponte,
1788 2978 1923 3027 Rob.
1962 3017 2025 3026 .-.
2069 2975 2370 3034 Quibusdam
2389 3019 2452 3028 .-
2470 2980 2711 3031 membro-

459 3064 568 3098 rum
593 3057 682 3107 est,
706 3049 841 3097 Rob.
889 3047 1065 3097 Omitt.
1087 3046 1196 3097 Rd.
1233 3085 1297 3094 .-
1331 3044 1623 3108 Lathyrum,
1647 3046 1711 3094 R.
1764 3044 2025 3109 Latyrum,
2051 3047 2084 3095 d
2107 3043 2289 3107 (Rob.)
2336 3045 2632 3109 Lamum-um,
2658 3062 2712 3113 r.

461 3155 525 3164 ..-
560 3115 966 3232 ἔῃρτῶἓεὲειη,
990 3114 1095 3163 Rd.
1142 3128 1297 3178 reqem
1318 3110 1545 3178 Aeyypti,
1568 3113 1702 3163 Bob.
1726 3107 1830 3176 βγ.
1869 3151 1927 3161 ..
1968 3111 2110 3172 inter,
2134 3105 2349 3163 ROTd.
2387 3123 2515 3176 ante,
2538 3109 2599 3174 β.
2644 3155 2710 3165 .....

462 3197 539 3243 ex,
663 3200 712 3242 a,
880 3218 893 3230 .
2115 3196 2120 3199 ·

530 3276 559 3336 ξ
580 3279 701 3323 189.
739 3273 811 3322 ibi
833 3271 1024 3334 desinit,
1048 3273 1098 3323 R
1121 3270 1240 3333 (init
1262 3286 1329 3321 ex
1352 3268 1507 3333 corr.)
1542 3268 1717 3320 ibidem
1740 3270 1889 3331 sinus,
1913 3273 2022 3322 Td.
2064 3271 2151 3322 ubi
2171 3266 2412 3333 desiimm,
2435 3268 2527 3336 βγ
2571 3277 2713 3325 unde

461 3339 548 3389 ubi
568 3340 768 3389 retinui.
807 3380 870 3389 .-.
908 3349 1105 3401 montes,
1129 3341 1194 3389 R.
1239 3338 1432 3402 montisi,
1457 3340 1564 3388 Td.
1601 3379 1664 3388 ..-
1701 3336 1942 3399 ardentis,
1975 3340 2142 3389 R'I'd.
2188 3338 2478 3400 ardentibus,
2499 3309 2603 3404 ργ.
2643 3381 2711 3391 ...

464 3405 660 3467 similis,
685 3408 732 3456 d.
771 3446 834 3456 ....
869 3406 1169 3472 supponitur,
1195 3407 1300 3455 Td.
1326 3446 1389 3455 -.
1427 3408 1490 3466 in,
1515 3407 1619 3455 Rd.
1658 3406 1835 3457 Omitt.
1859 3400 1961 3470 βγ.
1998 3446 2063 3455 .-
2099 3416 2310 3466 servata,
2333 3407 2496 3457 RTd.
2530 3422 2712 3458 serva-

464 3483 573 3591 ἱῖἓ
595 3469 984 3602 ‘iat-..w
1018 3475 1192 3589 ⁶355..-
1227 3472 1565 3591 ἒέαόἕέξηῒ.
1596 3471 2001 3600 *ἒᾱ“”””’“]ῑιὲ;,.
2016 3469 2712 3598 ’ῗξ“”“”]]ίὲζ·ι,.ῖη·,’ἷέἓέζ’

466 3576 788 3672 May-cibardi,
807 3611 854 3658 d.
879 3555 1140 3671 ,ΕΙ-οἷαὸνί,
1163 3577 1230 3658 Κ’.
1265 3556 1794 3673 Meqabari,'ssrr:
1810 3557 2351 3669 Adiabdroisfiss'rg.
2394 3580 2713 3670 Adiabaros}

465 3671 567 3740 βγ.
605 3716 669 3724 ...
706 3675 901 3725 nomina
922 3690 1053 3738 vero,
1078 3676 1126 3725 d.

536 3761 566 3821 ἓ
594 3766 705 3810 190.
738 3770 903 3825 parte,
930 3776 1030 3810 om.
1056 3762 1130 3810 (1¹.
1168 3800 1232 3810 ...
1267 3757 1612 3823 Meqabarris‚
1635 3760 1798 3813 RTd.
1844 3756 2160 3822 MeyabariS,
2184 3755 2288 3824 βγ.
2326 3800 2390 3812 ...
2427 3756 2712 3822 Mennones,

467 3829 532 3878 R.
570 3865 634 3881 .-
668 3826 864 3889 Dabeli,
898 3830 962 3878 R.
1014 3826 1231 3889 Dabelli,
1270 3819 1427 3877 OTd.
1478 3825 1702 3885 Davelli,
1733 3822 1835 3891 βγ.
1877 3865 1934 3874 .-
1974 3825 2101 3886 dein,
2132 3828 2239 3876 Rd.
2292 3826 2479 3886 deinde,
2501 3821 2603 3891 βγ.
2643 3867 2709 3879 .-

468 3895 710 3954 Andetae,
733 3898 797 3946 R.
839 3891 1091 3955 Anderae,
1116 3891 1255 3958 ᾶβγ.
1294 3933 1358 3942 ...
1396 3891 1650 3954 Modubae,
1672 3896 1735 3944 R.
1780 3891 2021 3952 Meridies,
2053 3885 2110 3942 θ.
2153 3893 2412 3955 Maritha,
2436 3895 2541 3944 Td.
2585 3891 2709 3944 Ma·

473 3962 637 4023 thitae,
668 3958 772 4026 βγ.
808 4001 872 4011 -.
911 3959 1181 4022 Mesaehes,
1214 3963 1377 4012 RTd.
1432 3958 1718 4024 Messayes,
1758 3952 1814 4009 θ.
1867 3959 2174 4026 Μεεαροὸεε,
2205 3956 2309 4024 βγ.
2347 4000 2411 4010 -.
2453 3959 2711 4024 Ipsodore,

470 4029 634 4078 RTd.
680 4027 936 4093 Ipsodoro,
967 4021 1024 4077 θ.
1068 4028 1368 4093 Hipporeae,
1392 4023 1494 4092 βγ.
1534 4067 1592 4078 ...
1641 4026 1847 4088 lubrica,
1872 4029 1935 4077 R.
1973 4067 2038 4077 -.
2076 4025 2333 4088 Medimni,
2365 4028 2572 4078 Barbar.
2597 4028 2709 4078 Rd.

472 4092 684 4155 Edimni,
709 4096 773 4145 Τ.
811 4093 1106 4156 Menismini,
1128 4097 1287 4146 altera
1307 4096 1521 4145 Barbari
1544 4095 1848 4144 coniectura.
1885 4134 1948 4143 .-.
1986 4094 2116 4155 dein,
2138 4095 2248 4145 Rd.
2292 4094 2484 4154 deinde,
2506 4089 2605 4159 βγ.
2643 4134 2710 4144 .-

474 4159 738 4223 Nomades,
761 4176 808 4210 v.
834 4162 996 4213 Solin.
1021 4168 1103 4223 30,
1128 4168 1176 4212 4.
1215 4202 1279 4212 -.
1313 4160 1491 4223 Aladi,
1522 4155 1677 4212 GTd.
1711 4160 1908 4222 Aladis,
1931 4161 1995 4211 R.
2035 4160 2197 4222 Olabi,
2217 4157 2319 4226 βγ.
2356 4201 2418 4210 -
2457 4159 2713 4227 Syrbotaae,

475 4229 623 4279 codd.
646 4228 872 4278 Barbari.
910 4227 1172 4291 Syrdotae,
1202 4221 1260 4277 θ.
1296 4228 1546 4289 Sirdotae,
1566 4229 1730 4278 R'rd.
1768 4267 1832 4278 ...
1869 4228 1940 4278 ad
1955 4226 2108 4293 pedes
2127 4228 2268 4290 XII,
2291 4229 2452 4280 Sonn.
