2961 4861
1256 380 1637 425 PRAEFATIO.
2399 380 2566 422 XXIX

323 535 579 595 transiit.
624 535 941 594 Praeclare
969 529 1073 607 34,
1109 528 1275 605 141„
1305 535 1391 592 uti
1418 533 1650 593 Ianus
1678 534 1755 592 ad
1783 535 1844 591 h.
1874 534 1915 591 1.
1948 541 2007 592 et
2033 541 2168 592 ante
2195 550 2330 592 eum
2367 533 2568 592 Rade-

320 664 424 704 rus
453 646 532 703 ad
561 643 833 703 Curtium
860 642 1008 701 VII.
1039 639 1239 714 8,·15.
1268 644 1613 713 docuerunt,
1643 643 1817 701 lectio
1846 643 2063 702 codicis
2101 663 2132 701 r
2157 645 2429 719 facientis
2467 660 2574 718 per

320 754 722 813 Parisiensem
752 753 791 809 h
824 754 1218 823 confirmatur,
1264 771 1398 811 cum
1438 753 1614 811 ceteri
1650 752 1785 810 libri
1825 761 1885 812 et
1910 751 2043 811 edd.
2087 752 2368 827 vulgatae
2396 752 2573 809 inter-

322 862 678 940 polationem
713 863 857 921 satis
886 863 1208 937 speciosam
1233 865 1486 939 faciente
1527 863 1826 931 habeant„
1854 861 2149 937 Argutiae
2189 861 2426 936 pictoris
2468 878 2574 918 cu·-

322 973 552 1030 iusdam
582 966 687 1043 35,
721 967 863 1029 117.
895 971 1219 1029 secundum
1246 989 1432 1029 unum
1457 990 1492 1028 r
1521 970 1791 1029 dicuntur
1816 970 2000 1029 fuisse
2028 972 2376 1048 facetissimi
2414 972 2576 1038 salis,

327 1082 487 1157 quod
513 1100 552 1139 a
581 1082 787 1140 ceteris
816 1079 1088 1138 omnibus
1117 1079 1371 1138 librariis
1399 1080 1461 1137 in
1476 1082 1874 1156 facitissimeis
1901 1082 2058 1150 aliis,
2086 1082 2436 1156 facetissime
2465 1080 2576 1149 his,

313 1192 654 1269 facilissimi
692 1193 833 1249 salis
852 1230 868 1261 ‚
898 1191 1176 1266 facillimi
1224 1191 1400 1259 salic,
1427 1192 1732 1265 facillimis
1776 1192 1917 1259 alis,
1951 1190 2293 1265 falcissimis
2342 1190 2454 1246 alis
2491 1193 2582 1245 est

329 1307 678 1374 corruptum
694 1340 712 1369 ,
757 1315 907 1372 quae
944 1298 1312 1374 corruptelae
1355 1315 1561 1355 omnes
1601 1305 1960 1372 quantopere
1996 1298 2350 1372 scripturam
2379 1314 2581 1355 veram

329 1409 406 1466 ab
436 1426 553 1465 usu
579 1404 855 1465 Pliniano
884 1407 1345 1465 commendatam
1374 1407 1723 1465 confirment
1749 1425 1921 1465 nemo
1950 1425 2066 1464 non
2094 1407 2272 1465 videt.
2314 1406 2581 1482 Interpo-

318 1516 607 1574 ·lationem
636 1516 955 1574 editionum
984 1515 1385 1592 vulgatam,
1417 1524 1606 1574 ortam
1635 1516 1797 1574 illam
1826 1536 1859 1575 e
1888 1516 2182 1591 scriptura
2207 1514 2581 1574 h‘brariorum

329 1626 687 1703 optimorum
706 1627 1014 1698 librorum,
1039 1626 1214 1701 primi
1232 1626 1598 1684 removimus
1620 1620 1726 1697 36,
1741 1621 1908 1695 121„
1931 1625 2032 1683 ubi
2050 1643 2104 1696 r,
2128 1624 2256 1684 solo
2276 1624 2584 1683 addicente

329 1735 654 1794 Parisiensi
674 1735 744 1807 h,
785 1742 945 1794 recte
987 1734 1225 1794 exhibet
1267 1734 1337 1803 Q.
1382 1737 1650 1793 Marcius
1686 1735 1814 1792 Rex
1856 1736 2050 1792 iussus
2066 1756 2088 1800 ‚-
2127 1734 2346 1791 usitato
2388 1751 2584 1791 errore

333 1863 443 1922 pro
470 1844 575 1902 illo
615 1844 686 1914 Q.
713 1846 779 1903 in
805 1845 973 1903 libris
998 1842 1169 1901 BRd
1196 1849 1391 1900 exstat
1418 1862 1582 1918 quac,
1613 1843 1771 1916 quod
1810 1841 2315 1919 interpolationem
2354 1841 2585 1900 foedam

322 1953 673 2031 'procreavit
701 1974 848 2030 quac
883 1953 954 2022 Q.
998 1955 1264 2012 Marcius
1293 1952 1422 2009 Rex
1436 1954 1603 2028 fecit.
1646 1953 1710 2011 Is
1738 1955 1950 2012 iussus.
1995 1951 2163 2011 Haec
2191 1950 2486 2009 sufficiant
2511 1951 2584 2010 de

338 2062 686 2121 lectionibus
712 2081 767 2133 r,
796 2063 859 2120 in
887 2061 1101 2137 quibus
1131 2069 1388 2119 ceterum
1415 2060 1621 2120 foedae
1650 2061 1824 2119 etiam
1852 2062 2333 2137 interpolationes
2362 2061 2582 2120 inveni-

334 2180 538 2242 untur,
566 2171 653 2229 uti
680 2165 785 2243 35,
819 2165 962 2229 170.
1009 2166 1176 2241 174.,
1218 2171 1294 2228 de
1338 2170 1552 2245 quibus
1591 2169 1737 2229 locis
1792 2189 1973 2247 supra
2010 2172 2308 2247 disputavi
2323 2189 2342 2240 3
2394 2180 2582 2229 trans-

338 2281 597 2339 eundum
646 2281 723 2338 ad
752 2280 962 2355 siglam
1010 2279 1073 2337 V
1121 2280 1286 2339 nobis
1335 2286 1601 2338 notatam
1641 2280 1721 2350 Κ,
1776 2281 1939 2339 cuius
1986 2282 2279 2357 expositio
2327 2282 2403 2339 ab
2453 2281 2581 2356 ipso

335 2389 720 2466 Dalecampio
749 2390 981 2466 prolata
1008 2390 1095 2448 uti
1121 2390 1349 2449 codices
1386 2390 1639 2461 indicat,
1679 2388 1763 2448 ita
1800 2389 1899 2447 vel
1928 2391 2204 2451 editiones
2244 2390 2342 2449 vel
2384 2391 2582 2449 conie-

339 2509 539 2559 cturas
569 2501 832 2558 virorum
853 2500 1157 2559 doctorum
1179 2518 1294 2557 non
1316 2499 1593 2559 excludit.
1639 2500 1722 2558 Et
1747 2499 1855 2557 has
1878 2501 2114 2574 quidem
2140 2520 2178 2558 a
2203 2500 2583 2578 Dalecampio

338 2630 447 2686 per
488 2609 654 2666 illam
695 2610 950 2668 litteram
985 2609 1167 2667 fuisse
1209 2609 1562 2683 significatas
1612 2610 1999 2669 creberrimus
2051 2609 2212 2669 illius
2256 2613 2581 2688 scripturae

340 2736 485 2778 cons
493 2735 672 2776 ensus
701 2735 833 2775 cum
864 2718 1216 2777 coniecturis
1244 2717 1497 2776 Barbari
1536 2727 1594 2776 et
1633 2717 1889 2777 Pintiani
1930 2720 2128 2790 docet3
2170 2720 2490 2778 clarissime
2527 2720 2584 2777 id

344 2830 556 2888 docent
581 2827 718 2898 loci,
749 2825 942 2900 qualis
970 2835 1062 2885 est
1088 2824 1150 2898 2,
1181 2822 1350 2899 230„
1378 2828 1480 2885 ubi
1507 2828 1742 2886 lectioni
1770 2828 2044 2887 Clitumni
2060 2830 2370 2906 adscripsit
2406 2830 2589 2888 verba

355 2940 478 2999 Vct.
509 2939 904 3012 adstipulatur
933 2938 1013 2995 M
1019 2959 1041 3003 ‚-
1069 2943 1139 2994 ut
1163 2938 1408 3015 proinde
1436 2956 1655 3010 negare
1682 2938 1883 3008 noim,
1915 2939 2166 2995 aliorum
2210 2940 2382 2996 etiam
2426 2939 2586 2996 viro-

340 3064 476 3105 rum
515 3046 820 3104 doctorum
859 3047 1242 3119 coniecturas,
1287 3049 1388 3122 qui
1428 3047 1776 3105 industriam
1813 3065 2025 3116 meam,
2066 3048 2333 3120 quamvis
2371 3066 2586 3117 acrem,

341 3156 673 3232 effugerunt
686 3199 705 3228 ,
751 3156 861 3214 sub
898 3157 1004 3213 illa
1030 3156 1214 3214 latere
1228 3199 1246 3228 ,
1289 3157 1393 3215 sed
1417 3158 1560 3213 item
1603 3174 1775 3213 nemo
1818 3156 2052 3230 negabit
2077 3154 2398 3230 permultas
2426 3174 2459 3211 e
2487 3175 2589 3215 co-

341 3266 565 3324 dicibus
593 3265 837 3324 haustas
866 3266 1144 3324 lectiones
1181 3283 1397 3340 easque
1432 3282 1606 3340 saepe
1645 3263 2177 3340 praestantissimas
2204 3282 2309 3337 per
2334 3264 2590 3323 litteram

339 3373 405 3432 K
431 3374 694 3446 indicari,
727 3376 831 3449 qui
858 3394 1009 3452 quae
1036 3393 1148 3450 ego
1175 3377 1294 3433 iam
1322 3375 1383 3432 in
1411 3374 1562 3432 hanc
1598 3393 1724 3432 rem
1753 3393 1884 3431 sum
1929 3371 2219 3430 allaturus
2257 3374 2588 3450 perlegerit.

342 3482 441 3539 Ita
480 3478 518 3538 2
535 3523 551 3551 ,
598 3479 741 3541 121.
786 3490 1002 3542 ventus
1039 3484 1250 3559 aliquis
1293 3482 1836 3542 vehementissimus
1877 3483 1940 3540 in
1982 3482 2278 3540 nonnullis
2323 3485 2491 3542 codd.
2532 3494 2591 3543 et

343 3591 481 3648 edd.
513 3589 770 3664 vulgatis
792 3592 1003 3651 dicitur
1026 3594 1276 3651 coerceri
1291 3596 1501 3669 paucis
1522 3604 1650 3651 ante
1672 3594 1942 3652 limitibus
1964 3596 2088 3668 iuqi
2105 3595 2312 3652 modici
2330 3611 2589 3665 occursu,

343 3699 448 3758 ubi
474 3698 630 3757 illud
660 3701 932 3759 limitibus
960 3719 1093 3759 cum
1121 3700 1286 3760 nulla
1313 3702 1539 3760 ratione
1578 3702 1857 3777 explicari
1893 3710 2118 3777 posset3
2159 3718 2272 3776 ego
2301 3720 2378 3759 ex
2403 3702 2466 3760 Κ
2492 3720 2589 3760 re-

348 3810 479 3885 cepi
504 3810 753 3868 millibus
782 3827 864 3867 sc.
894 3828 1198 3886 passuum,
1220 3829 1382 3886 quae
1402 3811 1691 3886 scriptura
1710 3830 1815 3886 per
1834 3812 1923 3869 R2
1944 3811 2175 3887 egregie
2195 3811 2590 3884 confirmatur,

346 3937 424 3977 ex
452 3928 570 3993 quo
597 3917 826 3976 Ianus
854 3921 979 3978 mili
1004 3920 1281 3992 enotavit,
1312 3921 1470 3996 quod
1496 3920 1556 3977 in
1586 3923 1755 3978 militi
1781 3928 1842 3977 et
1866 3920 2002 3978 inde
2028 3921 2091 3979 in
2114 3921 2424 3981 lectionem
2454 3923 2593 3981 vul-

347 4034 557 4106 gatam.
588 4029 838 4088 transiit.
894 4027 1037 4087 Alio
1077 4029 1209 4087 loco
1251 4025 1354 4102 32,
1401 4024 1505 4089 50.
1548 4047 1666 4087 non
1706 4025 1968 4088 dubitavi
1994 4050 2071 4089 ex
2096 4050 2216 4089 uno
2242 4032 2305 4090 Κ
2331 4032 2590 4108 recipere

346 4156 562 4196 nomen
601 4141 819 4211 nassis,
864 4140 939 4197 de
978 4157 1096 4214 quo
1133 4146 1395 4216 repetere
1430 4138 1572 4196 nolo
1610 4155 1761 4212 quae
1795 4138 1920 4197 illic
1955 4140 2267 4216 disputavi.
2333 4140 2435 4201 Ab
2473 4161 2593 4200 uno

347 4245 769 4325 Bambergensi
795 4250 994 4310 codice
1023 4250 1401 4308 confirmatur
1441 4248 1602 4324 quod
1644 4247 1707 4305 Κ
1740 4248 2062 4308 rectissime
2103 4249 2279 4309 habet
2305 4245 2409 4323 34,
2445 4246 2589 4308 176.
