2961 4861
364 374 487 441 256
1071 383 1478 440 NATURAm's
1524 374 1912 439 Hls'romAE
1956 458 1963 461 ⁷

361 565 637 608 vennam
664 542 1083 626 Altinumque
1134 563 1251 627 per
1294 562 1426 604 cxx
1456 563 1506 604 M
1533 565 1621 627 p.,
1669 552 1883 606 tamen
1941 563 2068 624 qua
2126 542 2371 630 largius
2414 547 2614 609 vomit

279 628 286 639 ,
362 654 613 729 septem
668 644 870 708 maria
925 643 1133 707 dictus
1188 641 1421 706 facere.
1488 641 1794 728 Augusta
1835 641 2008 707 fossa
2049 642 2429 708 Ravennam
2475 660 2608 709 tra-

289 768 292 777 ·
360 746 535 810 hitur
550 794 569 822 ,
613 744 725 809 ubi
768 744 1032 808 Padusa
1075 752 1361 819 vocatur,
1410 742 1731 826 quondam
1770 741 2178 809 Messanicus
2222 745 2608 830 appellatus.

276 906 294 923 ,
359 847 756 912 Proxumum
796 844 948 908 inde
990 842 1227 908 ostium
1268 843 1780 930 magnitudinem
1822 856 2046 929 portus
2088 845 2285 910 habet
2324 847 2436 929 qui
2463 846 2606 911 Va-

359 948 527 1011 treni
580 944 816 1009 dicitur
832 993 850 1023 ,
906 967 1033 1028 qua
1078 941 1390 1008 Claudius
1439 940 1682 1008 Caesar
1736 966 1771 1008 e
1813 943 2151 1009 Britannia
2206 947 2608 1033 triumphans

358 1044 747 1135 praegrandi
804 1045 916 1110 illa
969 1044 1162 1108 domo
1215 1043 1429 1108 verius
1489 1065 1680 1126 quam
1743 1066 1908 1117 nave
1962 1045 2223 1110 intravit
2263 1045 2601 1112 Hadriam.

356 1148 505 1214 Hoc
548 1158 697 1212 ante
740 1144 1095 1211 Eridanum
1140 1144 1374 1209 ostium
1418 1142 1839 1222 dictum,est,
1884 1145 1968 1209 ab
2012 1145 2153 1213 aliis
2198 1143 2604 1232 Spineticum
2636 1167 2740 1211 120

355 1250 439 1315 ab
493 1248 653 1314 urbe
714 1244 950 1334 Spina,
1019 1267 1184 1328 quae
1240 1244 1367 1308 fuit
1421 1243 1604 1307 iuxta
1660 1247 2072 1329 praevalens,
2133 1257 2208 1311 ut
2262 1246 2603 1335 Delphicis

353 1350 671 1415 creditum
707 1358 806 1414 est
849 1344 1187 1422 thesauris,
1235 1343 1494 1408 condita
1521 1366 1561 1406 a
1585 1342 1924 1410 Diomede.
1970 1345 2197 1434 Auget
2223 1347 2316 1411 ibi
2344 1347 2602 1413 Padum

353 1452 683 1516 Vatrenus
740 1449 945 1513 amnis
1005 1470 1087 1512 ex
1139 1444 1693 1511 Forocorneliensi
1750 1469 1925 1533 agro.
1997 1447 2394 1513 Proxumum
2445 1450 2599 1516 inde

323 1546 588 1617 =ostium
620 1547 988 1635 Caprasiae,
1035 1546 1181 1611 dein
1230 1543 1444 1631 Sagis,
1492 1545 1643 1611 dein
1683 1545 1933 1612 Volane
1978 1548 2155 1632 quod
2196 1561 2344 1615 ante
2389 1549 2598 1617 Olane

353 1652 722 1728 vocabatur,
767 1647 981 1712 omnia
1025 1669 1103 1711 ea
1144 1646 1316 1710 fossa
1358 1644 1589 1709 Flavia
1631 1667 1824 1729 quam
1863 1648 2052 1733 primi
2094 1672 2135 1712 a
2180 1646 2341 1737 Sagi
2384 1651 2597 1717 fecere

351 1753 572 1831 Tusci,
620 1759 841 1839 egesto
880 1749 1085 1813 amnis
1140 1747 1367 1832 inpetu
1417 1768 1538 1832 per
1583 1758 2016 1813 transversum
2063 1750 2132 1815 in
2175 1750 2595 1819 Atrianorum

350 1854 628 1940 paludis,
690 1873 856 1935 quae
901 1860 1148 1936 septem
1189 1848 1387 1911 maria
1429 1848 1854 1932 appellantur,
1898 1849 2096 1916 nobili
2138 1863 2331 1937 portu
2373 1855 2595 1941 oppidi

351 1955 711 2018 Tuscorum
752 1951 983 2015 Atriae
1026 1973 1065 2014 a
1108 1969 1236 2033 quo
1277 1947 1673 2012 Atriaticum
1700 1952 1888 2014 ‘mare
1932 1961 2079 2014 ante
2123 1954 2589 2038 appellabatur,

352 2052 528 2138 quod
567 2074 740 2115 nunc
781 2048 1246 2113 Hadriaticum.
1311 2047 1474 2112 Inde
1520 2048 1685 2112 ostia
1726 2048 1916 2133 plena
1962 2047 2392 2132 Carbonaria,
2453 2056 2589 2120 fos·
2622 2072 2715 2117 121

348 2156 562 2220 siones
605 2150 949 2216 Philistina
988 2149 1161 2233 quod
1203 2148 1310 2214 alii
1355 2147 1700 2212 Tartarum
1743 2161 1975 2214 vocant
1993 2198 2009 2227 ‚
2054 2152 2266 2217 omnia
2308 2177 2391 2218 ex
2430 2154 2588 2220 Phi-

345 2254 598 2320 listinae
640 2252 852 2316 fossae
892 2249 1321 2314 abundatione
1364 2248 1728 2326 nascentia,
1774 2249 2238 2317 adcedentibus
2273 2253 2463 2320 Atesi
2507 2279 2589 2321 ex

345 2353 745 2420 Tridentinis
810 2350 1090 2439 Alpibus
1164 2360 1233 2413 et
1305 2347 1632 2437 Togisono
1714 2370 1795 2413 ex
1867 2349 2327 2419 Patavinorum
2392 2357 2587 2445 agris.

412 2533 744 2596 Altinumque,
767 2528 1033 2579 RtATd.
1068 2524 1284 2575 Altinam
1323 2540 1396 2584 ae,
1418 2525 1517 2574 ΒΛ.
1553 2520 1932 2588 Atinumqua'ss.
1977 2566 2040 2580 .,.
2077 2545 2181 2592 per,
2204 2529 2340 2579 Pint,
2362 2526 2584 2582 RAssd⁸

346 2602 463 2652 Om.
494 2595 551 2661 β.
590 2640 653 2648 ..-
691 2614 805 2661 qua,
838 2596 948 2645 ΒΑ
966 2586 1064 2643 Θᾱ.
1114 2592 1244 2656 quia,
1275 2542 1335 2653 β.
1384 2632 1447 2640 .-
1495 2591 1698 2655 lonyias,
1731 2592 1799 2642 A.
1848 2633 1911 2641 -
1959 2594 2122 2656 movit,
2161 2598 2323 2646 codex
2347 2597 2486 2648 Col-t,
2520 2602 2586 2649 „d

343 2671 536 2719 Lucan.
564 2674 609 2721 6,
636 2672 716 2715 24.
759 2703 811 2712 ..
862 2660 1114 2725 Auyasta,
1146 2660 1356 2709 RAad.
1414 2668 1643 2722 anqusta,
1677 2655 1735 2720 β.
1780 2700 1843 2709 -..
1888 2658 2127 2722 Pactusa,
2159 2665 2222 2713 R.
2269 2704 2329 2712 ..
2385 2663 2585 2716 illes-sa-

346 2734 520 2794 nicu⁸,·
558 2748 650 2795 pro
683 2732 782 2779 hac
813 2744 939 2777 voce
972 2727 1177 2775 coniicit
1210 2725 1366 2775 amnis
1401 2724 1583 2790 Spinus
1616 2727 1792 2789 Unger
1823 2730 1884 2777 de
1907 2729 2096 2791 Valgio
2122 2731 2261 2780 Rufo
2289 2747 2338 2794 p.
2366 2739 2480 2783 248.
2519 2774 2581 2781 -.

356 2798 576 2860 Vatreni,
599 2800 668 2848 A.
725 2793 971 2854 Vatereni,
994 2795 1101 2843 Rd.
1140 2834 1202 2843 ..-
1240 2809 1356 2856 qua,
1388 2786 1501 2842 AB
1525 2790 1706 2855 (Rob.)
1752 2809 1857 2857 que,
1879 2797 1943 2845 R,
1989 2812 2131 2859 quae,
2157 2801 2203 2848 d,
2249 2815 2357 2861 quo,
2379 2795 2479 2864 197·
2518 2841 2582 2850 .-

347 2868 543 2918 Caesar
563 2861 897 2921 Britanniam,
921 2863 1051 2911 Rob.

410 2934 439 2995 ξ
467 2941 580 2984 120.
627 2934 704 2992 ab,
729 2930 1000 2981 RATdo.
1038 2928 1215 2979 Omitt.
1237 2921 1339 2991 βγ.
1388 2967 1450 2975 -.
1497 2922 1799 2991 Spineticum,
1832 2929 2041 2980 Barbar.
2068 2932 2130 2981 Τ.
2174 2929 2485 2997 Speneticum,
2510 2934 2580 2985 A.

340 3000 642 3067 Spireticum,
665 3002 770 3050 Ka.
797 2996 1076 3058 Pineticum,
1099 2998 1206 3045 Rd.
1235 3036 1296 3043 -.
1331 2997 1447 3044 urbe
1470 2991 1643 3057 Spina,
1674 2996 1880 3046 Barbar.
1908 2998 2028 3048 urbe
2050 2995 2238 3063 Spana,
2261 3002 2347 3050 12²
2362 3002 2429 3050 A.
2468 3003 2584 3050 urbe

342 3071 514 3135 Spira,
540 3085 587 3119 σ.
625 3068 878 3132 urispana.
903 3066 1000 3115 3¹.
1037 3062 1308 3127 urhispina,
1333 3064 1413 3112 d¹.
1450 3062 1568 3110 urbe
1592 3060 1804 3126 hispana,
1829 3067 1910 3114 d2,
1938 3106 2000 3113 -
2037 3075 2087 3114 ue
2108 3064 2386 3131 Delphicis,
2409 3069 2459 3117 R
2469 3069 2580 3118 Ad,

339 3137 592 3204 Delphicis
612 3146 676 3197 ut,
698 3137 834 3186 Pint.
861 3125 903 3179 θ
913 3150 951 3182 r.
980 3174 1042 3181 ...
1068 3132 1194 3192 inde,
1210 3132 1318 3181 Ad.
1344 3128 1469 3190 dein,
1488 3130 1551 3179 R..
1577 3170 1641 3178 -
1668 3128 1798 3192 quod
1819 3140 1946 3192 ante,
1963 3134 2031 3182 A.
2069 3134 2210 3197 quod,
2237 3136 2316 3183 d2.
2343 3132 2473 3196 dein,
2498 3138 2578 3185 (1¹.

341 3207 458 3256 Om.
493 3206 557 3253 R.
606 3244 668 3252 -.
718 3201 890 3259 Olane,
926 3202 1071 3249 codd.
1105 3200 1311 3248 Barbar.
1358 3194 1542 3253 eolane,
1576 3199 1642 3246 A.
1690 3197 1880 3258 volane,
1913 3201 1967 3266 d.
2009 3198 2193 3261 Alana,
2236 3193 2292 3250 Θ.
2328 3201 2507 3263 Alane,
2532 3217 2578 3251 σ.

341 3273 456 3322 Om.
480 3272 546 3319 R.
587 3310 649 3317 ..
671 3270 829 3331 fossa
850 3267 1034 3317 Flavia
1060 3283 1221 3328 quam,
1245 3266 1307 3314 R.
1329 3266 1489 3328 fossa
1510 3263 1697 3314 Flavia
1722 3282 1882 3328 quam,
1905 3268 1974 3316 A.
1993 3268 2157 3328 fossa
2179 3268 2364 3317 Flavia
2381 3285 2579 3333 aquam,

341 3339 445 3387 Td.
474 3335 691 3399 flumina
706 3335 1001 3396 fossasque,
1035 3329 1133 3398 βγ.
1179 3335 1327 3382 Hanc
1359 3332 1561 3381 foedam
1594 3333 2054 3395 interpolationem,
2096 3344 2291 3385 mutata
2322 3345 2581 3399 praeterea

339 3403 759 3466 interpunctione,
783 3415 936 3463 quam
966 3401 1123 3460 vulgo
1157 3415 1292 3463 pone
1327 3399 1596 3448 vocabatur
1624 3400 1777 3462 plena
1799 3400 1911 3461 fuit,
1935 3417 2055 3465 prae
2080 3405 2310 3452 codicum
2336 3404 2581 3466 scriptura

339 3472 662 3522 deserendam
695 3468 1001 3531 putavimus.
1046 3468 1347 3531 Explicatur
1367 3482 1488 3515 vero
1523 3481 1583 3514 ea
1604 3467 1767 3528 primo
1804 3470 1985 3517 obtutu
2016 3471 2171 3532 paulo
2208 3471 2468 3521 obscurior
2489 3486 2582 3534 per

337 3540 491 3588 verba
513 3540 542 3601 ξ
571 3542 682 3586 121.
708 3533 866 3583 omnia
889 3530 1072 3595 (ostia)
1099 3548 1160 3580 ex
1182 3531 1474 3581 Philistinae
1482 3533 1669 3595 fossae
1693 3535 2018 3585 abundatione
2042 3537 2305 3586 nascentia.
2349 3540 2578 3601 Apparet

337 3607 559 3657 Plinium
583 3603 890 3666 superiorum
915 3602 1042 3650 Padi
1065 3601 1309 3649 ostiorum
1334 3600 1580 3662 originem
1599 3616 1713 3649 cum
1732 3602 2049 3653 inferioribus
2066 3605 2423 3667 composuisse,
2446 3607 2579 3654 unde

336 3675 553 3725 breviter
585 3673 750 3721 dicere
781 3669 964 3733 potuit,
999 3669 1090 3716 illa
1125 3669 1255 3717 ostia
1277 3668 1480 3730 proprie
1504 3668 1633 3715 nihil
1656 3668 1811 3718 fuisse
1834 3671 1928 3719 nisi
1953 3671 2141 3721 fossam
2163 3673 2410 3732 Flavium,
2446 3687 2580 3735 quae

338 3742 609 3805 explicatio
645 3740 687 3789 si
718 3739 798 3787 cui
833 3737 1005 3787 durior
1036 3735 1299 3794 videbitur,
1334 3735 1519 3784 scribat
1552 3736 1637 3783 ille
1663 3754 1687 3784 e
1694 3736 1853 3798 fossa
1874 3738 2073 3797 Flavia,
2100 3753 2229 3801 quae
2251 3741 2576 3803 praepositiO,

336 3824 453 3859 cum
483 3809 680 3857 litterae
713 3822 738 3853 e
769 3806 883 3869 ets
905 3804 1183 3854 sexcenties
1216 3803 1347 3851 inter
1378 3816 1430 3851 se
1460 3802 1847 3865 confundantur,
1879 3805 2118 3854 facillime
2151 3808 2380 3868 sequenti
2409 3808 2578 3856 littera

335 3877 589 3926 absorberi
622 3874 805 3937 potuit.
844 3913 907 3921 .-
949 3870 1099 3936 primi
1118 3889 1152 3920 a
1175 3867 1311 3934 Saqi,
1335 3872 1382 3919 d.
1413 3869 1564 3934 primi
1583 3869 1760 3933 Αεαῃί,
1794 3873 1985 3921 ATro·
2012 3870 2267 3933 (Passion.
2299 3875 2478 3924 Ambr.
2502 3871 2574 3934 Ι.)

330 3945 479 4008 primi
497 3941 699 4005 Assayi,
723 3941 900 3990 Ambr.
926 3940 995 3988 Π.
1028 3938 1324 4003 primasayi,
1347 3938 1411 3986 R.
1449 3978 1512 3986 ..,
1533 3939 1730 4001 facere,
1753 3938 1821 3986 A.
1849 3980 1911 3987 -.
1948 3940 2106 4004 eyesti,
2131 3941 2197 3989 A.
2226 3981 2288 3989 -
2322 3944 2574 4005 pig-raver-

336 4027 455 4072 smn,
488 4012 551 4060 R.
600 4049 663 4058 ...
706 4008 918 4071 paludos
951 4005 1358 4066 Hadrianormn,
1384 4020 1431 4054 σ.
1469 4047 1531 4053 -.
1580 4003 1876 4070 appellatur,
1900 4009 1961 4057 R.
2001 4048 2062 4055 -
2100 4006 2277 4121 offitii,
2301 4010 2367 4059 A.
2395 4008 2572 4059 Omitt.

334 4078 439 4126 Rd.
496 4117 557 4125 .-
613 4073 809 4135 Atriae,
845 4077 934 4125 Rd
968 4071 1137 4136 (codd.
1169 4071 1404 4134 Barbar.)
1456 4072 1655 4131 Arriae,
1687 4073 1755 4121 A.
1811 4115 1871 4121 .-
1928 4090 1962 4121 a
1999 4091 2092 4137 qao
2174 4074 2448 4136 triaticam,
2482 4077 2574 4125 Rd

334 4139 506 4203 (codd.
538 4138 771 4201 Barbar.)
825 4160 859 4191 a
895 4158 987 4204 quo
1020 4141 1289 4202 trimatum,
1325 4141 1391 4190 A.
1447 4157 1482 4188 a
1517 4158 1611 4204 quo
1642 4138 1952 4201 hadriacum,
1986 4155 2033 4189 σ.
2089 4183 2151 4190 ..
2207 4140 2574 4207 appellabatur,

330 4209 498 4261 R2A.
535 4205 863 4272 appellantur,
887 4210 965 4259 Β*
985 4211 1032 4257 d.
2479 4235 2489 4242 ·

401 4275 431 4336 ᾖ
461 4281 572 4326 121.
612 4274 776 4339 plena,
800 4277 1005 4326 ‘Bai-bar.
1029 4275 1156 4324 ΒΑ.
1203 4292 1236 4322 a
1255 4275 1418 4338 plena.
1445 4277 1524 4324 do·
1541 4271 1744 4334 (Ambr.
1770 4273 1935 4337 1.-11.)
1984 4317 2042 4324 ..
2076 4276 2349 4339 fossiones,
2374 4279 2422 4326 d.
2452 4277 2571 4340 sos·

333 4343 498 4395 sione:
520 4359 594 4404 ac,
617 4341 744 4393 BA.
781 4343 1120 4405 acfhssiones,
1145 4337 1244 4403 βγ.
1285 4382 1343 4389 u
1382 4339 1670 4399 Philistina,
1695 4341 1804 4390 RA
1817 4344 1863 4391 d.
1900 4340 2215 4403 Philistinae,
2238 4339 2338 4407 βγ.
2386 4345 2568 4400 Dictae
