2961 4861
412 320 433 358 Ι
439 320 461 358 Ι
1338 314 1716 357 PRAEFATIO.

413 470 634 538 effatis;
685 469 878 544 ipsum
921 466 1179 526 Plinium
1222 466 1703 526 conformandum
1744 467 1822 525 ad
1863 467 2101 541 regulas
2139 467 2285 526 artis
2325 468 2557 527 criticae
2601 476 2660 528 et

412 580 486 637 ad
523 579 685 652 leges
727 587 969 636 naturae
1007 596 1161 635 novo
1192 577 1460 653 exemplo
1489 577 1710 652 pariter
1735 577 1802 659 *ei
1840 575 2216 634 adhibendas.
2269 576 2387 635 His
2425 577 2660 636 demum

411 688 666 763 peractis
709 687 938 765 physici
974 685 1261 744 debebant
1301 686 1746 744 commentarios
1785 704 1982 743 rerum
2012 686 2401 757 conscribere,
2443 687 2659 760 quibus

409 798 652 871 antiqua
700 797 869 854 novis
920 803 1363 870 componerent,
1415 813 1511 853 res
1564 795 1928 853 obscuriores
1977 795 2376 867 illustrarent,
2430 814 2661 855 errores

405 907 589 965 Plinii
626 906 704 963 ad
740 905 901 979 leges
945 905 1207 963 veritatis
1251 905 1566 980 exigerent.
1625 905 1689 962 Ν
1690 923 1765 962 on
1801 910 2070 962 nostrum
2111 912 2203 962 est
2239 905 2507 981 pluribus
2546 905 2661 964 hoc

407 1014 539 1073 loco
579 1032 893 1090 exponere,
946 1014 1298 1088 quibuscum
1336 1012 1774 1071 difficultatibus
1818 1014 1980 1089 operi
2021 1014 2107 1071 ita
2150 1023 2423 1089 suscepto
2461 1016 2661 1073 confli-

410 1125 687 1183 ctandum
735 1122 976 1195 fuisset,
1027 1132 1087 1180 et
1134 1123 1457 1194 nescimuS,
1510 1141 1654 1182 num
1705 1123 1817 1180 viri
1866 1123 2023 1180 docti
2067 1122 2499 1198 Francogallici
2549 1125 2661 1182 sub

407 1232 772 1308 Napoleonis
799 1233 1163 1309 imperatoris
1184 1231 1708 1308 Francogallorum
1735 1233 2031 1308 auspiciiS,
2063 1231 2354 1292 Strabone
2381 1233 2456 1290 ad
2484 1234 2662 1291 finem

406 1344 711 1418 perductO,
754 1343 827 1400 ad
856 1341 1115 1400 Plinium
1156 1360 1389 1416 quoque
1430 1343 1715 1399 edendum
1754 1342 2045 1413 destinati,
2093 1342 2253 1400 cuius
2290 1328 2473 1400 libros
2512 1360 2660 1419 geo-

409 1453 719 1529 graphicos
749 1452 959 1509 edendi
985 1451 1344 1528 provinciam
1377 1449 1699 1509 Letronnio
1727 1453 2137 1510 demandatam
2165 1451 2353 1509 fuisse
2381 1471 2457 1509 ex
2482 1451 2662 1510 huius

407 1561 766 1639 praefatione
802 1559 1019 1618 Dicuili
1054 1579 1115 1635 p.
1145 1558 1259 1618 IV.
1303 1560 1581 1635 colligere
1627 1559 1766 1618 licet
1777 1601 1797 1633 ,
1851 1561 2095 1619 eandem
2136 1562 2296 1620 viam
2339 1560 2661 1636 ingressuri

409 1670 687 1739 tuissent3
744 1679 898 1728 certe
945 1669 1388 1728 Fridericus
1439 1669 1966 1741 Thierschius,
2017 1669 2311 1729 solidioris
2360 1670 2663 1731 doctrinae

407 1779 540 1838 inde
579 1798 655 1838 ex
690 1779 870 1854 longo
908 1786 1168 1855 tempore
1195 1780 1348 1837 inter
1374 1778 1637 1839 Bavaros
1668 1779 1888 1838 vindex
1923 1780 2266 1850 acerrimus,
2309 1798 2443 1837 cum
2482 1788 2666 1839 natu-

408 1908 512 1947 rae
551 1891 904 1946 scrutatores
942 1906 1097 1946 anno
1135 1895 1273 1964 post
1298 1887 1619 1946 Monacum
1659 1889 2068 1947 convenissent
2106 1896 2166 1945 et
2201 1888 2273 1946 de
2299 1889 2432 1964 ipsa
2455 1908 2522 1947 re
2551 1888 2661 1946 de-

412 2017 532 2056 nuo
582 1997 896 2072 disceptari
945 2002 1216 2072 coeptum
1267 2004 1440 2070 esset,
1495 1998 1637 2056 dicti
1684 1997 1964 2056 Hesiodei
2011 1999 2160 2057 bene
2210 2016 2455 2069 memor,
2515 1998 2662 2057 velis
2689 2000 2704 2007 ”

415 2106 727 2184 paululum
766 2106 1077 2165 contractis
1119 2113 1187 2164 ut
1226 2115 1362 2165 ante
1403 2107 1602 2168 omnia
1643 2108 1891 2166 orationi
1917 2107 2095 2166 Plinii
2130 2107 2484 2183 turpissimis
2510 2108 2664 2169 vitiis

418 2217 609 2273 omnis
639 2215 868 2290 generis
896 2216 1237 2289 inquinatae
1264 2217 1660 2275 emendandae
1699 2217 2098 2277 consuleretur
2131 2225 2210 2293 et,
2255 2218 2662 2293 quodcumque

416 2326 782 2384 auctoritatis
832 2324 1103 2401 publicae
1150 2334 1305 2383 esset
1341 2334 1586 2383 naturae
1627 2328 2071 2398 scrutatoribuS,
2122 2328 2260 2385 huic
2310 2328 2474 2402 operi
2522 2345 2663 2402 gra-

417 2437 655 2496 vissimo
693 2435 1130 2510 impenderetur
1166 2436 1372 2502 suasit.
1438 2434 1695 2494 Consilio
1735 2437 2209 2512 prudentissimO,
2262 2438 2350 2495 uti
2387 2455 2497 2514 par
2531 2437 2662 2510 fuit,

419 2547 679 2605 omnium
721 2545 1014 2621 suffragiis
1052 2544 1296 2620 probato
1335 2563 1544 2603 rursus
1573 2546 1628 2602 T
1645 2546 2015 2604 hierschio
2052 2554 2311 2618 auctore,
2357 2548 2461 2622 qui
2486 2563 2664 2622 prae-

418 2665 579 2713 terea
618 2662 801 2713 totam
841 2673 905 2713 se
944 2672 1071 2712 rem
1119 2655 1183 2712 in
1220 2672 1502 2714 consessu
1538 2656 1755 2730 Regiae
1792 2657 2119 2714 academiae
2155 2657 2485 2715 litterarum
2524 2657 2664 2714 Mo-

417 2765 683 2824 nacensis
738 2764 987 2822 ulterius
1037 2769 1534 2839 pertractaturum
1584 2772 1676 2822 est
1722 2764 2022 2840 professus
2036 2808 2055 2838 ,
2118 2767 2351 2825 criticae
2399 2767 2669 2826 editionis

418 2875 730 2932 Plinianae
758 2880 956 2950 partes
993 2892 1030 2930 a
1069 2872 1340 2931 societate
1378 2881 1628 2931 naturae
1666 2883 2055 2933 scrutatorum
2095 2875 2236 2933 mihi
2263 2883 2402 2934 sunt
2428 2878 2667 2935 deman·

420 2987 610 3057 datae,
651 2991 719 3042 ut
757 3001 930 3059 quem
966 2983 1030 3041 in
1065 2991 1231 3058 parte
1269 2989 1424 3041 certe
1463 2983 1665 3057 aliqua
1691 2985 1973 3042 naturalis
2001 2984 2278 3044 historiae
2308 2987 2670 3052 emendanda

420 3102 480 3153 et
516 3094 870 3153 illustranda
912 3093 1135 3152 versari
1182 3111 1218 3149 a
1256 3092 1525 3149 Thiers
1542 3092 1699 3150 chio
1752 3093 2085 3165 doceretur,
2137 3113 2212 3153 ex
2250 3113 2368 3169 quo
2406 3113 2518 3170 ego
2560 3095 2668 3154 sti-

419 3205 631 3280 pendio
684 3202 872 3278 Regio
910 3200 1337 3262 FRIDERICI
1380 3199 1767 3262 AUGUSTI
1803 3201 1856 3261 I.
1904 3203 2223 3262 beatissimi
2257 3203 2441 3281 Regis
2479 3203 2668 3265 Saxo-

421 3315 553 3372 niae
580 3321 788 3370 auctus
809 3311 1067 3370 Parisios
1092 3312 1389 3386 profectus
1419 3311 1669 3384 optimos
1696 3312 1777 3370 ibi
1805 3313 2053 3384 codiceS,
2078 3312 2179 3387 qui
2206 3313 2461 3388 quinque
2486 3313 2669 3372 libros

425 3422 772 3480 novissimos
793 3418 975 3478 Plinii
1003 3422 1316 3491 continent,
1348 3439 1384 3477 a
1413 3418 1552 3478 Car
1566 3421 1686 3479 olo
1713 3420 2105 3479 Benedicto
2133 3421 2245 3478 Ha
2260 3422 2387 3493 sio,
2419 3420 2669 3482 Germa-

425 3532 559 3590 niae
584 3531 738 3588 inter
768 3527 976 3589 Gallos
1004 3529 1234 3600 decore,
1273 3530 1420 3588 adeo
1448 3529 1733 3588 benevole
1760 3531 2015 3602 adiutuS,
2046 3536 2113 3587 ut
2138 3547 2366 3588 menses
2392 3530 2525 3588 illos
2552 3532 2670 3589 Pa-

425 3642 703 3701 risienses
740 3642 804 3698 in
848 3640 1094 3698 summis
1138 3639 1294 3697 vitae
1336 3655 1501 3698 meae
1540 3619 1897 3698 ornamentis
1940 3647 2000 3698 et
2038 3639 2258 3698 deliciis
2296 3658 2529 3715 semper
2559 3639 2670 3697 sim

427 3751 752 3822 habiturus,
784 3768 1094 3826 excerpere
1119 3748 1483 3807 institueram
1506 3742 1806 3828 (videatur
1827 3746 2037 3808 Okenii
2055 3750 2168 3808 Isis
2193 3744 2377 3809 1828.
2400 3748 2540 3807 Vol.
2565 3744 2669 3807 21.
2698 3733 2708 3741 ’

428 3881 489 3936 p.
519 3855 722 3938 455.).
781 3858 1286 3929 Thierschius,
1328 3877 1445 3933 qua
1473 3866 1565 3917 est
1592 3860 1773 3917 animi
1810 3859 2127 3932 alacritate,
2171 3878 2297 3917 rem
2333 3857 2514 3915 talem
2551 3876 2673 3917 non

431 3969 810 4027 differendam
851 3986 980 4027 esse
1021 3969 1227 4039 sciens,
1266 3970 1465 4027 statim
1505 3968 1699 4026 omnia
1728 3986 1877 4042 quae
1902 3969 2017 4044 ipsi
2040 3968 2369 4028 necessaria
2395 3966 2673 4026 videban-

434 4087 533 4137 tur
559 4079 803 4153 agitare,
832 4078 975 4140 nihil
998 4078 1347 4137 intentatum
1382 4079 1731 4153 relinquere,
1770 4096 2000 4136 omnem
2029 4078 2283 4153 lapidem
2309 4094 2568 4148 movere,
2605 4085 2676 4134 ut

437 4187 698 4249 subsidia
732 4190 1060 4248 necessaria
1108 4186 1529 4249 conferrentur.
1600 4187 1920 4248 Hominum
1972 4188 2337 4263 privatorum
2388 4206 2528 4263 opes
2577 4187 2675 4246 liic
