2961 4861
418 351 681 395 XXXVIII
1275 364 1279 369 ·
1333 349 1715 393 PRAEFATIO.

418 507 532 563 bus
572 497 759 564 1836.
795 520 886 561 nr.
929 497 1071 563 167.
1119 496 1261 562 168.
1299 519 1362 576 p.
1402 495 1760 560 294-302.
1799 501 1968 559 docte
2004 500 2310 578 exposuit,
2336 499 2485 559 nihil
2510 502 2659 560 novi

417 614 664 684 habent,
703 612 863 689 quod
908 630 1028 670 non
1067 611 1129 668 in
1175 608 1327 669 libro
1368 610 1790 685 Bambergensi
1825 615 1931 668 aut
1983 627 2169 685 aeque
2207 617 2367 669 recte
2405 618 2512 669 aut
2551 628 2658 669 re-

414 721 562 780 ctius
585 721 837 796 legatur.

493 830 767 905 Duorum
795 828 1063 887 codicum
1096 828 1551 888 Cracwiensium
1584 827 1645 886 in
1672 827 2021 888 bibliotheca
2045 827 2446 888 universitatis
2485 827 2654 888 illius

412 939 578 999 urbis
628 945 996 996 servatorum
1036 936 1290 1013 primam
1324 953 1436 1012 ego
1474 936 1741 995 notitiam
1778 944 2076 1019 acceptam
2111 935 2301 995 -retuli
2334 934 2656 996 Nicolao

410 1045 704 1118 Baebio,
734 1047 886 1129 viro,
915 1047 1057 1104 dum
1076 1046 1140 1104 in
1161 1045 1315 1105 vivis
1335 1052 1484 1117 erat,
1505 1045 1877 1117 amicissimo,
1898 1045 2001 1121 qui
2019 1045 2081 1103 in
2100 1063 2278 1104 usum
2297 1054 2496 1104 meum
2516 1046 2658 1105 libri

410 1150 515 1215 35.
541 1158 571 1224 5
603 1149 704 1213 79.
730 1149 833 1214 80.
858 1155 1167 1232 excerpsit.
1197 1153 1420 1214 Postea
1439 1156 1688 1214 Ioann.
1712 1153 2194 1213 Troianskiin
2214 1163 2656 1232 programmate

408 1263 738 1323 academico
764 1281 822 1322 a.
854 1259 1036 1324 1841.
1065 1264 1219 1323 edito
1248 1240 1309 1322 et
1332 1264 1569 1342 abipso
1595 1269 1835 1322 auctore
1855 1262 2396 1323 benevolentissime
2422 1281 2659 1324 mecum

411 1374 839 1432 communicato
875 1389 994 1431 non
1045 1373 1240 1432 solum
1286 1379 1603 1447 utrumque
1651 1372 1911 1431 codicem
1962 1372 2293 1432 accuratius
2342 1373 2657 1450 descripsit

408 1499 725 1557 eorumque
774 1482 1065 1558 specimen
1121 1481 1373 1554 addidit,
1436 1499 1644 1540 verum
1690 1481 1865 1539 etiam
1915 1481 2295 1558 praefationis
2343 1478 2658 1540 Plinianae

409 1595 472 1661 ἐς
505 1585 734 1650 1.-15,
763 1609 839 1648 ex
876 1596 1128 1665 utroque
1169 1589 1366 1648 codice
1406 1608 1540 1648 cum
1580 1590 1848 1648 omnibus
1892 1590 2051 1648 vitiis
2087 1589 2411 1667 descriptas
2451 1590 2655 1649 edidit.

404 1698 489 1756 Et
527 1707 618 1758 est
657 1699 892 1776 quidem
936 1699 1125 1757 codex
1159 1698 1310 1757 alter
1347 1700 1833 1757 membranaceus
1882 1691 1981 1776 (η)
2037 1696 2275 1756 saeculo
2326 1696 2511 1755 xm.
2550 1697 2652 1756 vel

405 1810 602 1884 potius
630 1808 809 1867 XIV.
841 1808 1140 1884 eleganter
1178 1809 1433 1885 scriptus
1475 1826 1612 1865 cum
1642 1805 1836 1865 codice
1860 1803 2219 1864 Londinensi
2263 1798 2372 1886 (Δ)
2413 1804 2654 1878 itaiere

408 1917 773 1976 consentiens
786 1956 805 1987 ,
843 1921 941 1986 ut,
981 1916 1140 1989 quod
1178 1916 1297 1973 iam
1328 1914 1646 1973 Troianski
1680 1923 1837 1974 recte
1864 1910 2307 1986 animadvertit,
2336 1933 2413 1973 ex
2442 1915 2654 1973 eodem

407 2043 542 2084 cum
583 2023 690 2081 illo
730 2022 891 2082 fonte
937 2023 1237 2082 derivatus
1280 2041 1409 2082 esse
1451 2023 1749 2094 videatur3
1794 2023 1946 2082 alter
1988 2024 2331 2082 chartaceus
2374 2018 2469 2102 (λ)
2512 2041 2650 2083 sw-

408 2132 541 2190 culo
582 2128 730 2190 XV.
774 2141 1053 2192 exaratus
1097 2149 1232 2189 cum
1271 2130 1440 2189 libris
1482 2131 1870 2191 deterioribus
1912 2131 2074 2193 facit.

489 2239 729 2316 Agmen
769 2238 988 2297 claudit
1029 2239 1216 2296 codex
1265 2238 1519 2299 incertae
1561 2239 1946 2299 bibliothecae
1998 2238 2090 2317 (0)
2133 2258 2172 2299 a
2212 2240 2649 2323 Smkenburqio

405 2349 544 2408 olim
588 2367 722 2409 cum
764 2347 1013 2407 editione
1051 2345 1378 2407 Basileensi
1423 2343 1611 2408 1525.
1654 2350 1731 2419 ad
1758 2351 1975 2409 librum
2013 2348 2246 2408 IL-V.
2288 2348 2433 2407 satis
2474 2366 2649 2408 accu-

402 2466 532 2517 rate
573 2459 846 2531 collatus,
890 2458 991 2534 qui
1015 2458 1186 2529 liber,
1225 2476 1360 2517 cum
1402 2466 1577 2517 antea
1616 2460 1667 2518 1.
1710 2459 1792 2518 A.
1836 2458 2073 2517 Ernesti
2111 2457 2334 2530 fuisset,
2378 2474 2537 2517 nunc
2578 2458 2645 2516 in

405 2566 759 2626 bibliotheca
812 2567 1000 2643 Regia
1048 2566 1374 2626 Dresdensi
1426 2578 1703 2627 servatur·
1752 2561 1917 2646 (vide
1964 2566 2171 2626 Eberti
2209 2567 2419 2625 histor.
2460 2564 2642 2624 huius

404 2675 666 2734 biblioth.
695 2695 755 2751 p.
798 2670 1001 2754 290.).
1043 2675 1371 2758 Innumeris
1423 2677 1649 2735 mendis
1706 2677 1804 2735 vel
1852 2676 2212 2753 negligentia
2265 2675 2365 2735 vel
2413 2674 2644 2734 inscitia

403 2783 628 2842 librarii
676 2783 819 2842 ortis
872 2783 1094 2843 obsitus
1154 2791 1215 2842 et
1263 2802 1504 2841 manum
1551 2784 1984 2860 interpolatoris
2044 2803 2165 2844 non
2220 2802 2339 2844 uno
2395 2784 2460 2842 in
2509 2783 2643 2843 loco

403 2910 647 2970 passus,
700 2891 866 2951 cuius
907 2890 1433 2980 luculentissimum
1486 2892 1822 2968 exemplum
1878 2888 1916 2953 5
1931 2934 1950 2965 ,
2009 2888 2112 2954 51.
2165 2891 2642 2970 deprehenditur,

403 3012 602 3064 tamen
642 3000 1023 3061 deterioribus
1065 2998 1230 3060 libris
1269 3020 1388 3060 non
1430 3009 1524 3060 est
1562 3000 1977 3073 accensendus,
2020 3009 2089 3060 ut
2104 2991 2111 2999 ⁶
2128 3000 2229 3077 qui
2269 3019 2445 3079 saepe
2486 3000 2645 3078 opti·

404 3130 637 3171 morum
678 3111 963 3170 librorum
1003 3099 1353 3187 scripturam
1395 3109 1738 3170 auctoritate
1782 3129 1892 3169 sua
1932 3111 2250 3169 confirmet.

487 3218 735 3280 Praeter
775 3220 885 3279 hos
928 3220 1175 3293 codices,
1219 3239 1368 3297 quos
1409 3227 1514 3279 aut
1552 3238 1661 3297 per
1703 3223 1895 3279 totum
1936 3237 2085 3308 opus
2124 3225 2230 3277 aut
2266 3235 2375 3295 per
2414 3226 2645 3295 partem

403 3340 563 3392 certe
604 3329 730 3386 eius
772 3327 1038 3402 cognitos
1079 3328 1385 3402 habemus,
1428 3330 1540 3387 viri
1579 3329 1735 3389 ‘docti
1773 3328 1994 3406 passim
2036 3327 2352 3404 scripturas
2394 3346 2474 3387 ex
2512 3326 2644 3385 aliis

406 3431 700 3492 codicibus
739 3433 801 3491 in
841 3419 1101 3493 medium
1140 3438 1533 3511 protulerunt,
1577 3454 1725 3512 quos
1768 3438 1980 3514 partim
2032 3438 2266 3496 eosdem
2319 3454 2455 3495 cum
2509 3435 2644 3494 aliis

403 3559 586 3618 supra
624 3543 1088 3602 commemoratis
1124 3560 1254 3602 esse
1289 3544 1591 3619 probabile
1623 3552 1732 3606 est.
1774 3545 1907 3605 Hos
1933 3547 2052 3606 iam
2079 3546 2284 3605 ordine
2310 3544 2645 3604 litterarum

406 3650 778 3711 enumerabo.
821 3648 1038 3711 Alciati
1062 3651 1321 3710 codicem
1348 3652 1654 3713 laudatum
1682 3654 1847 3714 vides
1875 3656 1953 3714 ad
1979 3650 2084 3730 33,
2105 3649 2211 3715 40.
2252 3653 2495 3714 Amatne
2513 3651 2645 3711 Lu·

402 3760 628 3820 sitanus
665 3760 969 3835 „codicem
1014 3759 1511 3835 antiquissimum”
1550 3763 1802 3839 inspexit
1836 3763 1915 3824 ad
1952 3759 2059 3836 21,
2097 3758 2202 3822 41.
2246 3757 2351 3822 43.
2394 3762 2648 3823 Asuzam·

402 3867 551 3928 liber
576 3876 1070 3928 commemoratur
1095 3867 1174 3928 ad
1196 3865 1256 3942 7,
1283 3864 1447 3943 163.,
1477 3872 1675 3950 Bayfii
1691 3873 1767 3931 ad
1788 3868 1894 3945 33,
1916 3868 2021 3933 40.
2045 3867 2151 3946 35,
2179 3865 2345 3945 163.,
2373 3873 2645 3931 Bodleia-

404 3996 513 4038 nus
540 3977 617 4038 ad
645 3974 710 4050 4,
744 3972 865 4038 107
871 4018 911 4049 .,
952 3978 1329 4040 Bononiensis
1351 3986 1620 4040 servatus
1649 3981 1755 4053 „in
1773 3982 2017 4041 libraria
2036 3982 2330 4040 minorum
2349 3975 2642 4040 fratrum”

403 4105 442 4144 a
466 4085 581 4145 Pio
606 4087 685 4146 ad
712 4084 1022 4146 Columell.
1051 4086 1135 4146 X.
1165 4082 1311 4148 333.
1340 4097 1400 4148 et
1423 4089 1485 4148 in
1517 4087 1759 4150 Gruteri
1783 4091 2055 4168 lampade
2083 4090 2210 4151 crit.
2233 4090 2312 4151 T.
2333 4091 2385 4151 1.
2407 4108 2468 4167 p.
2494 4083 2643 4150 555.

405 4193 623 4255 allatus
663 4205 753 4256 est
793 4196 867 4256 ad
904 4197 1099 4256 locum
1139 4195 1316 4256 Plinii
1348 4194 1448 4270 17,
1478 4194 1647 4272 264.,
1678 4200 1950 4260 Boswelii
1976 4201 2162 4261 codex
2189 4201 2267 4259 ad
2298 4198 2357 4273 7,
2387 4194 2535 4259 201.
2565 4199 2641 4258 ab
