2961 4861
484 421 716 463 LXXXII
1403 417 1782 468 PRAEFATIO.

485 573 753 631 ciendum
793 572 1068 643 restabat,
1110 571 1219 628 nisi
1254 578 1324 628 ut
1363 573 1489 649 ipse
1529 571 1678 630 meis
1713 568 2044 646 sumptibus
2080 568 2429 645 particulam
2467 570 2727 645 aliquam

479 700 703 754 eorum,
747 700 896 756 quae
936 690 1061 740 tum
1101 681 1178 737 ad
1213 679 1472 739 Plinium
1513 680 1941 738 emendandum
1976 680 2463 756 conscripseram,
2506 681 2729 755 aliquot

478 792 759 868 exemplis
787 809 897 868 per
923 799 1094 868 typos
1121 790 1497 865 repetendam
1526 807 1795 848 curarem
1821 789 2246 865 mpefitamque
2284 808 2420 848 cum
2455 790 2527 848 iis
2565 807 2726 849 com-

477 902 862 972 municarem,
903 900 1004 974 qui
1040 901 1152 958 hoc
1185 918 1333 976 opus
1362 907 1468 957 aut
1494 899 1779 958 benevole
1816 906 1877 955 et
1912 915 1979 955 re
1995 916 2002 923 ·
2017 904 2076 956 et
2104 898 2348 956 consilio
2367 899 2728 957 vadiuverant

477 1019 580 1067 aut
615 1028 653 1067 a
690 1010 902 1084 quibus
943 1009 1161 1067 bonum
1202 1009 1397 1068 virum
1449 1027 1642 1083 neque
1682 1026 1904 1067 vanum
1941 1008 2358 1083 promissorem
2403 1008 2729 1067 existimari

474 1119 796 1194 plurimum
824 1137 958 1176 mea
995 1119 1293 1176 intererat.
1349 1117 1464 1191 Ita,
1506 1127 1576 1176 ut
1615 1118 1687 1175 de
1715 1116 1915 1183 multis
1944 1116 2077 1174 aliis
2105 1125 2354 1188 taceam,
2399 1126 2561 1176 certe
2590 1117 2726 1176 RE-

477 1227 633 1286 GIA
653 1226 1110 1286 ACADEMIA
1130 1225 1693 1286 LITTERARUM
1712 1224 2280 1298 MONACENSIS,
2312 1243 2465 1300 quae
2487 1236 2725 1293 auctore

475 1338 856 1396 Friderieo
895 1330 954 1395 T
971 1334 1350 1394 hierschio
1391 1336 1721 1394 naturalem
1749 1336 2050 1395 historiam
2077 1333 2262 1394 Plinii
2285 1322 2726 1397 ‘emendandam

475 1455 536 1505 et
574 1447 856 1505 edendam
896 1464 1028 1504 cum
1069 1464 1297 1503 summo
1339 1464 1470 1504 meo
1499 1444 1723 1503 honore
1759 1445 1902 1503 mihi
1928 1445 2333 1516 mandaverat,
2360 1443 2514 1525 illud
2553 1445 2722 1521 flagi-

474 1565 602 1614 tare
629 1573 800 1632 posse
827 1554 1155 1626 videbatur,
1185 1562 1254 1612 ut
1279 1555 1479 1628 aliquo
1508 1555 1821 1630 specimine
1852 1553 2005 1612 edito
2027 1571 2121 1613 me
2150 1554 2271 1612 otio
2300 1570 2584 1613 concesso
2603 1573 2722 1613 non

475 1667 726 1724 abusum
756 1682 883 1724 esse
912 1666 1391 1722 demonstrarem.
1447 1663 1584 1721 Hac
1626 1664 1698 1721 de
1742 1681 1920 1722 causa
1962 1664 2059 1722 vel
2088 1669 2258 1721 curta
2296 1680 2391 1722 res
2419 1662 2722 1733 familiaris

475 1793 572 1834 me
608 1794 647 1834 a
683 1782 956 1850 suscepto
998 1792 1130 1831 meo
1175 1774 1464 1832 deterrere
1502 1791 1619 1830 non
1662 1773 1881 1848 potuit3
1922 1771 2062 1846 quid
2099 1772 2253 1831 enim
2291 1779 2461 1830 erant
2481 1771 2725 1847 -‚aliquot

475 1885 701 1944 nummi
741 1884 880 1941 huic
920 1883 1152 1959 negotio
1189 1883 1464 1959 impensi,
1509 1882 1559 1939 si
1600 1881 2030 1958 comparaveris
2075 1899 2176 1938 eos
2221 1899 2355 1939 cum
2397 1881 2722 1950 multorum

474 2010 767 2053 annorum
797 1992 990 2050 studio
1017 1991 1078 2049 in
1105 1989 1217 2050 hoc
1247 2009 1422 2068 opere
1447 1991 1800 2068 perficiendo
1827 1989 2053 2049 frustra
2078 1989 2338 2051 neesine
2363 1991 2723 2068 poenitentia

476 2121 596 2161 non
624 2100 903 2177 temporis
931 2101 1107 2158 modo
1130 2101 1344 2172 amissi,
1378 2100 1483 2157 sed
1511 2101 1763 2158 aliorum
1794 2100 1970 2159 etiam
1999 2100 2438 2158 commodorum
2467 2100 2543 2158 ob
2571 2100 2720 2159 illud

477 2210 879 2285 neglectorum
909 2206 1228 2267 collocato?
1272 2209 1552 2266 Dandum
1575 2210 1792 2285 aliquid
1816 2210 2097 2286 opinabar
2125 2209 2540 2268 existimationi
2557 2227 2722 2268 meae

479 2327 540 2377 et
565 2320 795 2391 honori,
838 2336 957 2378 non
984 2318 1224 2394 ignarus
1251 2336 1435 2376 unum
1465 2318 1562 2376 vel
1598 2319 1849 2377 alterum
1884 2338 1979 2377 me
2005 2318 2290 2395 gloriolae
2317 2302 2514 2377 studio¹
2534 2319 2723 2397 pretio

478 2430 653 2489 nimis
694 2448 915 2506 magno
943 2428 1294 2488 satisfecisse
1323 2447 1448 2488 esse
1477 2430 1798 2501 dicturum3
1841 2437 1901 2487 et
1932 2448 2064 2488 cum
2104 2430 2189 2488 ita
2216 2429 2511 2506 agendum
2540 2428 2722 2488 vidis-

479 2557 625 2612 sem,
654 2549 724 2598 ut
747 2548 873 2599 tota
901 2540 1101 2614 aliqua
1127 2538 1419 2617 particula
1438 2539 1619 2598 Plinii
1648 2557 1841 2614 neque
1871 2539 2158 2615 singulae,
2189 2540 2460 2614 quamvis
2482 2538 2720 2610 multae,

478 2649 890 2707 adnotationes
919 2668 956 2707 a
981 2667 1076 2706 me
1106 2650 1468 2725 conscriptae
1492 2649 1824 2722 ederentur,
1855 2667 1990 2707 cum
2015 2649 2098 2707 ita
2117 2649 2292 2707 modo
2315 2648 2475 2707 viros
2498 2648 2721 2720 doctos,

478 2757 553 2815 ad
577 2774 726 2832 quos
747 2756 850 2814 ille
880 2757 1116 2815 libellus
1137 2759 1490 2834 perveniret,
1515 2759 1695 2816 totius
1716 2757 1832 2816 mei
1852 2758 2077 2817 consilii
2099 2759 2373 2826 certiores
2401 2757 2530 2817 fieri
2548 2775 2723 2835 posse

474 2866 889 2941 intelligerem,
918 2865 1135 2925 librum
1169 2866 1444 2925 XXXV.
1478 2876 1540 2925 et
1564 2868 1752 2943 ipsam
1780 2866 1959 2925 Plinii
1985 2866 2405 2943 praefationem
2440 2885 2473 2924 e
2497 2866 2724 2926 scriniis

473 2977 625 3035 meis
656 2975 841 3048 emisi,
884 2973 1076 3048 illum,
1119 2982 1188 3036 ut
1225 2975 1366 3052 quid
1405 2994 1512 3052 per
1549 2975 1806 3034 codicem
1841 2973 2339 3053 Bambergensem
2376 2977 2564 3034 oratio
2590 2976 2723 3035 Pli-

473 3084 648 3146 niana
668 3085 1001 3146 lucraretur
1020 3088 1340 3163 patefieret,
1370 3085 1542 3159 hanc,
1573 3095 1641 3144 ut
1669 3086 2054 3158 ostenderem,
2085 3086 2228 3161 quid
2253 3085 2359 3144 illo
2384 3086 2726 3144 adiumento

475 3196 713 3273 egregio
755 3197 1069 3255 destitutus
1089 3206 1397 3274 praestare
1423 3213 1678 3273 possem.
1733 3195 1911 3253 Hunc
1940 3195 2428 3271 qualemcumque
2455 3194 2725 3254 libellum

473 3324 607 3362 cum
636 3305 994 3381 praefatione
1023 3322 1155 3363 mea
1181 3307 1291 3363 toti
1327 3305 1493 3380 operi
1530 3304 1956 3381 praemittenda
1992 3305 2214 3363 nomini
2232 3303 2591 3362 Ludovici
2633 3303 2725 3363 de

471 3413 599 3470 Ian
625 3413 918 3488 inscripsi,
932 3413 1026 3472 cui
1043 3414 1412 3490 potissimum
1433 3414 1563 3471 viro
1586 3414 1800 3472 eximio
1823 3423 1882 3472 et
1901 3415 1975 3472 de
1988 3412 2204 3486 Plini0,
2217 3413 2307 3472 uti
2327 3430 2510 3490 supra
2525 3412 2722 3484 docui,

468 3520 772 3598 insigniter
799 3522 1009 3580 merito
1049 3521 1428 3580 cunctationis
1469 3539 1633 3580 meae
1667 3524 1729 3580 in
1756 3520 1953 3581 Plinio
1995 3521 2220 3581 edendo
2254 3523 2542 3581 rationem
2576 3522 2722 3580 red-

470 3630 716 3689 dendam
735 3648 860 3691 esse
880 3631 1180 3709 putabam.
1202 3631 1339 3688 Iure
1359 3631 1511 3690 enim
1533 3648 1643 3690 suo
1662 3641 2002 3709 exspectare
2022 3637 2271 3709 poterat,
2288 3630 2498 3690 forent
2512 3631 2724 3706 ingen-

467 3741 546 3798 tis
586 3739 798 3818 operae
825 3760 863 3799 a
890 3759 953 3799 se
981 3739 1277 3815 quondam
1312 3739 1372 3799 in
1415 3750 1703 3817 apparatu
1744 3741 1942 3801 critico
1980 3741 2315 3817 colligendo
2351 3741 2575 3817 positae
2600 3739 2721 3797 ali—

469 3848 603 3925 quis
631 3848 861 3908 fructus
883 3849 1199 3925 aliquando
1226 3850 1502 3927 prodiret.
1542 3847 1812 3909 Libellus
1833 3850 2018 3926 igitur
2035 3851 2193 3929 typis
2216 3867 2469 3908 excusus
2492 3858 2554 3908 et
2580 3866 2720 3907 cum

468 3958 612 4018 satis
640 3958 840 4016 multis
866 3959 1010 4017 viris
1038 3958 1222 4018 doctis
1251 3960 1710 4019 communicatus
1731 3979 1866 4019 cum
1885 3967 2142 4037 quantus
2161 3978 2444 4019 numerus
2466 3960 2722 4036 optimo-

467 4086 604 4126 rum
633 4067 899 4126 codicum
926 4069 1003 4126 ad
1030 4068 1286 4128 Plinium
1316 4070 1742 4129 emendandum
1773 4088 1811 4127 a
1840 4071 2011 4128 nobis
2033 4070 2330 4128 adhibitus
2351 4077 2508 4136 esset
2534 4068 2717 4126 lecto·-

466 4195 563 4235 res
592 4177 845 4249 doceret,
876 4195 1008 4236 cum
1037 4179 1100 4236 in
1127 4179 1257 4237 aliis
1285 4196 1491 4238 eorum
1521 4176 1669 4256 (vid.
1701 4177 1956 4237 Ioann.
1988 4177 2149 4238 Chr.
2178 4177 2324 4237 Fel.
2353 4176 2714 4237 Bfihrium

466 4287 525 4346 in
555 4288 751 4346 annal.
780 4285 1163 4365 Heidelberg.
1196 4283 1382 4349 1849.
1412 4305 1505 4347 nr.
1536 4283 1832 4362 32-34„
1873 4288 2158 4348 Frider.
2189 4286 2383 4348 Guil.
2418 4285 2710 4348 Schnei-
