2961 4861
826 310 967 356 Lm.
999 311 1101 356 111.
1161 310 1315 356 GAP.
1351 311 1797 356 xxn-XXIV.
1860 309 2054 356 sssc'r.
2084 311 2148 354 26.
2176 311 2239 354 γι.
2522 292 2645 354 267

405 472 471 526 et
491 459 816 525 Taulantii
839 472 905 525 et
927 460 1184 544 Pyraei.
1227 459 1490 524 Retinet
1523 480 1754 523 nomen
1783 459 1852 523 in
1884 483 1994 524 ora
2018 458 2468 544 Nymphaeum
2496 480 2645 543 pro-

403 561 803 636 montorium,
847 559 1113 625 Lissum
1142 559 1452 645 oppidum
1484 558 1720 624 civium
1746 558 2178 626 Romanorum
2207 560 2288 625 ab
2316 559 2647 645 Epidauro

402 683 439 726 c
461 686 511 725 Μ
529 684 856 747 passuum.
879 659 1152 725 XXIII.-
1176 660 1241 723 A
1256 659 1449 725 Lisso
1462 658 1846 726 Macedonia
1865 661 2214 747 provincia,
2239 671 2469 748 gentes
2483 660 2645 724 Par·
2678 681 2773 725 145

403 763 562 827 thini
595 774 660 828 et
700 786 740 826 a
768 774 952 850 tergo
983 785 1200 827 eorum
1230 762 1637 827 Dassaretae.
1688 761 1953 828 Montes
1989 759 2357 827 Candaviae
2400 785 2440 825 a
2467 760 2647 826 Dur-

401 865 618 929 rachio
662 887 910 928 Lxxvm
953 887 1002 927 M
1043 887 1106 949 p.
1161 863 1240 927 In
1284 886 1397 927 ora
1438 887 1591 930 vero
1631 864 1870 930 Denda
1917 864 2150 930 civium
2192 863 2646 940 Romanorum,

400 967 836 1052 Epidamnum
880 967 1128 1032 colonia
1169 978 1431 1052 propter
1471 967 1941 1053 inauspicatum
1990 988 2222 1031 nomen
2265 989 2304 1030 a
2344 965 2649 1032 Romanis

400 1066 833 1133 Durrachium
877 1068 1228 1153 appellata,
1282 1067 1522 1132 flumen
1564 1067 1748 1133 Aous
1791 1090 1831 1131 a
1872 1067 2257 1151 quibusdam
2312 1066 2490 1132 Aeas
2530 1089 2648 1132 no-

401 1170 732 1247 minatum,
778 1169 1125 1254 Apollonia
1153 1169 1475 1253 quondam
1508 1167 1982 1235 Corinthiorum
2027 1170 2272 1236 colonia
2324 1193 2395 1233 Ν
2421 1193 2471 1233 Μ
2497 1191 2648 1255 pas-

404 1295 591 1337 suum
635 1295 673 1335 a
715 1271 875 1336 mari
924 1271 1251 1348 recedens,
1304 1271 1487 1337 cuius
1530 1272 1598 1335 in
1639 1272 1875 1337 finibus
1918 1272 2166 1347 celebre
2202 1270 2652 1357 Nymphaeum

405 1372 707 1438 adcolunt
763 1371 1018 1437 barbari
1061 1372 1375 1437 Amantes
1420 1382 1486 1436 et
1526 1371 1855 1438 Buliones.
1937 1372 2035 1436 At
2076 1373 2142 1437 in
2185 1394 2296 1437 ora
2340 1372 2651 1458 oppidum

406 1470 674 1537 Oricum
741 1496 779 1536 a
835 1471 1095 1538 Colchis
1154 1473 1504 1537 conditum.
1587 1472 1749 1538 Inde
1805 1475 2056 1539 initium
2113 1473 2333 1559 Epiri,
2400 1484 2650 1539 montes

402 1573 842 1638 Acrocerauni
906 1573 1139 1657 quibus
1204 1572 1377 1637 hunc
1433 1571 1736 1659 Europae
1770 1560 2360 1640 ‘determinavimus
2418 1573 2648 1639 sinum.

406 1672 673 1739 Oricum
703 1698 741 1739 a
767 1673 1099 1740 Salentino
1121 1674 1346 1739 Italiae
1374 1675 1806 1760 promontorio
1837 1675 2034 1740 distat
2060 1699 2234 1740 Lxxx
2254 1699 2305 1739 M
2324 1698 2652 1761 passuum.

488 1773 755 1840 XXIV.
826 1776 928 1838 27.
986 1774 1053 1837 A
1099 1785 1281 1862 tergo
1327 1772 1685 1839 Carnorum
1728 1784 1794 1838 et
1839 1774 2158 1861 Iapydum
2176 1824 2194 1854 ,
2240 1798 2369 1859 qua
2413 1797 2483 1840 se
2525 1775 2656 1839 fert
2683 1793 2779 1838 146

404 1898 678 1963 magnus
706 1875 950 1953 Hister,
995 1875 1219 1940 Raetis
1260 1877 1615 1963 iunguntur
1656 1875 1894 1940 Norici.
1963 1874 2227 1962 Oppida
2270 1899 2489 1941 eorum
2530 1875 2651 1941 Vi-

405 1999 640 2042 runum
658 2025 676 2053 ,
737 1968 992 2054 Celeia,
1054 1976 1366 2055 Teurnia,
1430 1975 1773 2063 Aguntum
1790 2026 1809 2055 ,
1873 1976 2315 2055 Vianiomina,
2380 1975 2655 2044 Claudia

405 2078 709 2145 Flavium
755 2075 1087 2144 Solvense.
1161 2077 1412 2143 Noricis
1464 2079 1826 2165 iunguntur
1875 2079 2052 2144 lacus
2105 2077 2298 2145 Peiso
2315 2128 2334 2158 ,
2396 2081 2654 2146 deserta

406 2178 744 2258 Boiorum3
804 2180 934 2243 iam
978 2189 1189 2244 tamen
1242 2179 1488 2243 colonia
1538 2178 1672 2243 divi
1717 2175 1950 2244 Claudi
1995 2174 2264 2245 Sabaria
2307 2191 2374 2246 et
2414 2180 2653 2267 oppido

410 2278 829 2346 Scarabantia
870 2281 1037 2346 Iulia
1078 2280 1465 2346 habitantur.

408 2487 663 2550 diruidini,
687 2489 749 2538 R.
796 2485 924 2536 Sene
948 2486 1186 2547 dirudini,
1210 2487 1277 2536 A.
1323 2482 1446 2535 Sene
1483 2482 1741 2546 diriudini,
1766 2487 1827 2536 T.
1884 2482 2013 2534 Sene
2045 2486 2309 2549 diruidini,
2334 2491 2383 2539 d.
2430 2488 2652 2540 Endero-

408 2555 549 2619 duni,
572 2552 674 2620 βγ.
713 2597 775 2604 -
812 2552 1006 2616 Sasaei,
1031 2555 1099 2604 A.
1136 2551 1327 2615 Sustri,
1351 2554 1516 2604 RTd.
1562 2552 1795 2613 Sassaei,
1826 2548 1926 2617 βγ.
1981 2596 2044 2603 -
2098 2554 2334 2618 Grabaei,
2355 2555 2423 2605 A.
2474 2555 2652 2606 Gram-

411 2625 532 2685 baei,
556 2625 722 2674 RTd.
774 2619 1020 2684 Galabrii,
1045 2622 1203 2671 Hard.
1252 2662 1315 2670 ....
1362 2617 1492 2681 dicti,
1519 2634 1618 2668 om.
1643 2619 1707 2668 R.
1755 2662 1818 2669 -.
1871 2619 2137 2684 Taulantii,
2169 2624 2303 2673 Pint.
2338 2627 2402 2673 ad
2434 2625 2556 2674 Mel.
2581 2626 2650 2675 Π.

407 2698 455 2754 3,
483 2698 560 2743 11.
616 2689 872 2751 Taulanti,
896 2690 1020 2742 ΒΑ.
1064 2687 1276 2750 Aulenti‚
1301 2690 1348 2739 d.
1388 2729 1451 2737 .-
1495 2685 1710 2749 Retinet,
1735 2689 1858 2738 BA.
1892 2688 2136 2753 Retinent,
2162 2691 2266 2740 Td.
2302 2692 2452 2741 Hanc
2473 2707 2651 2743 vocem

408 2775 525 2809 cum
547 2768 787 2823 sequente
811 2760 981 2808 delent
1001 2758 1136 2808 Pint.
1162 2765 1212 2806 et
1234 2758 1410 2807 Dalec.
1449 2797 1512 2804 -
1548 2753 1866 2820 Nympheum,
1891 2772 1922 2805 a
1930 2771 1980 2822 r.
2019 2787 2082 2807 ..-
2119 2757 2290 2823 Epiro,
2316 2760 2423 2810 Rd.

473 2842 503 2904 ἓ
532 2849 643 2894 145.
680 2841 854 2907 Alyso,
879 2857 926 2891 6.
963 2883 1027 2891 -.
1067 2839 1387 2901 Macedonia,
1409 2840 1535 2889 BA.
1585 2838 1928 2902 Macedoniae,
1954 2838 2094 2906 ᾱβγ.
2133 2885 2195 2892 -
2244 2844 2495 2906 Parthini,
2520 2847 2650 2895 Tor-

404 2919 530 2960 rent.
567 2913 631 2959 ad
662 2910 840 2960 Horat.
877 2909 1045 2959 Carm.
1079 2909 1150 2958 II.
1189 2916 1233 2958 l.
1259 2910 1336 2957 tit.
1362 2916 1412 2958 et
1437 2908 1760 2971 Oudendorp.
1785 2910 1849 2957 ad
1873 2909 2011 2959 Suet.
2037 2910 2172 2971 Aug.
2203 2917 2280 2961 19.
2324 2927 2352 2961 e
2376 2914 2523 2961 codd.
2570 2914 2653 2962 Ita

406 2978 560 3027 etiam
581 2978 689 3026 RK
700 2979 748 3025 d.
791 2975 1048 3035 Partheni,
1081 2977 1217 3025 Pint.
1251 2977 1316 3024 ad
1345 2976 1468 3025 Mel.
1504 2976 1573 3025 H.
1600 2981 1646 3034 3,
1676 2982 1752 3024 11.
1780 2976 1924 3024 etita
1946 2971 2158 3039 Asssr.
2206 3018 2270 3025 -
2316 2976 2650 3039 Dassaretae,

405 3047 455 3096 R
473 3046 565 3094 ¹A.
610 3043 936 3102 Dis-saraae,
977 3045 1028 3094 B
1042 3044 1179 3093 ²Kd.
1236 3043 1520 3105 vulgatam
1559 3043 1857 3104 scripturam
1903 3050 2193 3104 corruptam
2239 3051 2385 3106 putat
2414 3046 2550 3094 Pint.
2585 3047 2651 3094 ad

404 3113 527 3162 Mel.
546 3112 652 3172 1.1.,
673 3113 852 3174 probat
870 3110 1157 3160 Tzschnck.
1184 3150 1247 3158 ....
1273 3107 1616 3167 LXXVIII,
1636 3110 1703 3157 A.
1729 3106 1902 3158 LXX
1912 3107 2103 3169 VIIII,
2122 3111 2183 3159 R.
2207 3108 2444 3160 LXXX
2452 3110 2649 3172 VIIII,

405 3181 511 3230 Td.
550 3221 613 3228 -.
647 3177 1014 3244 Epidamnium,
1038 3192 1086 3226 6.
1125 3218 1188 3225 ...
1222 3174 1375 3236 Aous,
1399 3178 1499 3225 vid.
1523 3177 1634 3226 Liv.
1661 3182 1743 3237 32,
1771 3182 1815 3225 5.
1845 3183 1922 3226 13.
1958 3175 2120 3236 Adus,
2144 3177 2254 3227 Ad.
2291 3176 2457 3238 Aeliis,
2481 3179 2544 3228 R.
2584 3220 2647 3227 ...

295 3263 298 3266 ¹
406 3262 511 3308 eas,
535 3248 646 3297 A6.
685 3288 748 3296 ...
785 3245 932 3307 IIII,
956 3238 1289 3296 RAOTdc.
1338 3243 1466 3304 VII,
1487 3240 1546 3305 β,
1606 3245 1711 3292 uod
1744 3242 1966 3294 defendit
1999 3244 2284 3294 Tzschnck.
2320 3249 2384 3295 ad
2422 3247 2542 3296 Mel.
2577 3248 2647 3297 II.

406 3321 453 3376 3,
482 3322 559 3365 13.
598 3355 661 3363 -
696 3313 952 3375 Βαῑίοηεε,
977 3314 1217 3365 Straboni
1244 3315 1287 3361 7.
1315 3325 1363 3374 p.
1389 3317 1505 3361 326.
1599 3305 1857 3368 υλλίονες.
1903 3312 2151 3372 Ballones,
2177 3313 2346 3363 RAd.
2387 3355 2450 3363 ...
2495 3315 2648 3365 Acro-

403 3383 615 3440 cerauni‚
639 3383 747 3431 Rd.
783 3380 1112 3439 Acroceauni‚
1136 3394 1185 3429 6.
1220 3377 1602 3439 Acroceraunia,
1624 3379 1673 3428 A
1685 3374 1785 3443 βγ.
1820 3381 2066 3429 Lectione
2089 3382 2236 3431 nobis
2259 3390 2463 3446 recepta
2502 3384 2645 3434 dubi-

404 3450 584 3498 tationi
605 3448 948 3513 Peerlkampii
971 3451 1037 3498 ad
1057 3448 1237 3498 Horat.
1264 3446 1430 3497 Carm.
1456 3462 1506 3510 p.
1534 3453 1613 3496 23.
1641 3460 1906 3497 occursum
1931 3463 2041 3497 esse
2065 3450 2328 3500 credimus.
2378 3491 2441 3498 -
2488 3448 2646 3500 deter-

404 3515 692 3565 minavimus
725 3518 861 3579 §9¹7.
907 3557 970 3565 .-.
1018 3531 1052 3564 a
1076 3515 1345 3571 Salentino,
1377 3515 1476 3564 vid.
1512 3513 1542 3575 ἓ
1571 3520 1683 3565 103.
1733 3531 1766 3564 a
1790 3515 2082 3575 Salientino,
2107 3520 2153 3566 d.
2199 3515 2549 3578 Assalientino,
2582 3520 2645 3567 R.

406 3580 745 3644 Assalentina,
767 3583 834 3633 A.
871 3624 935 3632 -.
970 3582 1215 3644 LXXX,
1240 3584 1290 3633 R
1307 3574 1500 3646 HTdr.
1537 3581 1719 3643 Lxx,
1742 3585 1809 3633 A.
1846 3581 2147 3644 LXXXV,
2170 3579 2271 3649 βγ.

474 3669 504 3731 5
532 3672 643 3718 146.
682 3683 783 3729 qua
806 3667 997 3731 sesert,
1020 3667 1087 3717 A.
1125 3683 1254 3730 quas
1276 3668 1437 3731 effert,
1460 3667 1524 3716 R.
1563 3683 1664 3730 qua
1690 3683 1742 3717 se
1766 3669 1922 3732 effert,
1948 3668 2053 3717 Td.
2092 3708 2154 3716 -.
2196 3666 2383 3729 Celeia,
2405 3668 2517 3717 Ad.
2558 3665 2646 3716 Ge-

404 3734 483 3798 lei,
516 3736 580 3785 R.
633 3731 794 3796 Gelea,
828 3749 878 3784 6.
925 3775 988 3783 -.
1042 3733 1274 3793 Teurnia,
1307 3735 1462 3784 RAd
1497 3732 1666 3795 (codd.
1699 3733 1934 3796 Barbar.)
1979 3735 2223 3795 Taurnia,
2256 3749 2303 3782 6.
2349 3776 2412 3783 -
2473 3734 2646 3785 Viani-

403 3802 584 3864 omina,
610 3804 755 3851 codd.
781 3802 937 3852 Hard.
987 3801 1132 3851 Viam
1154 3803 1325 3861 omnia,
1350 3801 1416 3850 A.
1476 3801 1649 3852 Vivam
1673 3804 1850 3864 omnia,
1874 3803 1981 3851 Rd.
2039 3801 2223 3852 Vivani
2241 3802 2414 3864 omnia,
2440 3804 2501 3852 T.
2561 3802 2644 3853 Vi-

403 3886 541 3919 vana
565 3870 735 3929 monia,
760 3884 806 3919 6.
856 3870 1020 3920 Viana
1042 3868 1288 3929 Aemonio,
1311 3864 1369 3930 β.
1408 3911 1471 3919 ..-
1513 3866 1729 3919 Claudia
1752 3885 1857 3919 non
1882 3884 1990 3919 esse
2020 3884 2113 3931 pro
2146 3870 2352 3918 nomine
2381 3870 2519 3919 urbis
2552 3871 2643 3920 ha-

401 3939 637 3998 bendum,
661 3940 748 3987 sed
780 3938 1060 4001 significare
1089 3939 1237 3987 urbes
1282 3936 1521 3987 Virunum
1554 3978 1617 3985 ...
1666 3935 1975 3986 Vianiomina
2007 3938 2071 3987 ab
2102 3937 2403 4000 imperatore
2427 3937 2643 3988 Claudio

403 4006 643 4067 conditas,
686 4006 832 4055 docet
873 4006 1072 4067 Zumpt.
1116 4011 1405 4053 commentt.
1440 4005 1596 4067 epigr.
1628 4018 1679 4067 p.
1715 4010 1829 4053 390.
1870 4044 1932 4052 -.
1966 4003 2208 4065 Fluvium,
2241 4018 2287 4052 6.
2327 4045 2385 4053 ..
2433 4002 2642 4056 Solvens.

400 4072 686 4134 Enoricens,
709 4071 776 4121 A.
817 4114 878 4121 ..-
917 4072 1028 4122 lacu
1053 4069 1248 4135 Speiso,
1271 4071 1427 4121 Hard.
1466 4110 1530 4120 .-.
1567 4069 1848 4132 Boisorum,
1874 4071 1935 4120 T.
1974 4113 2036 4120 .-
2074 4080 2203 4134 tunc,
2226 4074 2289 4122 R.
2337 4113 2400 4122 ...
2447 4072 2642 4139 oppido,

402 4143 545 4190 codd.
572 4140 748 4191 Gelen.
777 4182 839 4189 -
865 4137 1226 4200 Scarabantia,
1252 4141 1342 4189 Rd
1367 4135 1536 4200 (codd.
1558 4136 1762 4201 Gelon.)
1798 4135 2152 4201 Scarabantia,
2185 4140 2252 4189 A.
2289 4136 2642 4202 Sacarbantia,

402 4210 548 4258 codd.
572 4208 777 4258 Barbar.
824 4204 1171 4268 Garambaria‚
1195 4220 1244 4256 6.
