2961 4861
1225 359 1602 403 PRAEFATIO.
2398 367 2528 408 va

272 507 531 569 editione
568 526 679 568 sua
713 526 869 569 anno
902 504 1088 571 1532.
1117 511 1407 590 impressa
1433 512 1558 572 fere
1587 519 1749 572 totns
1775 532 1814 572 a
1840 510 2119 575 Caesario
2145 518 2392 592 pendet,
2424 536 2529 577 cu-

270 619 488 677 ius²rei
513 618 727 678 certior
764 618 955 678 factus
996 637 1129 679 sum
1155 639 1264 697 per
1287 622 1575 698 insignem
1605 623 2076 683 benevolentiam
2105 623 2175 684 C.
2205 625 2310 684 Fr.
2337 626 2528 686 Her-

272 727 551 801 manni‚
580 728 685 804 qui
712 746 751 786 a
778 746 875 786 me
902 706 1150 806 rogatus
1177 729 1511 807 exemplum
1540 731 1676 789 libri
1702 733 1988 791 rarissimi
2015 731 2406 810 Gottingense
2434 737 2527 795 in-

269 837 484 913 spexit
511 836 751 912 eiusque
777 836 1009 911 aliquot
1046 845 1330 915 excerpta
1366 841 1443 897 ad
1468 858 1565 898 me
1591 841 1937 913 transmisit,
1969 839 2378 918 sigismundus
2408 843 2530 905 Ge-

263 944 466 1005 lenius
498 939 709 1017 1535„
737 946 1144 1007 Ferdinandus
1172 948 1484 1007 Pintianus
1516 943 1703 1008 1544.
1726 956 1788 1009 et
1810 945 2020 1023 1547„
2043 953 2115 1011 de
2144 953 2358 1027 quibus
2387 955 2530 1014 viris

267 1056 496 1132 partim
526 1073 710 1132 supra
754 1057 986 1132 egimus
1034 1075 1094 1134 p.
1152 1055 1364 1117 XXV.
1424 1074 1588 1134 seqq.
1658 1057 1884 1118 Eorum
1937 1062 2370 1122 emendationes
2426 1074 2532 1123 aut

258 1183 352 1224 ex
380 1165 676 1225 codicibus
704 1166 968 1241 prolatas
996 1172 1102 1225 aut
1127 1184 1238 1242 ope
1266 1167 1634 1226 coniecturae
1660 1175 1925 1244 repertas
1964 1170 2216 1230 editores
2256 1172 2528 1250 deinceps

266 1291 405 1334 sese
442 1274 686 1333 insecuti
729 1274 840 1334 sibi
881 1275 1282 1348 vindicarunt,
1333 1277 1670 1336 nominibus
1712 1284 2020 1337 auctorum
2060 1298 2136 1336 ex
2173 1299 2338 1340 more
2365 1282 2527 1341 illius

266 1385 503 1444 saeculi
529 1383 653 1443 fere
680 1383 939 1457 omissis,
979 1386 1168 1444 donec
1202 1385 1457 1447 Ioannes
1495 1384 1780 1447 Nicolaus
1818 1388 2123 1449 Victorius
2152 1408 2308 1448 anno
2339 1386 2526 1451 1582.

260 1493 588 1553 editionem
614 1490 1070 1570 Lugdunensem
1106 1496 1285 1554 etiam
1323 1504 1569 1555 externo
1608 1496 1814 1555 habitu
1858 1497 1999 1556 satis
2029 1498 2398 1575 splendidam
2426 1518 2526 1558 cu-

258 1604 449 1675 ravit,
476 1603 540 1662 in
567 1605 735 1664 cuius
762 1603 1121 1681 praefatione
1150 1623 1213 1663 se
1241 1622 1394 1683 opus
1421 1606 1767 1664 universum
1794 1624 1931 1665 cum
1959 1609 2368 1667 vetustissimis
2397 1611 2527 1685 qui-

261 1714 429 1786 dem,
460 1713 565 1771 sed
592 1713 1078 1790 depravatissimo
1107 1714 1343 1790 scriptis
1373 1713 1673 1771 codicibus
1700 1731 1880 1788 quam
1908 1717 2352 1776 accuratissime
2382 1737 2524 1776 con-

258 1823 483 1881 tulisse
512 1829 689 1897 atque
717 1842 794 1880 ex
819 1822 889 1880 iis
916 1839 1037 1880 non
1062 1839 1256 1899 pauca
1281 1822 1507 1881 eruisse
1544 1828 1799 1881 testatur
1812 1863 1833 1895 ,
1872 1840 2026 1897 quae
2054 1823 2223 1882 nulla
2250 1826 2526 1901 expedire

254 1932 564 2011 potuisset
588 1931 806 2005 ingenii
833 1930 1215 2005 quantumvis
1255 1931 1487 2008 sagacis
1527 1931 1855 1991 coniectura
1868 1973 1888 2004 ,
1919 1932 2095 1992 simul
2121 1934 2343 1994 addens
2370 1955 2523 1995 non-

254 2040 441 2100 nulla
478 2057 544 2098 se
581 2059 659 2098 ex
695 2040 1027 2099 coniectura
1066 2041 1413 2100 mutavisse.
1483 2041 1657 2100 Hanc
1709 2041 2022 2101 editionem
2072 2042 2522 2121 Dalecampium

254 2150 423 2230 typis
461 2150 837 2227 repetendam
873 2150 1241 2229 typographo
1282 2169 1392 2210 suo
1435 2151 1753 2210 tradidisse
1793 2151 1937 2211 mihi
1964 2159 2188 2212 certum
2215 2162 2327 2225 est,
2355 2159 2417 2211 et
2442 2154 2520 2213 ab

256 2279 342 2320 ea
360 2259 423 2318 in
441 2259 808 2337 paucissimis
822 2261 999 2320 modo
1018 2261 1195 2320 rebus
1217 2269 1323 2320 aut
1342 2259 1731 2333 coniecturae,
1753 2267 1823 2319 ut
1842 2261 2101 2334 videtur,
2133 2263 2386 2321 confisus
2415 2271 2521 2323 aut

252 2370 585 2444 codicibuS,
614 2379 685 2429 ut
709 2371 804 2429 hic
830 2369 956 2429 illic
993 2377 1085 2428 est
1107 2370 1496 2449 probabilius,
1533 2369 1773 2429 adiutus
1800 2369 2086 2444 discessit,
2115 2377 2177 2428 et
2201 2372 2518 2448 pleraeque

253 2498 473 2539 omnes
514 2481 653 2539 illae
690 2482 969 2542 lectiones
995 2480 1283 2557 egregiae,
1326 2497 1483 2555 quae
1520 2487 1626 2538 aut
1664 2498 1704 2537 a
1736 2479 2028 2539 codicibus
2055 2498 2258 2538 recens
2286 2479 2514 2540 collatis

252 2591 703 2651 commendatae
730 2596 898 2649 erant
922 2590 1306 2662 revocandae,
1337 2597 1443 2647 aut
1467 2588 1562 2647 his
1590 2588 1735 2665 ipsis
1764 2588 2056 2648 codicibus
2077 2589 2510 2665 refragantibus

249 2700 619 2773 retinendae,
647 2701 708 2759 in
734 2700 984 2759 editione
1008 2700 1116 2758 illa
1140 2698 1527 2776 Lugdunensi
1545 2703 1810 2770 exstant,
1840 2705 1910 2757 ut
1932 2698 2176 2775 proinde
2202 2698 2507 2777 Lessingio

251 2817 322 2869 et
346 2809 582 2887 Heynio
619 2811 693 2869 de
734 2816 976 2868 auctore
1003 2809 1283 2885 vulgatae
1311 2807 1640 2886 scripturae
1654 2806 2071 2892 ‚dubitantibus
2109 2809 2253 2884 quid
2291 2808 2367 2867 sit
2405 2828 2505 2868 re-

244 2920 665 2997 spondendum
696 2919 970 2978 sciamus.
1025 2918 1109 2975 Et
1134 2918 1389 2977 multum
1415 2918 1652 2993 quidem
1679 2923 1772 2976 est
1798 2916 2115 2976 dolendum
2151 2935 2263 2977 nos
2290 2917 2367 2976 de
2395 2935 2499 2976 co-

251 3029 484 3089 dicibus
511 3028 647 3100 illis,
676 3029 890 3104 quibus
915 3027 980 3088 V
977 3028 1219 3087 ictorius
1247 3047 1392 3088 usus
1420 3027 1745 3104 permultos
1772 3024 1936 3083 locos
1962 3026 2283 3084 certissime
2304 3043 2505 3084 emen·-

251 3138 440 3211 davit‚
469 3155 717 3215 prorsus
745 3138 890 3196 nihil
933 3138 1107 3207 scire;
1145 3137 1208 3194 id
1244 3145 1441 3194 tamen
1480 3153 1601 3191 non
1629 3134 1755 3190 sine
1782 3131 2194 3208 probabilitate
2221 3133 2509 3192 coniicere

248 3264 587 3327 possumus,
616 3248 679 3306 in
706 3248 824 3305 illis
852 3247 1152 3306 codicibus
1188 3243 1373 3302 fuisse
1410 3259 1599 3300 unum
1639 3241 1970 3299 alterumve
2020 3229 2380 3318 exemplum,
2411 3244 2504 3302 cui

249 3357 444 3415 multa
488 3362 685 3415 essent
720 3353 1054 3414 eommunia
1088 3371 1225 3412 cum
1259 3351 1314 3411 B
1354 3359 1415 3410 et
1452 3349 1547 3423 A,
1586 3350 1777 3409 multa
1819 3349 1992 3410 etiam
2019 3352 2207 3411 mixta
2234 3369 2368 3410 cum
2394 3351 2502 3413 illa

254 3464 566 3540 scriptura,
606 3464 796 3539 qualis
838 3464 962 3523 fere
997 3462 1252 3521 cernitur
1285 3461 1346 3521 in
1387 3461 1586 3520 codice
1626 3462 1697 3535 h,
1742 3460 1839 3520 cui
1867 3461 2162 3538 scriptura
2187 3461 2433 3538 vulgata
2462 3457 2497 3543 β

251 3580 497 3633 eatenus
525 3577 617 3629 est
637 3571 863 3644 similis,
886 3577 974 3644 ut,
999 3590 1132 3630 cum
1159 3580 1405 3648 uterque
1431 3571 1580 3630 liber
1606 3566 1693 3651 Ῑιβ
1726 3590 1900 3647 saepe
1926 3572 2038 3631 soli
2065 3590 2269 3631 veram
2296 3572 2498 3630 lectio-

248 3703 387 3743 nem
426 3682 712 3752 habeant,
757 3699 830 3739 ea
871 3698 1045 3757 saepe
1081 3682 1144 3740 in
1188 3682 1315 3740 sola
1342 3680 1593 3740 editione
1624 3676 1657 3761 β
1687 3688 1903 3755 exstet,
1933 3701 2252 3756 numquam
2283 3680 2410 3738 solo
2435 3680 2495 3738 in

247 3792 313 3865 h,
343 3792 501 3850 unde
526 3792 704 3868 plena
731 3790 909 3851 huius
935 3791 1068 3851 libri
1096 3791 1404 3850 collatione
1430 3791 1601 3850 facile
1629 3809 1828 3851 carere
1854 3792 2043 3868 potui.

333 3900 437 3961 Ab
465 3901 559 3960 his
591 3902 862 3961 omnibus
893 3901 1164 3960 subsidiis
1193 3900 1506 3979 superioris
1535 3899 1632 3959 vel
1652 3899 1944 3959 inferioris
1967 3900 2185 3959 ordinis
2208 3899 2307 3958 ubi
2327 3900 2493 3958 auxi-

246 4012 313 4069 lii
337 4012 509 4088 inops
541 4012 871 4084 deserebar,
901 4012 978 4070 ad
1006 4010 1199 4069 crisim
1228 4029 1379 4086 quae
1420 4008 1635 4067 dicitur
1671 4008 2117 4069 coniecturalem
2146 4009 2492 4085 confugien-

247 4121 389 4179 dum
415 4120 547 4194 fuit,
576 4122 653 4180 ad
682 4141 859 4197 quam
887 4127 955 4179 ut
981 4127 1184 4197 aptum
1213 4119 1359 4178 mihi
1384 4116 1693 4177 transitum
1715 4136 1940 4194 parem,
1964 4119 2037 4177 de
2058 4120 2288 4178 duabus
2316 4128 2493 4178 antea

248 4231 424 4290 rebus
446 4230 754 4291 dicendum
776 4238 888 4305 est,
911 4249 1083 4310 quae,
1108 4229 1194 4289 uti
1216 4246 1373 4288 nunc
1395 4233 1556 4287 certe
1576 4244 1672 4287 res
1700 4234 1810 4298 est,
1842 4229 2036 4287 nescio
2064 4247 2142 4287 an
2169 4247 2489 4307 numquam

2040 4344 2085 4393 E
