2961 4861
852 322 992 369 Lm.
1025 323 1123 370 v1.
1181 321 1335 369 cAP.
1370 324 1523 371 vm.
1561 325 1657 371 1x.
1716 323 1910 373 sEo'r.
1941 326 1980 368 s.
2008 326 2046 369 9.
2448 310 2573 375 409

333 493 411 538 ac
453 480 704 537 veteres
746 471 1153 557 proditurum
1194 495 1299 537 me
1351 474 1482 537 non
1541 495 1617 538 eo
1668 471 1926 551 infitias,
1985 472 2175 538 anxia
2224 475 2578 560 perquisita

331 594 520 651 cura,
579 573 774 638 rebus
832 596 1040 659 nuper
1091 573 1160 637 in
1215 595 1290 638 eo
1346 573 1473 638 situ
1527 574 1733 663 gestis
1785 596 1827 638 a
1874 573 2164 639 Domitio
2212 572 2574 642 Corbulone

331 674 722 762 regibusque
764 673 916 739 inde
957 673 1171 739 missis
1216 673 1617 760 supplicibus
1661 684 1773 739 aut
1812 696 2042 762 regum
2082 674 2302 741 liberis
2333 676 2613 742 obsidi-⁴

327 775 470 840 bus.
516 774 864 840 Ordiemur
907 786 1121 839 autem
1152 797 1191 838 a
1223 773 1688 862 Cappadocum
1715 786 1929 862 gente.
1973 774 2384 865 Longissime
2412 778 2573 843 haec
2604 800 2669 844 24

330 876 745 941 Ponticarum
788 874 1073 939 omnium
1114 875 1428 940 introrsus
1479 876 1790 948 recedens
1846 876 2158 963 minorem
2198 877 2577 943 Armeniam

330 977 759 1061 maioremque
805 987 870 1041 et
902 973 1383 1064 Commagenen
1425 976 1609 1041 laevo
1654 999 1771 1041 suo
1812 978 2012 1043 latere
2058 978 2306 1057 transit,
2353 979 2582 1043 dextra

331 1099 485 1142 vero
528 1076 734 1143 omnis
777 1075 843 1141 in
887 1064 1052 1140 Asi'a
1095 1077 1299 1142 dictas
1342 1076 1578 1163 gentis,
1624 1077 1937 1162 plurumis
1982 1078 2325 1162 superfusa
2366 1100 2577 1165 popu-

330 1178 444 1256 lis,
490 1198 855 1263 magnoque
897 1177 1123 1262 inpetu
1169 1177 1484 1243 scandens
1529 1177 1615 1241 ad
1656 1188 1868 1244 ortum
1911 1179 2062 1243 solis
2109 1189 2174 1244 et
2201 1179 2400 1244 Tauri
2425 1181 2583 1267 iuga

334 1278 563 1343 transit
604 1276 1034 1363 Lycaoniam,
1093 1276 1441 1356 Pisidiam,
1505 1275 1799 1342 Ciliciam
1816 1326 1835 1356 ,
1891 1277 2071 1342 vadit
2112 1300 2306 1364 super
2347 1279 2579 1346 Antio-

334 1379 515 1448 chiae
561 1388 836 1444 tractum
882 1390 948 1443 et
988 1400 1195 1462 usque
1239 1378 1323 1442 ad
1361 1376 1797 1464 Cyrresticam
1841 1379 1981 1443 eius
2023 1379 2356 1466 regionem
2396 1390 2583 1465 parte

336 1502 455 1545 sua
508 1501 674 1564 quae
726 1490 991 1545 vocatur
1036 1477 1349 1544 Cataonia
1406 1480 1754 1544 contendit.
1828 1478 2057 1563 Itaque
2113 1480 2206 1545 ibi
2248 1480 2583 1569 longitudo

334 1581 534 1645 Asiae
579 1579 968 1645 duodeciens
1012 1590 1282 1645 centena
1321 1601 1362 1643 L
1402 1601 1453 1642 m
1494 1602 1559 1664 p.
1606 1578 1824 1656 efficit,
1878 1579 2148 1646 latitudo
2189 1602 2358 1646 non.
2397 1604 2467 1645 n.

418 1679 547 1745 IX.
611 1681 670 1744 9.
716 1680 1028 1745 Armenia
1070 1689 1287 1743 autem
1328 1679 1531 1743 maior
1578 1679 1894 1764 incipiens
1938 1702 1978 1742 a
2005 1680 2357 1765 Paryadris
2399 1703 2581 1746 mon·
2613 1706 2678 1750 25

338 1780 511 1846 tibus
553 1780 888 1866 Euphrate
932 1802 1137 1857 amne,
1196 1789 1272 1843 ut
1315 1777 1560 1843 dictum
1614 1788 1732 1857 est,
1794 1779 2087 1844 aufertur
2132 1778 2585 1867 Cappadociae

342 1893 428 1960 et,
475 1902 603 1965 qua
647 1880 922 1945 discedit
946 1878 1335 1965 Euphrates,
1379 1877 1911 1963 Mesopotamiae,
1956 1880 2130 1945 haud
2162 1882 2373 1946 minus
2417 1884 2586 1948 claro

338 2004 524 2047 amne
553 1979 757 2068 Tigri.
816 1979 1183 2067 Utrumque
1227 1979 1443 2045 fundit
1482 1978 1630 2066 ipsa
1674 1990 1740 2044 et
1779 1979 2034 2047 initium
2073 1981 2588 2070 Mesopotamiae

338 2193 407 2244 R.
461 2233 525 2242 ...
578 2201 634 2254 et,
657 2206 758 2242 om.
780 2192 842 2242 P.
898 2231 961 2240 .-
1013 2189 1281 2254 Inapaeos,
1306 2192 1413 2240 Rd.
1465 2189 1684 2254 Napeos,
1709 2192 1772 2239 T.
1823 2189 2121 2255 Amapaeos,
2144 2193 2205 2242 P.
2240 2192 2589 2258 Nemeorum-1,

343 2256 401 2321 β.
457 2300 520 2310 -.
575 2257 792 2321 delectos,
815 2260 875 2308 P.
930 2298 994 2307 ...
1049 2254 1230 2319 aliqui,
1253 2257 1334 2306 R.
1354 2255 1518 2321 aliqui
1519 2257 1722 2320 flumen,
1744 2253 1945 2322 Pdssr.
1980 2300 2046 2308 -.
2090 2256 2365 2323 Ocharium,
2389 2262 2587 2312 RPdr.

348 2326 633 2392 Opharium,
656 2322 760 2390 βγ.
787 2366 849 2375 .-
880 2324 1119 2385 Canticos,
1139 2326 1186 2373 d.
1230 2323 1610 2385 Canticanticos,
1628 2326 1692 2376 R.
1732 2322 2007 2387 Canthicos,
2024 2326 2084 2375 P.
2125 2324 2382 2390 Cantecos,
2399 2323 2501 2392 βγ.
2523 2368 2588 2377 -.

342 2393 611 2460 Saphaeos,
634 2395 694 2445 P.
724 2434 787 2444 ..
825 2389 1177 2456 Sarclzarceos,
1201 2394 1263 2444 T.
1299 2390 1653 2454 Sartkarceos,
1677 2395 1726 2443 d.
1773 2390 2029 2457 Satareos,
2052 2394 2119 2444 K.
2156 2392 2503 2456 Satharcheos,
2525 2395 2591 2446 R.

343 2461 616 2524 San-chaos,
638 2464 698 2513 Ρ.
733 2459 1030 2522 Phatareos,
1051 2456 1154 2526 βγ.
1193 2502 1256 2510 -
1291 2458 1593 2520 Ενιλίεήεοε,
1617 2460 1681 2511 R.
1715 2457 2028 2523 Herthideos,
2051 2462 2112 2513 Ρ.
2142 2500 2215 2529 ⁸-
2252 2461 2592 2526 Spondolicos,

297 2563 314 2569 κ
340 2532 400 2580 P.
439 2572 502 2580 -
541 2529 586 2580 S
614 2530 803 2590 nethas,
826 2531 885 2579 P.
940 2568 1005 2577 -..
1057 2527 1273 2588 Anas-os,
1295 2529 1459 2578 RTd.
1511 2526 1694 2588 Aneso,
1717 2528 1776 2577 P.
1822 2527 2072 2590 Amassos,
2093 2523 2198 2593 βγ.
2236 2549 2316 2578 1-
2378 2527 2593 2591 Catetas,

341 2598 508 2649 RTd.
600 2598 709 2647 atho
732 2596 793 2657 is,
816 2598 875 2646 P.
917 2593 1186 2657 C'atazetos,
1207 2591 1310 2659 βν.
1357 2635 1421 2643 -
1484 2595 1731 2657 Ταροναε,
1754 2594 1861 2645 R'r
1872 2598 1920 2646 d.
1982 2595 2207 2660 Taqoris,
2231 2597 2291 2646 P.
2352 2594 2593 2659 Tayoros,

340 2661 443 2729 βγ.
498 2706 562 2715 ....
624 2663 853 2725 C'aronos,
876 2657 1148 2728 RQTPd.
1206 2659 1430 2723 Catones,
1454 2657 1556 2727 βγ.
1612 2701 1675 2709 -
1727 2660 2039 2729 Anqandeos,
2063 2665 2125 2713 T.
2163 2704 2227 2713 ....
2287 2662 2595 2725 Gandareos,

342 2734 408 2782 K.
463 2773 526 2782 -..
583 2729 896 2792 Satarcheos,
928 2733 976 2781 d.
1031 2729 1378 2806 §atharcheoa
1410 2730 1527 2780 BP.
1582 2725 1895 2791 Satharceos,
1930 2732 1993 2781 T.
2047 2728 2393 2792 Satarchaeos,
2415 2727 2473 2793 β.
2528 2772 2593 2780 .-

341 2797 511 2860 Palos,
544 2799 849 2861 wesseling.
873 2800 937 2848 ad
960 2798 1110 2848 Diod.
1135 2799 1235 2849 Sic.
1262 2805 1309 2857 2,
1333 2803 1415 2847 43.
1440 2812 1493 2861 p.
1521 2802 1633 2847 155.
1657 2795 1734 2847 At
1754 2812 1802 2848 v,
1826 2812 1921 2848 nos
1945 2800 2010 2847 ad
2034 2800 2063 2861 ξ
2091 2804 2170 2849 50.

409 2868 438 2930 ξ
465 2873 546 2916 23.
571 2863 1199 2928 ἰητενίονασῆοᾶηεεᾳιιε,Β.
1224 2864 1466 2914 interiora
1491 2882 1581 2927 quo
1606 2880 1879 2929 amnesque,
1892 2866 1939 2913 d.
1965 2864 2209 2914 interiora
2233 2867 2321 2928 qui
2341 2881 2522 2925 amnes‚
2534 2866 2594 2915 P.

342 2935 624 2995 vulgatam
642 2933 795 2982 huius
812 2932 918 2981 loci
936 2933 1235 2994 scripturam
1253 2946 1360 2980 non
1380 2932 1620 2980 exhibere
1637 2934 1796 2996 ipsam
1821 2931 1977 2979 Plinii
1999 2946 2224 2992 manum,
2249 2934 2337 2980 sed
2355 2947 2466 2981 eam
2488 2946 2598 2981 esse

343 3001 521 3051 deletis
544 3000 726 3049 litteris
748 2998 1126 3048 molestioribus
1149 2998 1508 3060 interpolatam
1532 3000 1718 3049 docent
1741 3006 1792 3048 et
1832 2997 2064 3046 codicum
2102 2999 2349 3047 lectiones
2384 3006 2435 3047 et
2459 3000 2596 3060 quod

342 3069 508 3128 verba,
549 3068 625 3115 uti
664 3067 767 3115 iam
806 3066 1069 3128 leguntur,
1110 3065 1356 3114 ambitum
1395 3064 1648 3116 interioris
1688 3069 1752 3116 de
1793 3079 1896 3126 qua
1935 3079 2099 3114 sermo
2134 3073 2212 3114 est
2252 3078 2375 3113 orae
2415 3079 2597 3127 parum

342 3142 575 3184 accurate
608 3134 919 3194 describunt3
960 3133 1046 3181 hic
1086 3139 1256 3180 autem
1286 3138 1533 3192 narratur,
1568 3133 1611 3181 si
1633 3132 1848 3194 vestigia
1871 3132 2105 3180 codicum
2128 3145 2300 3196 presse
2323 3138 2589 3194 sequentes

344 3203 607 3251 scribimus
630 3200 834 3251 interior
856 3216 950 3250 ora
973 3217 1008 3248 a
1037 3195 1122 3248 Cio
1147 3214 1287 3248 amne
1312 3211 1567 3266 omnesque
1592 3197 1805 3249 accolae.
1843 3198 1965 3248 Cius
1998 3199 2162 3248 amnis
2185 3215 2218 3248 a
2238 3198 2409 3247 Plinio
2435 3198 2598 3249 dictus

343 3276 420 3318 est
450 3277 508 3319 ut
540 3269 750 3319 ultimus
782 3269 1026 3317 terminus
1062 3267 1326 3315 exterioris
1358 3280 1479 3315 orae
1510 3267 1668 3316 Asiae
1693 3266 1941 3315 occidenti
1966 3266 2204 3316 obversae
2231 3271 2276 3326 5,
2307 3272 2437 3327 144.,
2461 3269 2597 3316 unde

342 3338 408 3385 ad
455 3338 593 3385 hunc
644 3351 846 3385 amnem
886 3335 1049 3384 redire
1079 3334 1396 3397 aptissimum
1429 3332 1553 3395 fuit-,3
1587 3336 1700 3383 add.
1740 3339 1785 3394 5,
1824 3339 1936 3384 148.
1992 3373 2056 3382 ...
2108 3332 2402 3396 incolasque,
2434 3335 2494 3384 P.
2533 3333 2597 3383 -L

344 3401 590 3453 reddatur
620 3403 790 3465 inqens
814 3442 878 3451 ...
904 3402 1066 3462 sinus,
1115 3394 1369 3451 ROSTr
1408 3399 1618 3463 (Basil.)
1666 3399 1899 3451 reddatur
1932 3400 2100 3467 inqens
2141 3401 2193 3450 in
2226 3400 2599 3451 mediterraneos

342 3469 491 3532 sinus,
505 3472 553 3519 d.
581 3470 808 3519 redeatur
832 3468 1042 3535 inqentes
1066 3477 1110 3518 et
1130 3467 1505 3517 mediterraneos
1526 3468 1680 3530 sinu-3,
1703 3470 1762 3518 P.
1802 3465 2084 3517 reddantur
2104 3477 2272 3536 yentes
2296 3469 2347 3517 in
2371 3466 2598 3516 mediter.

345 3551 497 3586 raneo
520 3535 648 3597 sinu,
670 3531 728 3598 β.
767 3577 830 3585 ...
866 3536 917 3584 in
954 3552 1063 3599 quo,
1088 3537 1197 3586 Rd.
1223 3534 1319 3596 ubi,
1343 3536 1402 3585 P.
1443 3569 1503 3579 -
1542 3552 1616 3597 ac,
1639 3537 1782 3587 RPd
1802 3538 1833 3585 ¹.
1871 3545 1941 3598 ut,
1966 3538 2042 3586 d2.
2100 3576 2164 3585 -..
2223 3536 2371 3601 yestis
2396 3535 2512 3595 situ,
2536 3535 2597 3584 P.

345 3644 411 3653 .-.
447 3619 691 3664 aurecum,
716 3606 764 3653 d.
800 3613 1034 3665 auretam,
1057 3603 1148 3653 R1.
1186 3618 1430 3662 aurocum,
1453 3604 1543 3652 3².
1581 3619 1709 3654 auro
1733 3613 1791 3665 et,
1814 3605 1874 3654 P.

413 3669 443 3730 5
469 3677 549 3720 24.
586 3670 913 3734 Lonqissima,
936 3671 994 3720 P.
1029 3671 1312 3732 Exscripsit
1334 3671 1462 3720 haec
1485 3672 1721 3721 Martian.
1743 3679 1789 3733 6,
1811 3677 1924 3722 690.
1952 3712 2014 3720 .-
2040 3667 2323 3720 Armeniam
2402 3705 2415 3730 ,
2440 3670 2503 3718 R.
2532 3712 2594 3719 -

349 3734 694 3801 Commayenen
730 3737 881 3799 laevo,
914 3740 961 3787 d.
1011 3734 1492 3801 Commayenellaevo‚
1511 3738 1615 3787 'Bt
1659 3738 1967 3801 Gommaqene
2002 3736 2156 3797 laevo,
2179 3739 2269 3786 R2.
2360 3752 2596 3798 ommaye-

343 3823 447 3855 nem
481 3803 632 3865 laevo,
664 3805 768 3869 Pr.
806 3847 869 3854 ...
907 3805 1101 3867 deaetra,
1133 3806 1195 3855 R.
1242 3806 1430 3866 dextro,
1474 3798 1671 3857 θΤΡᾶ.
1703 3803 1885 3868 (Rob.)
1923 3846 1986 3854 ...
2006 3804 2249 3869 fluminis,
2285 3805 2349 3854 R.
2378 3803 2595 3867 flumini,

343 3874 447 3923 Pd.
484 3914 548 3921 ...
586 3872 951 3937 impetcandenS,
974 3874 1039 3922 R.
1077 3913 1141 3922 .-.
1182 3879 1229 3920 et
1261 3889 1431 3936 usque,
1465 3874 1510 3922 P
1535 3870 1720 3936 (Rob.)
1758 3872 1875 3937 eiq3,
1900 3872 1963 3922 R.
2010 3888 2155 3936 quae,
2180 3874 2229 3922 d.
2269 3912 2333 3921 .-
2384 3867 2596 3936 Cyrrhe-

346 3939 542 4001 sticam,
565 3941 773 3990 Barbar.
799 3947 850 3989 et
872 3941 1006 3989 Rob.
1057 3935 1407 4002 Girrestricam,
1430 3940 1538 3989 Rd.
1588 3937 1936 4002 caresta-icam,
1960 3940 2020 3991 P.
2059 3979 2122 3988 .-
2170 3956 2286 4003 qua,
2312 3940 2374 3988 T.
2412 3979 2477 3988 .-.
2512 3955 2595 3987 vo-

345 4015 505 4122 «ἔων,
541 4008 644 4057 RP
677 4003 864 4069 (Rob.)
901 4007 1079 4057 Omitt.
1115 4006 1222 4056 Td.
1270 4047 1332 4056 -.
1379 4006 1604 4056 undecies
1635 4017 1835 4057 centena
1865 4016 1911 4056 et
1941 4005 2300 4071 quadrayinta,
2340 4007 2492 4057 Mart.
2529 4048 2593 4056 -.

402 4074 524 4136 XL,
554 4076 613 4125 P.
1636 4119 1644 4131 ,

414 4141 443 4202 ξ
471 4149 550 4192 25.
586 4141 832 4208 incipiens,
856 4143 921 4193 R.
956 4141 1138 4207 incipit,
1162 4142 1305 4192 TPd
1330 4138 1517 4205 (Rob.)
1557 4182 1617 4191 .-
1654 4142 1952 4207 ParyadriS,
1975 4143 2132 4193 Hard.
2170 4139 2482 4202 Parihedris,
2500 4142 2594 4192 Rd

348 4206 533 4272 (Rob.)
570 4209 888 4273 Pariendris,
913 4212 972 4262 P.
1008 4209 1286 4271 Pariedris,
1309 4205 1367 4269 β.
1397 4251 1459 4260 ....
1487 4208 1667 4261 dictum
1692 4219 1761 4261 est
1786 4216 1831 4273 5,
1859 4217 1939 4262 83.
1971 4251 2029 4260 ..-
2065 4208 2227 4273 clara,
2250 4210 2296 4259 P
2318 4205 2503 4272 (Rob.)
