2961 4861
397 303 520 366 336
1101 298 1508 376 NATURALis
1554 330 1943 379 msromAE

396 469 513 534 sed
566 470 637 535 id
677 470 1057 558 plerumque
1102 474 1581 542 fallacissimum
1631 480 2073 566 experimento
2115 482 2637 571 deprehenditur,

393 569 546 654 quia
574 571 941 658 dignitates,
981 595 1129 640 cum
1154 575 1464 663 indagare
1494 599 1651 645 vera
1676 579 1920 668 pigeat,
1960 582 2359 674 ignprantiae
2386 590 2637 674 pudore

390 671 648 737 mentiri
688 695 816 737 non
858 674 1038 762 piget
1051 722 1070 753 ,
1123 675 1297 741 haud
1350 677 1473 742 alio
1522 677 1676 745 fidei
1717 682 2014 766 proniore
2055 684 2244 771 lapsu
2287 709 2482 773 quam
2523 691 2633 758 ubi

393 772 593 839 falsae
635 775 729 840 rei
779 775 996 862 gravis
1039 786 1261 841 auctor
1303 778 1577 845 exsistit.
1641 780 1965 865 Equidem
2018 786 2232 852 minus
2283 788 2483 855 miror
2532 792 2633 856 in-

393 884 699 960 conperta
744 874 1061 957 quaedam
1103 897 1245 942 esse
1289 878 1609 962 equestris
1653 881 1895 948 ordinis
1936 884 2124 964 viris,
2181 887 2311 952 iam
2363 912 2516 956 vero
2570 903 2636 958 et

392 983 683 1039 senatum
725 973 876 1040 inde
917 974 1324 1057 intrantibus,
1367 999 1562 1063 quam
1596 981 1914 1062 luxuriae,
1961 986 2144 1051 cuius
2188 988 2638 1060 efficacissima

387 1072 485 1138 vis
516 1074 785 1139 sentitur
813 1084 1006 1159 atque
1033 1098 1356 1157 maxuma,
1404 1101 1552 1144 cum
1594 1081 1790 1161 ebori,
1839 1084 1999 1150 citro
2043 1087 2242 1155 silvae
2288 1093 2632 1176 exquiran-

387 1184 522 1253 tur,
575 1195 797 1240 omnes
853 1177 1098 1262 scopuli
1144 1174 1406 1243 Gaetuli
1446 1181 1797 1248 muricibus
1810 1231 1830 1262 ,
1886 1188 2210 1272 purpuris.
2276 1189 2637 1281 Indigenas
2667 1214 2733 1259 13

387 1284 601 1340 tamen
644 1276 907 1340 tradunt
947 1276 1016 1339 in
1059 1298 1172 1340 ora
1212 1276 1293 1341 ab
1333 1275 1514 1343 Salat
1555 1300 1630 1344 GL
1673 1304 1725 1344 u
1764 1305 1830 1367 p.
1877 1284 2116 1352 flumen
2156 1288 2449 1357 Asanam
2491 1317 2633 1361 ma-

384 1376 525 1441 rino
565 1370 801 1441 haustu
846 1376 963 1442 sed
1003 1387 1196 1461 portu
1238 1378 1590 1462 spectabile
1604 1427 1624 1458 ,
1676 1404 1828 1447 mox
1870 1407 2123 1452 amnem
2167 1411 2358 1473 quem
2399 1407 2634 1461 vocant

387 1473 543 1552 Fut,
589 1475 670 1540 ab
717 1498 793 1541 eo
835 1477 920 1555 ad
960 1475 1391 1562 Dyrim=(hoo
1434 1478 1604 1544 enim
1644 1480 1897 1547 Atlanti
1941 1507 2175 1553 nomen
2221 1512 2362 1557 esse
2408 1516 2630 1561 eorum

381 1575 604 1662 lingua
641 1575 970 1661 convenit)
1014 1598 1088 1641 cc
1128 1576 1258 1642 mil.
1303 1600 1369 1662 p.
1412 1579 1878 1649 interveniente
1919 1584 2202 1668 flumine,
2247 1593 2354 1657 cui
2395 1618 2629 1663 nomen

388 1686 488 1741 est
527 1675 707 1741 Vior.
773 1675 876 1742 Ibi
931 1677 1101 1740 fama
1155 1686 1407 1742 exstare
1463 1678 1635 1744 circa
1675 1682 1950 1770 vestigia
1991 1684 2261 1754 habitati
2305 1695 2627 1780 quondam

381 1775 523 1854 soli,
567 1777 898 1841 vinearum
939 1777 1487 1862 palmetorumque
1527 1779 1851 1864 reliquias.
1915 1781 2263 1856 Suetonius
2291 1791 2621 1876 Paulinus,
2655 1815 2721 1860 14

381 1896 575 1958 quem
628 1877 952 1942 consulem
1006 1876 1312 1956 vidimus,
1367 1878 1614 1963 primus
1654 1880 2087 1952 Romanorum
2129 1890 2370 1958 ducum
2415 1906 2619 1963 trans-

380 1996 644 2061 gressus
686 1996 942 2059 quoque
983 1975 1315 2041 Atlantem
1368 1978 1612 2061 aliquot
1664 1983 1911 2050 milium
1966 1990 2172 2073 spatio
2214 1994 2502 2079 prodidit
2540 1998 2621 2065 de

433 2180 835 2246 fallacissimum,
866 2181 993 2232 AN.
1031 2179 1379 2246 fallacissimo,
1411 2184 1672 2237 RPDad.
1712 2227 1774 2237 ...
1819 2182 2202 2259 experimentum,
2237 2200 2327 2250 N'.
2374 2243 2438 2252 ,-
2553 2223 2619 2267 ta,

381 2248 639 2301 AN²Pa.
697 2266 819 2313 qua,
850 2248 975 2301 RD.
1027 2264 1139 2312 que,
1171 2250 1262 2300 N¹.
1318 2267 1377 2313 a,
1410 2253 1459 2301 d.
1509 2292 1573 2301 ...
1620 2252 1883 2318 diynitates
1918 2275 2027 2309 cum
2065 2260 2328 2329 indayare‚
2360 2284 2408 2319 a.
2463 2222 2620 2334 ‹figni-

384 2324 484 2367 tate
524 2316 675 2366 sicum
716 2316 985 2380 indayare,
1024 2317 1131 2367 Rd.
1184 2315 1445 2383 diynitates
1486 2317 1607 2368 icum
1647 2320 1912 2388 indayare,
1944 2327 2010 2378 D.
2064 2328 2323 2394 diynitates
2360 2335 2618 2403 indaqare,

380 2384 450 2436 A.
511 2383 738 2451 dignitate
779 2383 1042 2448 indaqare,
1085 2384 1150 2436 N.
1212 2383 1451 2449 indaqare
1491 2385 1777 2452 diqnitates,
1819 2392 1879 2442 P.
1948 2394 2033 2445 Ex
2072 2396 2152 2448 his
2185 2399 2439 2454 bonorum
2473 2408 2618 2458 codd,

381 2454 643 2517 scripturis
682 2453 832 2503 facile
872 2453 1054 2516 aliquis
1093 2452 1250 2502 verba
1286 2454 1441 2503 Plinii
1484 2454 1789 2519 interpolata
1821 2468 1967 2523 putet
2006 2477 2165 2527 eaque
2204 2468 2277 2519 ita
2313 2474 2622 2525 restituenda

383 2522 642 2570 conficiat:
689 2518 1098 2584 deprehenditur,·
1143 2536 1246 2583 qua
1292 2518 1556 2583 diynitates
1597 2520 1842 2591 indaqare
1889 2544 2007 2578 vera
2039 2531 2265 2595 piqebat,
2306 2536 2622 2604 iynorantiae

383 2627 445 2636 .-.
483 2587 624 2651 piqet.
674 2585 752 2635 At
775 2601 889 2635 cum
931 2600 1037 2635 non
1076 2587 1244 2636 minus
1281 2588 1402 2636 boni
1440 2589 1557 2637 libri
1595 2592 1858 2654 vulgatam
1898 2596 2187 2661 defendant,
2228 2605 2293 2653 ab
2332 2606 2425 2655 illa
2457 2609 2618 2672 suspi.

381 2654 527 2702 cione
568 2654 802 2716 equidem
840 2652 1106 2702 abhorre0.
1160 2692 1224 2702 .-.
1278 2663 1386 2715 aut,
1425 2655 1551 2707 RD.
1607 2697 1669 2706 .-
1725 2676 1893 2723 quam,
1932 2664 2132 2716 ANa2,
2187 2685 2442 2732 quammg,
2478 2677 2617 2726 Rau

380 2736 524 2782 quam
549 2735 644 2779 ore,
674 2711 839 2770 OTP.
893 2736 993 2782 qua
1014 2735 1156 2780 more,
1178 2722 1244 2769 D.
1298 2738 1442 2784 quam
1465 2738 1606 2784 more,
1630 2727 1678 2774 d.
1733 2766 1796 2776 -
1846 2745 2012 2793 mave,
2034 2734 2200 2785 RDd,
2246 2777 2311 2787 -
2362 2740 2618 2804 Equidem,

377 2786 799 2836 RADN¹TPd.
835 2786 908 2836 Et
931 2785 1141 2849 quidem,
1165 2781 1307 2851 αβγ.
1351 2785 1420 2837 Et
1442 2789 1672 2852 equidem,
1696 2793 1748 2844 N
1762 2796 1796 2844 ².
1843 2836 1907 2846 ...
1952 2798 2307 2866 incomparata,
2329 2807 2389 2857 P.
2438 2848 2502 2858 ..
2545 2827 2617 2860 se-

353 2862 546 2903 natum
567 2851 683 2904 inde
705 2852 1009 2915 intrantibus,
1031 2852 1408 2906 RADTPad.
1454 2867 1673 2908 senatum
1697 2861 2003 2928 intrantibus,
2037 2862 2094 2917 θ.
2146 2879 2337 2934 senatu,
2368 2875 2419 2926 N
2430 2877 2460 2924 ¹.
2511 2885 2559 2927 et
2591 2892 2621 2925 e

375 2930 551 2971 senatu
574 2936 666 2970 non
692 2919 894 2971 aliunde
915 2922 1208 2971 intrantibus
1232 2937 1378 2984 quam
1403 2940 1559 2974 causa
1583 2926 1830 2990 luxuriae,
1855 2933 1905 2981 N
1920 2936 1953 2981 ².
2006 2939 2245 2988 senatorii
2265 2939 2343 2988 nil
2372 2941 2616 2993 demiran-

376 2986 519 3051 tibus,
542 2983 601 3050 β.
640 3030 703 3039 ...
740 3004 887 3053 quam
912 2989 1156 3050 luxuriae,
1178 2989 1427 3041 ADN¹P
1436 2994 1524 3041 ad.
1563 2994 1785 3055 quoniam
1811 2995 2051 3063 luxuriae,
2075 3004 2138 3052 T.
2185 3022 2331 3068 quam
2354 3009 2617 3073 luxuriam,

373 3051 432 3117 β.
459 3057 574 3108 Om.
599 3059 661 3108 R.
708 3098 770 3106 ...
823 3057 1093 3118 vis-entitur,
1116 3056 1182 3107 D.
1237 3097 1302 3106 ....
1355 3067 1517 3122 atque,
1542 3075 1643 3109 om.
1666 3062 1734 3113 A.
1793 3105 1855 3113 -.
1908 3067 2041 3130 citro,
2066 3070 2427 3126 RADTado·
2445 3075 2614 3139 (codd.

374 3122 628 3187 Barbari.)
665 3125 810 3185 citra,
835 3125 925 3175 N'.
960 3123 1192 3187 citroque,
1212 3120 1367 3188 Pssr.
1403 3125 1658 3189 cedroque,
1681 3130 1781 3180 ΝΞ.
1820 3172 1884 3181 -.
1918 3135 2088 3196 silvas,
2111 3138 2162 3189 N
2176 3141 2202 3187 ¹.
2242 3181 2303 3190 -..
2340 3145 2615 3207 muricibus,

374 3191 505 3240 N'a.
541 3191 756 3251 muricis,
780 3190 1064 3243 RADTN
1079 3195 1156 3241 ²d.
1191 3193 1396 3253 murias,
1416 3194 1477 3243 P.
1530 3195 1675 3246 Pone
1697 3198 1830 3247 hanc
1851 3215 2031 3252 vocem
2053 3205 2282 3258 inserunt
2303 3227 2363 3258 ac
2386 3212 2437 3261 N
2447 3207 2614 3276 ¹assr‚

374 3258 537 3305 omitt.
561 3257 995 3308 RADTN²Pd.
1033 3299 1096 3307 -
1126 3259 1407 3324 purpureis,
1429 3261 1532 3311 N2.

442 3321 472 3382 ξ
500 3328 578 3372 13.
626 3325 688 3373 ab
723 3323 890 3385 Salat,
920 3324 988 3373 A.
1033 3326 1095 3374 ab
1128 3325 1273 3385 Sala,
1306 3328 1513 3378 Barbar.
1547 3331 1813 3383 RDNad.
1859 3335 2023 3399 abula,
2054 3339 2114 3389 P.
2164 3381 2226 3391 ...
2266 3337 2414 3395 CXL
2448 3343 2521 3395 M
2540 3362 2614 3410 p.,

372 3390 431 3440 P.
470 3389 584 3440 Om.
624 3389 694 3440 A.
733 3430 796 3439 ....
847 3389 1069 3453 Asanan,
1108 3392 1177 3441 A.
1230 3391 1480 3457 Asamum,
1512 3398 1578 3448 Κ.
1625 3439 1689 3448 -
1727 3398 1909 3451 haustu
1955 3405 2047 3455 sed
2079 3416 2244 3470 portu,
2278 3412 2435 3462 NPa.
2489 3412 2613 3463 liau-

373 3465 452 3507 stu
486 3466 534 3507 et
553 3465 733 3524 portu,
766 3459 830 3507 R.
884 3455 1115 3509 haustum
1145 3461 1235 3510 sed
1256 3470 1415 3525 portu,
1448 3463 1518 3513 A.
1572 3464 1764 3528 haustu,
1794 3469 1861 3519 D.
1914 3471 2083 3534 hasta,
2117 3477 2191 3524 dt·
2226 3478 2315 3527 sed
2341 3489 2499 3543 portu,
2534 3484 2607 3532 ἀς.

374 3565 439 3574 .-.
486 3540 648 3586 amne,
682 3524 747 3574 D.
796 3564 859 3573 -.
900 3525 1015 3586 Fut,
1047 3526 1304 3577 R²DNa.
1350 3529 1496 3592 Funt,
1529 3532 1637 3582 Aa.
1685 3534 1812 3598 Fuit,
1845 3538 1934 3587 R1.
1977 3537 2126 3603 Phut,
2158 3544 2263 3594 Td.
2299 3544 2511 3608 Pham,
2545 3550 2612 3600 K.

372 3589 500 3654 Sur,
532 3593 593 3642 P.
641 3632 704 3641 -..
750 3592 822 3642 ad
848 3589 1035 3656 Dyrin‚
1073 3588 1293 3658 ANssr.
1356 3594 1429 3644 ad
1467 3598 1657 3663 Dirim‚
1704 3606 1792 3653 ad.
1856 3606 1926 3655 ad
1965 3606 2174 3671 Darim,
2207 3611 2271 3661 R.
2334 3613 2406 3663 ad
2443 3613 2611 3678 Dirin,

371 3674 421 3709 σ.
473 3659 703 3720 αὸᾱίνίηι,
734 3660 784 3710 D
818 3657 997 3722 (codd.
1030 3659 1246 3712 Salmas.
1289 3673 1453 3715 exerc.
1495 3682 1546 3730 p.
1582 3674 1697 3719 215.
1739 3671 1787 3719 b.
1820 3670 1917 3735 E.)
1984 3676 2204 3740 abdirin,
2259 3680 2347 3729 alii
2388 3683 2612 3733 eiusdem

374 3729 521 3778 codd.
555 3725 733 3788 dirimi,
766 3728 826 3777 P.
877 3725 1081 3788 Adii-in,
1113 3729 1349 3779 Martian.
1388 3737 1436 3792 6,
1471 3736 1584 3785 667.
1637 3735 1894 3801 Adderim‚
1927 3740 2089 3793 Solin.
2125 3750 2206 3806 24,
2243 3752 2321 3797 15.
2377 3789 2441 3798 .-
2495 3768 2611 3812 esse,

371 3794 546 3845 RNP.
584 3804 629 3845 et
646 3810 768 3854 esse,
786 3794 854 3844 A.
890 3803 956 3845 est
979 3812 1091 3857 esse,
1109 3797 1256 3846 Dad.
1293 3798 1583 3851 Secundum
1607 3804 1702 3853 has
1723 3805 1976 3857 bonorum
2001 3813 2234 3862 codicum
2256 3814 2500 3866 lectiones
2522 3819 2612 3868 vix

371 3862 564 3923 dubito,
596 3863 720 3926 quin
740 3863 873 3912 Plin.
905 3861 1102 3912 stetisse
1132 3865 1398 3928 scripserit.
1435 3907 1500 3917 ....
1552 3869 1770 3921 ducentis
1790 3871 1972 3937 millib„
1995 3877 2054 3926 P.
2092 3920 2155 3929 -.
2208 3890 2279 3930 est
2312 3881 2446 3945 Vior,
2468 3884 2560 3935 Na.
2573 3887 2609 3935 ².

371 3936 443 3977 est
463 3926 598 3991 Ivor,
621 3928 689 3979 A.
742 3939 810 3980 est
831 3930 966 3990 mori,
989 3930 1047 3980 P.
1076 3929 1252 3981 Omitt.
1275 3933 1508 3986 RDa¹d.
1562 3978 1626 3987 .-
1681 3937 1766 3990 Ibi
1777 3940 1948 4004 sama,
1970 3943 2218 3997 RNPa2.
2272 3946 2356 3998 Ibi
2369 3950 2516 4013 savo,
2540 3951 2607 4001 A.

317 3999 320 4004 '
370 3993 459 4043 Ibi
480 3997 632 4059 fabo,
673 3998 743 4045 α’.
798 3995 888 4047 Ibe
910 3999 1030 4061 fab,
1068 3999 1135 4049 D.
1188 3998 1262 4050 ibe
1288 4002 1394 4064 aba,
1427 4005 1474 4054 d.
1528 4003 1627 4065 Ibi,
1708 4042 1719 4055 .
1773 4048 1837 4057 ...
1892 4018 2094 4074 exstare,
2136 4008 2383 4066 A88a2.
2437 4027 2608 4081 estare,

369 4062 427 4111 P.
465 4071 625 4122 extra,
642 4064 874 4114 RDa¹d.
912 4065 1136 4126 existere,
1158 4067 1208 4117 N
1260 4104 1273 4117 .
1299 4109 1363 4119 -.
1386 4079 1543 4131 certa,
1565 4072 1699 4122 Pint.
1726 4114 1789 4123 -
1816 4077 2069 4141 quondam,
2092 4079 2295 4133 ANa2.
2321 4083 2500 4149 qedam,
2516 4087 2607 4136 Β).

373 4124 595 4192 quedam,
619 4131 811 4181 R²Pd.
850 4129 1110 4194 quaedam,
1132 4134 1263 4184 Da¹.
1301 4176 1364 4185 -
1398 4136 1739 4202 solumearum,
1762 4143 1828 4192 D.
1865 4143 2214 4210 solvinearum,
2238 4150 2302 4200 R.

438 4197 468 4259 ξ
495 4201 574 4245 14.
609 4195 832 4257 Palmus,
854 4198 914 4248 P.
952 4237 1015 4248 ...
1051 4198 1281 4263 didimus,
1304 4203 1353 4252 d.
1392 4244 1450 4254 ..
1507 4214 1858 4271 transyressus,
1881 4212 1973 4261 Na
1987 4215 2021 4262 ².
2058 4224 2407 4280 transyressos,
2429 4219 2497 4269 A.
2532 4235 2607 4270 ss.

368 4277 638 4328 seqressus,
660 4264 710 4313 R
732 4259 1002 4327 (suprascr.
1027 4261 1188 4326 enen).
1232 4283 1382 4319 enses.
1407 4269 1670 4336 Eqressus,
1693 4278 1765 4325 αἱ.
1820 4292 2032 4343 suenus,
2057 4298 2292 4346 eqressus,
2315 4286 2425 4336 Dd.
2472 4303 2605 4338 enen-
