2961 4861
361 367 481 431 142
1050 380 1456 429 NATURALIS
1503 380 1892 428 ms‘romAn

354 534 593 599 homini
634 532 887 598 inscitia
931 544 1029 598 est
1072 531 1298 597 fatenti
1340 530 1682 618 praecipue
1726 531 2150 597 iumentorum
2189 531 2591 614 quorundam

353 636 421 698 in
464 636 668 701 oculis
708 634 962 700 morbos
1006 657 1152 700 cum
1192 635 1345 700 luna
1369 634 1727 699 increscere
1757 655 1833 697 ac
1860 632 2079 697 minui.
2139 631 2593 698 Patrocinatur

353 736 622 801 vastitas
679 735 839 801 caeli
856 784 874 814 ‚
933 735 1222 800 inmensa
1265 735 1543 800 discreta
1586 732 1923 800 altitudine
1965 733 2034 796 in
2076 733 2204 798 duo
2248 744 2442 817 atque
2486 756 2588 797 se-

353 838 693 923 ptuaginta
746 835 948 923 signa.
1015 835 1165 900 Hae
1218 846 1369 899 sunt
1418 857 1632 899 rerum
1684 845 1798 898 aut
1847 832 2263 899 animantium
2317 833 2588 920 effigies,

352 938 419 1001 in
460 960 625 1021 quas
670 937 997 1023 digessere
1041 937 1287 1001 caelum
1330 933 1540 1021 periti.
1613 933 1692 998 In
1744 933 1846 998 his
1896 933 2158 1017 quidem
2215 934 2387 1001 mille
2441 958 2588 1000 sex-

352 1048 573 1102 centas
602 1036 988 1103 adnotavere
1019 1038 1238 1103 stellas
1265 1036 1538 1125 insignis
1570 1034 1810 1100 scilicet
1833 1035 2068 1101 effectu
2089 1034 2335 1113 visuve,
2369 1058 2586 1101 exem-

349 1137 443 1223 pli
486 1138 696 1223 gratia
736 1137 803 1200 in
848 1138 1053 1202 cauda
1096 1138 1263 1202 tauri
1322 1146 1573 1223 septem
1614 1158 1776 1219 quas
1819 1136 2222 1221 appellavere
2264 1136 2587 1224 vergilias,

351 1239 419 1301 in
463 1238 670 1303 fronte
715 1238 990 1316 suculas,
1035 1238 1270 1304 booten
1313 1238 1424 1322 qui
1469 1235 1760 1320 sequitur
1801 1235 2285 1322 septentriones.

435 1337 662 1402 XLII.
729 1338 835 1403 42.
878 1338 1086 1403 Extra
1114 1338 1230 1403 has
1259 1360 1487 1403 causas
1529 1359 1656 1401 non
1697 1335 2069 1421 negaverim
2113 1335 2423 1402 exsistere
2466 1338 2587 1402 im·
2619 1357 2715 1402 111

350 1440 498 1505 bres
527 1450 897 1523 ventosque,
943 1440 1244 1523 quoniam
1283 1438 1571 1502 umidam
1612 1461 1652 1501 a
1696 1448 1887 1515 terra,
1933 1436 2091 1501 alias
2134 1460 2286 1502 vero
2327 1450 2591 1526 propter

352 1562 655 1626 vaporem
711 1539 1021 1603 fumidam
1075 1538 1359 1605 exhalari
1417 1537 1759 1625 Q
1816 1549 2064 1603 certum
2121 1548 2221 1603 est
2275 1540 2588 1625 milmque

349 1642 592 1728 liquore
648 1662 909 1730 egresso
963 1641 1029 1704 in
1085 1641 1356 1707 sublime
1411 1650 1524 1704 aut
1576 1662 1657 1704 ex
1714 1662 1862 1705 aere
1906 1650 2126 1705 coacto
2167 1639 2235 1703 in
2276 1639 2587 1724 liquorem

348 1743 550 1830 gigni.
596 1742 905 1809 Densitas
950 1766 1171 1809 earum
1213 1763 1570 1828 corpusque
1613 1741 1770 1804 haut
1813 1741 2009 1806 dubio
2052 1741 2442 1806 coniectatur
2483 1764 2587 1805 ar-

348 1855 675 1929 gumento,
723 1866 870 1909 cum
898 1844 1093 1910 solem
1137 1842 1522 1910 obumbrent
1562 1840 1975 1926 perspicuum
2017 1840 2177 1905 alias
2221 1841 2412 1905 etiam
2451 1841 2587 1906 uri·

347 1944 648 2008 nantibus
689 1944 757 2006 in
798 1943 1149 2027 quamlibet
1189 1942 1573 2029 profundam
1617 1963 1925 2025 aquarum
1966 1941 2387 2006 altitudinem.

431 2041 691 2108 XLIII.
761 2044 866 2108 43.
912 2042 1123 2130 Igitur
1161 2066 1286 2108 non
1332 2065 1475 2107 eam
1516 2041 1761 2106 inficias
1801 2064 1992 2128 posse
2035 2041 2103 2105 in
2151 2042 2267 2106 has
2312 2052 2379 2107 et
2414 2042 2585 2128 ignis
2614 2062 2714 2107 112

349 2167 625 2232 superne
680 2145 1006 2211 stellarum
1050 2144 1346 2208 decidere
1364 2190 1382 2221 ,
1443 2142 1656 2226 qualis
1714 2165 1936 2208 sereno
1983 2139 2184 2236 'saepe
2244 2144 2583 2222 cernimus,

344 2268 616 2329 quorum
658 2245 793 2311 ictu
835 2244 1087 2311 concuti
1130 2266 1281 2308 aera
1325 2265 1550 2308 verum
1595 2253 1712 2322 est,
1756 2244 2012 2329 quando
2058 2255 2124 2308 et
2166 2246 2293 2312 tela
2337 2245 2587 2311 vibrata

416 2454 447 2516 ξ
474 2461 587 2506 110.
607 2453 827 2519 fallenti,
851 2455 902 2505 Β
920 2454 1044 2505 ¹Pa.
1083 2494 1146 2503 -.
1182 2451 1320 2514 caeli,
1345 2468 1391 2502 a.
1443 2450 1581 2512 serei,
1606 2452 1668 2501 Β.
1720 2467 1772 2499 se
1795 2450 1881 2511 rei,
1905 2452 1964 2501 P.
2020 2450 2106 2513 rei,
2132 2453 2199 2502 dr
2220 2449 2480 2516 (Robert.)
2518 2495 2583 2504 .-

347 2522 576 2571 immensa
606 2521 879 2582 altitudine,
912 2522 1139 2582 discreta,
1171 2521 1438 2570 Pintianus
1470 2527 1522 2568 et
1544 2519 1772 2582 Scaliger
1800 2521 1867 2568 ad
1888 2520 2066 2569 Manil.
2102 2535 2151 2583 p.
2187 2525 2267 2572 67.
2302 2521 2452 2584 Vere,
2485 2523 2584 2572 nisi

346 2591 571 2639 Plinium
593 2590 868 2652 synchysin
892 2591 1145 2652 quandam
1168 2590 1436 2637 verborum
1459 2588 1614 2636 etiam
1644 2587 1818 2635 multis
1841 2586 1955 2636 aliis
1978 2586 2032 2635 in
2053 2586 2179 2637 locis
2202 2588 2462 2638 admisisse
2485 2590 2580 2638 sci-

348 2672 540 2716 remus3
565 2657 638 2705 ita
660 2656 732 2705 ait
756 2662 803 2716 6,
832 2659 910 2706 76.
948 2671 1093 2704 unam
1118 2652 1329 2703 Herculi
1347 2669 1493 2702 sexus
1515 2651 1619 2702 eius
1647 2653 1855 2717 qenitam
1878 2668 1972 2717 pro
2007 2670 2150 2703 unam
2184 2670 2328 2706 sexus
2363 2655 2465 2705 eius
2497 2672 2582 2718 qe-

349 2724 498 2771 nitam
531 2723 599 2771 H.
628 2727 706 2781 11,
733 2727 813 2771 80.
850 2721 1055 2770 maiores
1073 2719 1207 2800 (lupi
1230 2718 1424 2782 aranei)
1457 2720 1652 2768 interna
1672 2729 1716 2768 et
1738 2720 1960 2769 cavernis
1982 2720 2163 2784 exiqua
2185 2721 2415 2771 vestibula
2431 2739 2580 2787 prae-

341 2787 567 2854 pandunt
600 2803 693 2852 pro
729 2787 841 2836 mai.
874 2786 955 2836 int.
994 2797 1038 2837 et
1070 2804 1192 2851 επις.
1220 2798 1334 2838 vest.
1359 2804 1464 2836 cav.
1491 2803 1573 2851 pr.
1615 2793 1694 2848 14,
1723 2794 1770 2837 4.
1808 2786 1857 2834 in
1889 2787 2191 2837 ostentatione
2213 2791 2304 2839 has
2331 2791 2579 2852 praefere-

346 2857 463 2905 bant
484 2873 621 2920 opum
644 2871 736 2919 pro
761 2854 923 2933 i”.⁰ff⁸·
949 2872 1023 2919 op.
1054 2852 1147 2902 has
1165 2873 1244 2918 pr.
1274 2861 1352 2915 15,
1379 2860 1458 2903 58.
1489 2853 1644 2918 pomis
1670 2854 1946 2931 proprietas
1972 2854 2194 2919 pirisque
2214 2856 2314 2904 vini
2334 2872 2424 2920 pro
2452 2874 2579 2921 pom.

340 2938 891 3054 ssfflmss’gss‘sst.
909 2926 1176 3041 ὶῖἐυὲῖῗ...
1193 2918 1762 3048 {tndgfflfgffiggff
1773 2918 2200 3052 122²2²0⁰¹55⁷u²²15¹m“⁶‘p“0⁸
2200 2932 2580 3040 „2'32222031

346 3075 438 3122 que
460 3059 802 3108 collocaveris.
832 3063 911 3119 18,
938 3063 1050 3108 150.
1096 3072 1201 3106 cum
1225 3053 1538 3121 amplitudine
1559 3052 1783 3103 inchoata
1813 3072 2017 3118 yranum
2049 3055 2138 3104 sed
2159 3055 2362 3106 nondum
2384 3067 2580 3107 matura

346 3124 684 3186 --qfflatu
707 3125 848 3175 noxio
871 3141 1061 3175 cassum
1080 3165 1143 3174 -
1162 3123 1405 3184 evanescit,
1423 3122 1513 3173 ubi
1531 3138 1737 3187 qranum
1760 3137 1896 3185 pone
1919 3132 2115 3173 matura
2130 3124 2313 3174 melius
2337 3125 2580 3175 collocari

343 3202 506 3256 putes.
542 3200 625 3255 2ο,
652 3200 731 3243 58.
770 3209 872 3256 qua
888 3193 1045 3257 pisces
1075 3192 1127 3241 in
1159 3191 1291 3242 mari
1311 3190 1494 3240 deiecta
1509 3189 1727 3255 protinus
1747 3199 1990 3239 necantur.
2036 3196 2117 3251 21,
2145 3197 2224 3240 52.
2260 3189 2408 3240 Folia
2431 3191 2479 3240 in
2503 3209 2578 3241 co·

346 3259 630 3308 renumeratis
653 3259 870 3309 zmilacis
903 3270 947 3309 et
977 3258 1201 3320 hederae,
1243 3257 1540 3324 corymbique
1573 3273 1742 3306 earum
1765 3256 1967 3305 obtinent
1996 3256 2333 3323 principatum,
2373 3260 2462 3309 nbi
2495 3274 2575 3308 Π.

344 3325 396 3374 in
420 3326 761 3374 coronamentis
783 3327 912 3375 inter
935 3342 1099 3375 earum
1122 3335 1174 3376 et
1204 3326 1404 3375 obtinem
1423 3325 1704 3389 simplicius
1727 3324 2108 3374 collocarentur.
2144 3326 2239 3376 His
2262 3325 2390 3376 locis
2421 3328 2577 3376 colla-

343 3393 410 3442 tis
432 3400 643 3455 apparet
664 3393 982 3457 participium
1008 3390 1233 3452 discreta,
1258 3408 1568 3456 quamquam
1592 3393 1722 3441 inter
1744 3391 1951 3441 inmmsa
1973 3400 2024 3441 et
2055 3390 2307 3442 altitudine
2339 3395 2576 3457 positum,

343 3466 479 3508 recte
502 3461 567 3508 ad
589 3459 795 3507 vastitas
816 3458 989 3508 referri
1011 3472 1175 3522 posse,
1209 3459 1281 3507 ita
1304 3467 1361 3508 ut
1394 3459 1606 3508 inmensa
1630 3456 1882 3507 altitudine
1913 3467 2164 3509 structura
2196 3461 2401 3510 ablativi
2426 3461 2575 3511 abso-

343 3527 437 3581 luti
461 3526 693 3575 dicantur
714 3541 806 3590 pro
829 3541 934 3575 cum
956 3524 1020 3573 sit
1042 3522 1246 3573 altitudo
1270 3524 1497 3586 inmmsa,
1523 3526 1686 3589 qualis
1709 3534 1959 3576 structura
1980 3540 2046 3575 ex
2069 3528 2384 3577 substantivo
2410 3536 2461 3577 et
2487 3530 2573 3577 ad-

341 3594 526 3643 iectivo
561 3600 798 3643 constans
830 3592 1080 3641 invenitur
1102 3592 1255 3640 etiam
1291 3597 1338 3653 6,
1377 3595 1455 3642 72.
1494 3599 1540 3653 8,
1578 3598 1690 3642 152.
1740 3600 1819 3655 12,
1854 3600 1965 3644 122.
2002 3597 2083 3655 37,
2120 3598 2198 3644 70.
2236 3593 2317 3643 Ita
2347 3597 2500 3644 verba
2532 3595 2573 3644 si

341 3662 710 3724 intelliguntur,
734 3659 983 3712 Harduini
1007 3672 1211 3722 quoque
1234 3660 1575 3709 coniecturam
1595 3658 1850 3710 latitudine
1870 3676 1974 3710 non
1996 3662 2329 3711 necessariam
2353 3676 2462 3711 esse
2486 3677 2572 3726 pap

338 3737 429 3778 tet.
469 3727 678 3778 discreta
718 3735 764 3777 et
796 3726 1066 3786 altitudine,
1090 3739 1139 3774 σ.
1179 3766 1240 3775 -..
1278 3724 1375 3774 duo
1406 3736 1450 3775 et
1482 3725 1648 3791 quadr
1724 3728 1735 3738 ⁴
1780 3744 1828 3788 a,
1860 3729 1996 3778 Pint.
2038 3742 2104 3777 cx
2135 3728 2324 3792 Hygin.
2360 3730 2570 3779 Astron.

341 3811 392 3859 p.
425 3802 540 3846 844.
574 3799 651 3845 ed.
686 3794 895 3845 Munck.
935 3791 1031 3842 duo
1056 3791 1116 3840 de
1136 3790 1200 3853 L,
1235 3792 1475 3856 Scaliger.
1524 3834 1587 3843 -
1690 3811 1769 3854 oc,
1807 3794 2003 3845 R²a²d.
2047 3793 2205 3855 Haec,
2232 3796 2277 3844 P
2310 3792 2571 3858 (Robert.)

342 3863 519 3913 Omitt.
543 3861 708 3913 ΒΨ.
746 3901 810 3912 ...
845 3870 910 3921 ut,
934 3859 1032 3911 R¹.
1070 3869 1228 3923 atque,
1245 3861 1304 3909 P.
1332 3900 1394 3908 .-
1430 3858 1637 3923 quidem,
1661 3862 1776 3910 BP.
1813 3860 2029 3925 quidam,
2053 3863 2184 3911 Tad
2209 3858 2470 3925 (Robert.)
2508 3902 2571 3912 ..-

339 3928 591 4007 adnotat-e,
626 3931 672 3979 d.
721 3969 784 3978 -.
841 3927 1050 3993 ἰηείρηιὶς,
1084 3928 1160 3977 Β.ἐ
1196 3968 1257 3976 -.
1302 3925 1494 3988 scilicet,
1530 3928 1675 4005 Rad.
1727 3926 1957 3990 videlicet,
1990 3930 2035 3979 P
2066 3926 2326 4009 (Pobert.)
2358 3926 2459 3993 βγ.
2506 3970 2569 3979 .-

338 3996 581 4126 ξτσεξεξ
601 3997 718 4113 ξξῒ·
733 4036 865 4127 ...-
857 3996 1114 4124 ξεεξξ.
1129 3992 1492 4113 <ffers-2007.
1511 3995 1840 4127 rasere
1855 3994 2572 4128 (ξε

338 4132 500 4179 oratio
529 4145 776 4195 perquam
811 4130 1025 4180 elumbis
1058 4138 1110 4179 et
1140 4131 1457 4189 inconcinna,
1495 4138 1546 4179 ct
1573 4145 1740 4179 rerum
1772 4130 2042 4192 descriptio
2075 4131 2223 4180 valde
2255 4131 2483 4191 obscura,
2518 4137 2571 4179 et

335 4198 448 4261 ipsa
471 4197 623 4248 huius
646 4199 747 4248 loci
768 4198 982 4248 varietas
1004 4198 1239 4247 lectionis
1262 4198 1415 4246 ducit.
1454 4236 1518 4245 ...
1553 4206 1785 4256 secuntur,
1809 4197 2015 4247 Robert.

403 4266 434 4330 5
463 4270 573 4317 111.
611 4264 832 4331 quoniam
877 4263 1032 4324 alias,
1064 4265 1130 4316 K.
1180 4305 1241 4312 ...
1290 4261 1494 4312 humida
1525 4273 1677 4324 terra,
1709 4265 1773 4313 Β.
1822 4305 1883 4313 ...
1937 4280 2182 4328 vaporem,
2215 4264 2322 4313 ΒΤ
2340 4255 2566 4313 OPadr.
