2961 4861
1222 347 1602 392 PRAEFATIO.
2461 351 2532 392 111

288 525 409 565 non
470 504 740 565 sufficere
798 520 931 561 cum
989 503 1130 561 satis
1194 494 1490 561 constaret
1503 544 1522 574 ,
1587 500 1820 577 publice
1885 520 2009 560 rem
2073 503 2534 578 promovendam

288 614 688 674 Thierschi
702 632 743 670 u
759 632 789 672 s
817 612 985 685 vidit,
1014 618 1076 671 et
1101 630 1235 671 cum
1263 610 1580 670 auctoritas
1607 611 1824 687 Regiae
1852 612 2183 672 academiae
2207 612 2537 674 litterarum

287 723 660 782 Monacensis
697 739 815 781 non
851 722 1098 794 deesset,
1140 717 1623 781 LUDOVICUS
1652 720 1705 778 1.
1735 719 1868 778 Rex
1893 720 2182 780 Bavariae
2218 723 2433 781 artium
2480 732 2541 782 et

288 834 619 892 litterarum
663 833 926 891 studium
969 831 1263 889 communi
1301 831 1537 889 vinculo
1579 849 1710 889 esse
1751 831 2126 889 coniunctum
2164 833 2373 904 sciens,
2419 833 2541 890 cle-

293 943 653 1001 mentissime
700 941 967 1017 promisit
1014 958 1078 998 se
1126 959 1279 1016 quae
1328 941 1661 998 academiae
1710 941 2039 999 litterarum
2088 941 2165 999 ad
2220 950 2542 1019 apparatus

290 1051 563 1112 editionis
610 1050 795 1109 Plinii
849 1049 1148 1108 faciendos
1205 1049 1540 1108 necessaria
1597 1050 1937 1108 viderentur
1950 1093 1969 1123 ,
2030 1052 2152 1109 suis
2211 1051 2542 1126 sumptibus

292 1167 673 1238 erogaturum
704 1177 854 1218 esse.
914 1156 1227 1219 Codicibus
1256 1159 1358 1234 qui
1386 1158 1791 1218 conferrentur
1819 1159 2167 1236 dignissimis
2197 1159 2541 1237 designatis,

291 1269 727 1329 Ludovicus
783 1269 869 1327 de
917 1269 1077 1340 Ian,
1142 1269 1485 1355 disciplinae
1535 1269 1998 1328 Thierschianae
2046 1270 2322 1329 alumnus
2370 1288 2544 1348 prae-

294 1378 720 1452 stantissimus,
779 1381 854 1437 ad
903 1379 1016 1437 hoc
1074 1379 1371 1455 negotium
1435 1380 1873 1454 exsequendum
1923 1380 2280 1451 destinatus,
2339 1379 2545 1438 itinere

294 1489 600 1548 duodecim
649 1506 921 1547 mensum
970 1488 1053 1546 ita
1093 1497 1184 1547 est
1218 1506 1384 1560 usus,
1437 1495 1508 1546 ut
1542 1489 1767 1547 Italicis
1806 1497 1865 1547 et
1902 1487 2332 1548 Parisiensibus
2381 1489 2545 1548 libris

295 1600 582 1675 excerptis
618 1600 759 1657 huic
801 1599 965 1675 operi
1001 1598 1413 1657 molestissimo
1451 1599 1800 1674 perficiendo
1839 1599 2122 1675 aptiorem
2164 1619 2226 1657 se
2252 1596 2546 1658 hominem

294 1708 455 1767 haud
496 1706 631 1784 eligi
666 1709 929 1785 potuisse
967 1709 1202 1765 abunde
1239 1715 1573 1765 testaretur.
1619 1705 1738 1765 Sed
1772 1716 2007 1784 praeter
2040 1708 2175 1765 illos
2202 1709 2386 1767 libros
2414 1727 2546 1766 ma-

295 1819 453 1876 xime
481 1818 843 1876 Toletanum
872 1826 932 1874 et
958 1816 1319 1874 Vossianum
1346 1816 1566 1873 librum
1596 1817 1788 1872 denuo
1823 1815 2214 1891 inspiciendos
2246 1834 2375 1875 esse
2413 1834 2545 1875 cum

295 1905 558 1986 Pintiani
598 1933 659 1983 et
692 1926 928 1983 Ioannis
956 1924 1241 1981 Friderici
1281 1922 1569 1982 Gronovii
1608 1931 1886 2001 excerpta
1927 1924 2220 1996 docerent,
2265 1926 2548 2003 singulari

296 2052 543 2112 prorsus
583 2034 851 2094 fortunae
888 2033 1090 2092 favore
1125 2032 1342 2091 factum
1381 2039 1492 2104 est,
1537 2042 1607 2091 ut
1632 2033 1770 2092 libri
1796 2035 2092 2105 Toletani,
2136 2035 2211 2093 ad
2239 2054 2413 2111 quem
2444 2036 2547 2094 vix

298 2144 472 2202 aliter
507 2136 705 2203 aditus
740 2142 999 2218 patebat,
1039 2143 1365 2201 accuratius
1404 2143 1749 2219 inspiciendi
1789 2145 2013 2220 copiam
2053 2143 2271 2203 faceret
2296 2141 2545 2204 IOAN-

297 2251 440 2313 NIS
480 2252 848 2312 Serenissimi
890 2253 1075 2311 Ducis
1116 2249 1406 2311 Saxoniae
1455 2253 1896 2328 exoptatissima
1932 2253 2209 2312 voluntas
2222 2296 2241 2327 ,
2293 2272 2411 2328 quo
2451 2256 2545 2311 in-

299 2363 627 2422 tercedente
678 2360 1118 2421 ANTONIUS
1180 2361 1552 2420 beatissimus
1602 2362 1738 2420 Rex
1787 2361 2076 2420 Saxoniae
2133 2364 2209 2421 ab
2258 2362 2546 2421 FERDI-

298 2475 363 2533 N
361 2471 601 2532 ANDO
641 2472 790 2531 VII.
832 2472 1251 2548 Hispaniarum
1288 2473 1706 2546 Indiarumque
1744 2473 1909 2547 Rege
1924 2516 1943 2543 ,
1996 2474 2186 2548 neptis
2236 2492 2377 2532 suae
2416 2478 2544 2532 tum

300 2583 532 2656 marito,
555 2581 729 2640 facile
754 2581 1106 2657 impetravit,
1129 2589 1198 2639 ut
1225 2598 1627 2655 quaecumque
1652 2580 1713 2638 in
1740 2579 1847 2638 illa
1873 2590 2035 2660 terra
2060 2582 2136 2639 ad
2156 2601 2281 2641 rem
2302 2601 2546 2660 prorsus

301 2711 518 2752 novam
559 2689 970 2768 perficiendam
1006 2691 1132 2748 fieri
1168 2697 1411 2767 possent
1450 2693 1675 2748 fierent.
1739 2690 1829 2748 At
1868 2692 1941 2748 de
1980 2691 2274 2751 Vossiano
2312 2710 2547 2768 quoque

301 2803 451 2861 libro
508 2810 650 2860 vota
705 2810 920 2859 eventu
975 2818 1094 2858 non
1150 2808 1487 2858 caruerunt.
1583 2798 1925 2858 Berolinum
1990 2803 2144 2859 enim
2203 2820 2337 2859 cum
2393 2821 2547 2860 anno

302 2907 893 2971 MDCCCXXVIII.
923 2907 1181 2967 naturae
1195 2916 1555 2968 scrutatores
1587 2910 1895 2985 septimum
1925 2911 2351 2981 convenissent,
2380 2909 2548 2969 Bot-

304 3021 586 3095 tigerus
635 3020 878 3078 recitata
925 3019 1326 3077 dissertatione
1375 3020 1450 3076 de
1500 3018 1732 3093 silphi0‚
1783 3018 1989 3095 planta
2033 3021 2140 3077 illa
2188 3020 2550 3092 antiquitatis

305 3138 428 3187 tam
457 3129 724 3205 quaesita
752 3147 929 3203 quam
958 3130 1235 3205 pretiosa,
1277 3146 1403 3184 rem
1429 3126 1763 3184 Plinianam
1791 3144 2000 3185 rursus
2027 3128 2368 3186 retractavit
2393 3136 2453 3186 et
2479 3128 2552 3185 de

305 3240 514 3298 codicis
563 3239 845 3298 Vossiani
900 3237 1120 3312 insigni
1176 3236 1472 3311 gravitate
1529 3231 1589 3293 in
1646 3236 1912 3293 oratione
1960 3233 2140 3296 Plinii
2189 3238 2554 3296 emendanda

307 3349 574 3407 omnibus
611 3349 757 3407 adeo
795 3343 1107 3424 persuasit,
1152 3351 1221 3403 ut
1257 3346 1497 3420 auspice
1534 3355 1593 3403 et
1630 3346 1779 3403 duce
1809 3343 2083 3406 Okenio
2122 3347 2324 3424 plures
2353 3349 2552 3426 physi-

310 3473 513 3515 corum
558 3458 838 3533 pecunias
891 3455 1222 3515 conferrent
1275 3447 1577 3533 (videatur
1615 3454 1828 3514 Okenii
1865 3456 1980 3515 Isis
2027 3452 2213 3516 1829.
2260 3457 2403 3516 Vol.
2447 3452 2552 3516 32.

307 3586 368 3644 p.
400 3561 759 3623 317-331.
803 3560 1220 3645 355—358.)‚
1274 3585 1423 3640 quae
1463 3573 1670 3640 postea
1705 3585 1743 3623 a
1781 3566 1964 3624 doctis
2004 3567 2299 3625 nonnullis
2326 3566 2554 3625 Beroli-

308 3675 588 3733 nensibus
603 3716 622 3745 ,
667 3681 735 3730 ut
774 3675 1104 3750 sumptibus
1148 3676 1223 3733 ad
1263 3676 1518 3733 codicem
1559 3674 1972 3734 conferendum
2014 3675 2353 3735 necessariis
2391 3676 2554 3734 suffi-

309 3791 548 3857 cerent,
608 3783 893 3841 adauctae
929 3786 1005 3842 ab
1042 3783 1376 3843 Henrico
1417 3784 2006 3844 Lichtensteinio
2054 3784 2411 3859 antiquitatis
2453 3787 2555 3844 do·

312 3904 441 3954 ctae
480 3903 542 3952 et
577 3912 774 3952 rerum
814 3901 1058 3952 naturae
1096 3896 1313 3969 pariter
1354 3895 1544 3971 perito
1594 3895 1670 3952 ad
1720 3915 1814 3953 me
1862 3895 2243 3954 transmissae
2290 3896 2371 3954 ita
2421 3906 2558 3954 sunt

312 4005 649 4076 collocatae,
691 4011 759 4062 ut
787 4004 1032 4062 alterius
1060 4004 1237 4062 etiam
1278 4005 1413 4062 libri
1439 4005 1721 4063 Vossiani
1762 4005 2132 4064 collationem
2174 4006 2553 4064 nanciscerer.

310 4115 407 4173 Ita
435 4114 707 4172 omnibus
737 4122 840 4172 aut
865 4114 985 4173 iam
1010 4113 1180 4172 factis
1209 4122 1314 4170 aut
1341 4122 1499 4172 certe
1528 4116 1913 4190 praeparatiS,
1955 4124 2023 4174 ut
2050 4116 2253 4192 optimi
2297 4115 2556 4175 omnium

312 4223 792 4313 bibliothecarum
840 4225 1018 4282 totius
1059 4222 1338 4299 Europae
1387 4223 1523 4281 libri
1574 4241 1751 4283 manu
1790 4217 1990 4300 scripti
2026 4227 2089 4283 in
2138 4241 2311 4285 usum
2363 4240 2557 4284 novae
