2961 4861
413 355 534 418 180
1104 370 1509 416 NATURAms
1555 369 1944 416 HISTORIAE

403 521 472 585 in
500 517 670 586 nube
702 522 1069 598 tonitruum,
1116 543 1235 586 nec
1261 520 1477 585 hiatus
1507 519 1680 584 aliud
1710 541 1900 602 quam
1948 541 2094 583 cum
2137 519 2380 585 fulmen
2425 541 2639 586 erum-
2716 523 2719 526 ’

403 624 520 708 pit,
566 623 814 689 incluso
858 621 1089 705 spiritu
1126 622 1407 687 luctante
1446 631 1513 685 et
1551 621 1634 684 ad
1675 619 2036 685 libertatem
2077 620 2251 685 exire
2289 621 2554 686 nitente.

485 721 790 786 LXXX.
858 723 958 785 82.
1005 722 1201 786 Varie
1230 722 1446 806 itaque
1476 721 1761 804 quatitur
1802 731 1867 786 et
1903 721 2065 785 mira
2099 721 2379 787 eduntur
2420 745 2637 807 opera,
2671 741 2764 784 193

402 823 552 889 alibi
594 823 927 908 prostratis
969 822 1300 888 moenibus
1318 871 1335 899 ,
1383 822 1535 887 alibi
1577 822 1756 886 hiatu
1798 822 2122 907 profundo
2163 822 2444 900 haustis,
2489 823 2639 889 alibi

403 925 639 1011 egestis
689 923 997 1000 molibus,
1054 922 1205 987 alibi
1248 924 1499 988 emissis
1544 922 1868 1001 amnibus,
1924 944 2404 1007 nonnumquam
2446 925 2640 989 etiam

399 1025 658 1112 ignibus
691 1023 995 1088 calidisve
1027 1024 1331 1101 fontibus,
1380 1024 1533 1088 alibi
1561 1045 1787 1088 averso
1815 1023 2150 1088 fluminum
2178 1046 2389 1089 cursu.
2433 1024 2636 1090 Prae-

400 1125 571 1189 cedit
622 1147 772 1188 vero
828 1125 1289 1208 comitaturque
1345 1124 1644 1189 terribilis
1700 1146 1928 1202 sonus,
1990 1125 2146 1188 alias
2194 1127 2502 1190 murmuri
2546 1127 2635 1191 si-

396 1226 563 1291 milis
577 1274 595 1303 ,
652 1226 807 1289 alias
860 1224 1212 1312 mugitibus
1256 1235 1367 1288 aut
1419 1224 1681 1291 clamori
1721 1225 2002 1289 humano
2045 1248 2443 1292 armorumve
2484 1228 2634 1313 pul-

399 1327 673 1391 santium
717 1326 978 1411 fragori,
1025 1348 1141 1410 pro
1186 1325 1492 1416 qualitate
1535 1326 1836 1390 materiae
1881 1326 2258 1411 excipientis
2301 1327 2635 1412 formaque

397 1429 498 1493 vel
545 1450 957 1493 cavernarum
985 1427 1088 1491 vel
1119 1427 1394 1491 cuniculi
1422 1448 1541 1511 per
1572 1446 1766 1508 quem
1792 1437 1982 1505 meet,
2033 1428 2259 1492 exilius
2303 1440 2633 1515 grassante

394 1531 462 1593 in
517 1540 823 1616 angustO,
888 1528 1113 1591 eodem
1162 1547 1357 1591 rauco
1409 1527 1478 1590 in
1531 1526 1852 1604 recurvis,
1913 1529 2264 1593 resultante
2313 1530 2382 1593 in
2434 1531 2629 1608 duriS,

395 1631 706 1695 fremente
733 1630 802 1693 in
830 1627 1086 1705 umidis,
1130 1626 1478 1692 fluctuante
1521 1627 1589 1691 in
1633 1628 2101 1714 stagnantibus,
2147 1630 2436 1695 fervente
2477 1652 2629 1696 con-

394 1744 492 1796 tra
522 1732 740 1797 solida.
798 1729 1027 1812 Itaque
1068 1738 1132 1792 et
1171 1728 1307 1792 sine
1349 1738 1529 1791 motu
1575 1750 1764 1813 saepe
1812 1729 2025 1794 editur
2068 1752 2281 1809 sonus,
2327 1754 2448 1796 nec
2477 1731 2628 1796 sim·
2657 1746 2757 1789 194

392 1834 545 1919 plici
595 1833 786 1896 modo
842 1830 1123 1914 quatitur
1176 1851 1480 1912 umquam
1536 1829 1651 1893 sed
1707 1830 1922 1894 tremit
1972 1830 2328 1916 vibratque.
2390 1831 2632 1896 Hiatus

395 1956 548 1998 vero
593 1934 747 1997 alias
790 1942 1076 1996 remanet
1120 1931 1462 1996 ostendens
1511 1953 1675 2014 quae
1717 1933 1984 2010 sorbuit,
2030 1933 2187 1999 alias
2215 1933 2494 1999 occultat
2520 1957 2628 1999 ore

396 2055 739 2120 conpresso
778 2055 1131 2116 rursusque
1170 2033 1259 2097 ita
1290 2032 1554 2097 inducto
1587 2033 1721 2099 solo
1750 2043 1825 2097 ut
1852 2035 2025 2099 nulla
2053 2034 2325 2121 vestigia
2352 2043 2625 2112 exstent,

395 2134 661 2200 urbibus
692 2135 1065 2221 plerumque
1096 2133 1417 2198 devoratis
1447 2155 1875 2220 agrorumque
1922 2143 2131 2198 tractu
2170 2135 2417 2199 hausto.
2474 2134 2627 2198 Ma-

393 2237 603 2302 ritima
668 2245 880 2300 autem
943 2256 1240 2298 maxume
1307 2234 1682 2317 quatiuntur
1714 2255 1860 2299 ‘nec
1909 2245 2248 2299 montuosa
2299 2235 2409 2300 tali
2460 2235 2627 2301 malo

396 2348 647 2415 carent3
703 2340 1102 2425 exploratum
1158 2337 1312 2400 mihi
1367 2346 1465 2400 est
1506 2336 1696 2421 Alpis
1737 2335 2327 2421 Appenninumque
2373 2335 2625 2421 saepius

395 2442 748 2506 tremuisse.
821 2440 912 2504 Et
964 2450 1269 2504 autumno
1328 2461 1404 2503 ac
1462 2459 1612 2514 vere
1667 2448 1872 2510 terrae
1928 2438 2212 2503 crebrius
2266 2448 2624 2515 moventur,
2656 2450 2752 2494 195

396 2543 564 2607 sicut
607 2542 889 2607 fulmina.
948 2541 1103 2605 Ideo
1135 2538 1383 2606 Galliae
1427 2550 1492 2604 et
1518 2537 1866 2626 Aegyptus
1908 2539 2188 2604 minume
2233 2539 2623 2622 quatiuntur,

399 2643 697 2725 quoniam
737 2642 842 2706 hic
886 2641 1145 2706 aestatis
1191 2663 1383 2731 causa
1425 2641 1669 2719 obstat,
1725 2623 1855 2707 illsc
1895 2641 2141 2705 hiemis.
2212 2639 2380 2705 Item
2431 2649 2626 2704 noctu

399 2744 654 2828 saepius
699 2764 890 2825 quam
932 2742 1227 2806 interdiu.
1283 2725 1580 2806 Maxumi
1625 2752 1837 2806 autem
1879 2752 2090 2828 mat-qs
2132 2741 2448 2806 exsistunt
2485 2762 2623 2803 ma-

397 2844 586 2908 tutini
615 2842 1109 2929 vespertinique,
1143 2843 1258 2907 sed
1285 2843 1644 2929 propinqua
1671 2844 1813 2908 luce
1845 2842 2073 2920 crebri,
2103 2841 2383 2906 interdiu
2412 2850 2625 2905 autem

464 2974 733 3037 monstrum,
758 2976 857 3025 R2.
894 2971 1055 3033 ίΙιοηίι,
1079 2974 1130 3022 R
1147 2975 1177 3021 ¹.
1207 3013 1268 3021 .-
1294 2991 1412 3033 cum,
1435 2974 1486 3021 R
1508 2974 1619 3022 ¹ad.
1659 2973 1800 3037 quod,
1825 2975 1924 3022 R2.
1964 3015 2027 3022 ..
2049 2972 2259 3038 fulmen,
2283 2974 2332 3023 R
2355 2969 2438 3034 (en
2461 2972 2514 3020 in
2544 2987 2624 3020 ra-

395 3041 552 3105 sura.)
588 3046 667 3093 d2.
703 3043 912 3107 flunzen,
938 3059 982 3092 a.
1012 3040 1240 3105 fulmine,
1265 3040 1346 3090 (1¹.
1386 3081 1447 3088 ...
1491 3039 1688 3104 rumpit,
1714 3043 1761 3089 d.
1800 3080 1862 3088 .-
1901 3040 2126 3100 lactante,
2150 3043 2213 3090 R.

463 3110 492 3172 ξ
521 3118 632 3162 193.
671 3110 779 3171 mir,
804 3113 866 3161 R.
896 3151 953 3158 .,
994 3107 1218 3170 eduntur,
1242 3111 1379 3158 Rae
1400 3104 1657 3170 (Robert.)
1694 3108 1890 3169 dantur,
1915 3109 2020 3157 Td.
2060 3149 2122 3156 -
2166 3107 2292 3157 alibi
2306 3147 2370 3155 ....
2389 3106 2627 3155 moenibus

398 3181 560 3227 omitt.
585 3180 635 3227 R
659 3175 916 3240 (Robert.)
956 3217 1014 3226 ...
1054 3178 1253 3237 haustu,
1285 3177 1348 3224 R.
1389 3216 1450 3223 -.
1490 3173 1660 3236 aliubi,
1694 3175 1758 3223 R.
1797 3216 1858 3222 -
1897 3190 2090 3236 averso,
2126 3175 2281 3225 RST
2302 3165 2465 3223 θεὼ·
2496 3169 2625 3233 (Ro-

395 3242 547 3304 bert.)
583 3242 811 3302 adverso,
830 3240 886 3304 β.
915 3286 976 3292 -
1002 3242 1255 3303 murmuri,
1280 3237 1443 3292 R201·
1466 3238 1648 3304 (Rob.)
1684 3257 1942 3303 murmure,
1963 3240 2062 3290 R1.
2097 3257 2328 3301 murmur,
2353 3236 2534 3304 adssr.
2561 3280 2623 3288 -

397 3309 592 3370 similis,
625 3302 877 3358 R20adr
912 3308 1168 3372 (Robert.)
1214 3308 1419 3371 similes,
1451 3309 1553 3358 R¹.
1601 3307 1830 3371 similius,
1865 3304 1965 3373 βγ.
2003 3349 2062 3357 -
2113 3306 2268 3369 alias,
2309 3300 2399 3356 Or.
2448 3307 2625 3357 omitt.

396 3379 533 3426 Rad
565 3373 821 3436 (Robert.)
850 3373 953 3440 βγ.
1004 3416 1065 3424 ....
1112 3379 1429 3438 arborumve,
1466 3370 1523 3424 θ.
1573 3416 1635 3424 -..
1666 3378 2004 3440 formamque,
2038 3377 2101 3425 R.
2151 3416 2212 3423 ..
2262 3390 2412 3439 quem,
2442 3374 2626 3424 RSad

399 3439 657 3505 (Robert.)
706 3457 814 3506 que,
848 3444 909 3491 T.
957 3483 1019 3490 -..
1066 3450 1213 3502 meet,
1253 3444 1440 3492 R²Td.
1489 3452 1546 3503 et,
1578 3442 1708 3492 R‘a.
1738 3443 1825 3504 fit,
1859 3443 1896 3493 S
1932 3439 2190 3506 (Robert.)
2235 3450 2380 3501 meat,
2413 3436 2513 3505 βγ.
2561 3480 2623 3488 -

399 3512 574 3572 exitus,
600 3510 636 3561 S
662 3507 919 3570 (Robert.)
961 3548 1018 3555 -
1042 3510 1297 3572 fremente,
1329 3501 1418 3558 Or.
1452 3510 1699 3573 fervente,
1723 3510 2015 3573 RTado’r.
2053 3549 2115 3558 ....
2155 3508 2222 3570 in,
2246 3500 2356 3557 RB
2366 3509 2445 3557 dr.
2483 3515 2532 3556 et
2555 3506 2626 3567 in,

399 3597 442 3629 a.
482 3619 545 3627 -.
582 3578 646 3637 in,
669 3578 775 3627 ΒΤ
795 3568 837 3622 θ
847 3578 969 3625 adr.
1018 3584 1078 3636 et,
1100 3571 1158 3636 β,
1195 3591 1296 3638 qua
1321 3591 1385 3625 ex
1409 3577 1656 3640 scriptura
1686 3578 2022 3639 interpunctio
2056 3576 2209 3625 huius
2231 3576 2332 3625 loci
2366 3575 2419 3623 in
2450 3576 2625 3624 eadem

397 3647 615 3698 editione
654 3645 922 3709 paululum
964 3650 1041 3692 est
1080 3643 1359 3692 immutata.
1427 3684 1491 3691 .-
1540 3645 1781 3707 fervente,
1822 3646 1928 3695 RT
1948 3637 2133 3693 Oaldr
2183 3639 2443 3705 (Robert.)
2518 3642 2627 3691 item

380 3716 623 3779 fervente,
648 3712 760 3763 a26.
797 3711 1173 3774 itemsremente‚
1196 3706 1297 3773 βγ.
1336 3751 1398 3758 -
1433 3708 1619 3772 solida,
1641 3713 1691 3761 R
1710 3704 1883 3761 Oadr.
1921 3710 2083 3772 solita,
2107 3706 2162 3771 β.

465 3782 494 3842 ἓ
522 3788 634 3832 194.
672 3780 872 3844 Itaque,
896 3781 945 3828 R
965 3770 1007 3824 θ
1018 3781 1103 3827 ad.
1159 3775 1475 3840 Quandoque,
1500 3794 1539 3827 r.
1579 3820 1640 3827 ..-
1677 3795 1911 3841 umquam,
1935 3778 2067 3828 R2d.
2114 3778 2290 3828 Omitt.
2326 3775 2476 3827 R¹ar
2497 3773 2627 3837 (Ro-

396 3846 545 3912 bert.)
569 3864 618 3914 γ.
656 3890 720 3898 .-
758 3854 1021 3907 remanent,
1045 3843 1142 3894 R¹.
1181 3884 1243 3893 ....
1281 3842 1486 3893 occultat
1507 3860 1604 3906 ore,
1627 3847 1731 3895 Ra.
1769 3843 2007 3896 occultior
2030 3855 2116 3907 est,
2141 3844 2278 3895 Td2.
2325 3841 2559 3893 occultior
2583 3857 2626 3904 e,

396 3916 477 3967 (1¹.
517 3958 581 3966 -.
606 3915 841 3965 inductus
875 3913 967 3975 olo,
1001 3913 1098 3963 R¹.
1140 3953 1201 3961 .-
1240 3910 1460 3972 devorat,
1494 3910 1591 3961 R'.
1629 3952 1692 3961 -
1730 3922 1884 3975 aucto,
1907 3912 2006 3963 12².
2044 3921 2135 3972 sto,
2160 3911 2256 3962 R1.
2279 3919 2626 3969 -montuosa,

393 3978 655 4034 R'road.
700 3991 932 4044 montosa,
964 3978 1022 4043 β.
1071 4022 1133 4030 ..-
1187 3978 1340 4041 modo,
1371 3981 1471 4030 R2.
1520 4020 1583 4028 -
1637 3977 1756 4031 mihi
1785 3990 1869 4041 est,
1902 3982 2038 4031 Rad
2068 3977 2326 4042 (Robert.)
2379 3986 2453 4028 est
2489 3975 2626 4037 mihi,

392 4046 435 4110 β
445 4064 495 4112 γ.
532 4090 595 4099 -
630 4048 931 4114 Apenninas,
954 4051 1162 4100 Robert.
1196 4045 1466 4112 Apennias,
1489 4063 1528 4096 r.

462 4115 492 4175 ἓ
521 4123 632 4166 195.
669 4132 797 4176 vero,
830 4116 927 4166 13¹.
967 4157 1030 4165 -
1079 4116 1220 4176 sicut,
1254 4116 1403 4165 RTd
1435 4111 1696 4177 (Robert.)
1741 4116 1868 4164 sicut
1883 4113 2050 4175 fiunt,
2094 4109 2235 4177 αβγ.
2282 4153 2345 4162 -.
2385 4111 2626 4176 flumina,

392 4182 556 4232 R¹a¹.
596 4222 657 4231 .-
703 4191 867 4232 autem
874 4182 1046 4246 futuri
1079 4184 1230 4246 siqna
1252 4190 1403 4232 motus
1426 4182 1634 4232 existunt
1668 4180 1724 4229 hi
1744 4179 1980 4242 matutini,
2004 4194 2052 4230 σ.
2090 4221 2154 4229 -.
2202 4177 2419 4231 interdiu
2449 4220 2512 4228 -
2530 4194 2627 4228 me·

395 4248 493 4299 rid.
524 4250 716 4313 primus
748 4252 813 4300 ad
845 4251 1195 4311 praecedentia
1226 4249 1383 4299 traxit
1412 4250 1548 4299 Pint.
1588 4290 1649 4298 -.
1696 4246 1943 4308 meridies,
1976 4248 2081 4298 BT
2093 4249 2180 4297 ad.
2218 4286 2282 4297 ...
2318 4245 2459 4308 solis,
2493 4246 2628 4297 delet

392 4320 527 4369 Pint.
565 4357 627 4365 ...
668 4317 881 4376 imbrem,
905 4317 997 4366 Ra
1020 4313 1278 4379 (Robert.)
1314 4317 1504 4377 imbres,
1531 4316 1635 4366 Td.

461 4384 490 4445 ξ
529 4390 640 4435 196.
689 4384 805 4444 sive,
838 4385 884 4432 d.
922 4423 985 4431 -
1034 4382 1145 4445 ictu,
1179 4375 1501 4433 RATOad.
1539 4384 1633 4445 icti,
1664 4378 1766 4448 βγ.
1806 4424 1867 4433 .-
1916 4383 2134 4445 navatae,
2167 4383 2215 4432 R
2258 4378 2337 4445 (in
2369 4379 2522 4443 corr.)
2562 4420 2623 4430 ,-
