2961 4861
1076 370 1087 377 ’
1174 390 1552 433 ramnum.
2377 392 2488 433 L111

242 544 432 603 viores
470 562 671 601 eorum
709 542 975 600 locorum
1012 543 1347 615 afferamus,
1388 544 1511 614 ubi,
1557 561 1689 601 cum
1718 542 2056 601 Harduinus
2087 542 2489 602 auctoritatem

240 671 486 713 suorum
527 653 790 721 codicum
840 659 1075 710 secutus
1116 653 1440 728 pleniorem
1477 652 1785 710 lectionem
1823 651 2342 728 Dalecampianam
2385 645 2489 731 (β)

237 761 628 837 glossematiS,
653 767 722 817 ut
748 760 863 836 ipsi
890 761 1219 834 videbatur,
1243 770 1303 820 et
1322 761 1730 820 additamentis
1758 760 2130 819 librariorum
2159 760 2489 833 liberasset,

235 870 692 945 Bambergensis
733 871 885 927 hanc
926 870 1116 945 ipsam
1158 870 1464 929 lectionem
1507 866 1540 950 β
1584 870 1811 929 calculo
1851 888 1959 928 suo
1999 871 2373 946 approbavit,
2416 869 2494 927 ad

238 999 416 1054 quam
457 979 627 1036 nobis
675 979 1068 1036 recedendum
1108 978 1241 1038 fuit.
1306 978 1421 1036 Hic
1463 997 1697 1054 quoque
1740 985 1911 1036 notas
1961 996 2164 1037 eorum
2205 977 2494 1037 librorum

236 1088 545 1159 addamne,
587 1087 690 1161 qui
733 1105 865 1144 cum
893 1086 947 1144 B
979 1094 1039 1145 et
1071 1083 1103 1167 β
1133 1087 1393 1158 faciunt3
1435 1088 1538 1145 ubi
1579 1088 1729 1145 tales
1767 1095 1940 1146 notae
1979 1108 2016 1146 a
2053 1088 2224 1146 nobis
2256 1088 2494 1145 additae

236 1216 359 1254 non
386 1195 781 1266 inveniuntur,
824 1197 936 1254 soli
963 1196 1099 1254 libri
1126 1193 1228 1276 Ββ
1269 1197 1629 1273 conspirant.
1675 1194 1831 1256 Sunt
1869 1197 2051 1270 igitur
2088 1197 2151 1253 hi
2188 1194 2309 1254 fere
2342 1195 2490 1254 locit

237 1300 346 1376 33,
369 1301 431 1364 4.
452 1298 852 1384 P(Passion).
899 1300 1002 1363 36.
1026 1304 1088 1363 h.
1123 1300 1267 1363 161.
1290 1305 1418 1364 Ph.
1465 1300 1568 1377 34,
1597 1300 1739 1364 107.
1767 1306 1934 1363 codd.
1947 1304 2217 1364 Barbari.
2251 1301 2393 1364 177.
2415 1303 2493 1362 P.

236 1409 347 1484 35,
393 1408 536 1473 159.
575 1412 631 1470 P
676 1407 911 1493 (margo
949 1411 1248 1490 Victorii).
1315 1410 1419 1486 36,
1464 1410 1568 1474 30.
1610 1411 1686 1471 P.
1753 1408 1855 1473 35.
1885 1409 1988 1473 81.
2029 1415 2197 1472 codd.
2243 1411 2494 1472 Gelenii.

238 1519 349 1593 37,
373 1517 477 1580 80.
508 1521 548 1578 h
577 1515 669 1600 (et
695 1541 771 1579 ex
797 1529 964 1597 parte
986 1519 1131 1598 GP)
1157 1571 1241 1579 -.
1262 1520 1376 1580 ΟΡ
1407 1517 1797 1603 (quamquam
1826 1516 2140 1601 corrupti)‘.
2187 1518 2287 1581 97.
2317 1521 2497 1599 (quae

237 1633 300 1690 in
328 1630 440 1689 hac
469 1633 498 1700 ἕ
528 1630 870 1689 Harduinus
901 1650 934 1688 e
961 1631 1131 1688 codd.
1165 1631 1428 1688 omisisse
1457 1632 1561 1702 ait,
1605 1640 1814 1706 postea
1838 1631 2145 1689 Broterius
2188 1650 2264 1688 ex
2307 1631 2496 1689 omni-

148 1708 213 1732 *
240 1743 357 1800 bus
405 1739 573 1797 libris
622 1734 931 1819 restituit).
995 1740 1240 1798 Praeter
1282 1739 1390 1796 hos
1427 1739 1592 1797 locos
1637 1746 1778 1797 sunt
1815 1740 1936 1810 alii,
1988 1739 2089 1798 ubi
2138 1758 2257 1796 non
2307 1741 2499 1797 solum

241 1847 717 1922 Bambergensis,
762 1865 974 1905 verum
1004 1847 1177 1904 etiam
1207 1847 1307 1904 alii
1349 1848 1576 1905 codices
1606 1866 1749 1905 sane
1779 1848 2039 1924 corrupti
2065 1847 2374 1905 lectionem
2404 1847 2498 1906 la-

243 1975 528 2016 cunosam
557 1956 819 2015 omnium
849 1955 1161 2014 editionum
1191 1957 1448 2033 explent,
1498 1957 1751 2030 neglecti
1786 1956 1875 2015 illi
1915 1976 1952 2014 a
1980 1957 2124 2015 viris
2154 1958 2339 2015 doctis
2370 1959 2500 2033 qui-

243 2068 361 2124 bus
388 2083 487 2123 eos
513 2065 804 2140 inspicere
833 2064 1028 2135 licuit3
1072 2064 1191 2121 vid.
1223 2060 1327 2136 36,
1362 2061 1529 2136 116.,
1560 2065 1661 2124 ubi
1690 2085 1723 2122 e
1753 2066 2047 2124 codicibus
2088 2075 2222 2125 ante
2249 2085 2344 2124 me
2372 2068 2498 2125 col-

242 2174 383 2233 latis
411 2171 566 2230 Kdr
594 2174 844 2231 editores
872 2178 1127 2230 attentos
1158 2172 1351 2232 facere
1377 2183 1728 2249 potuerunt3
1761 2171 1864 2247 37,
1896 2169 2062 2247 145„
2093 2175 2194 2233 ubi
2222 2176 2260 2232 d
2292 2176 2503 2233 similia

244 2276 671 2358 Bambergensi
710 2282 966 2340 exhibet.
1028 2279 1148 2340 Sed
1188 2280 1332 2340 haec
1375 2284 1572 2341 omnia
1609 2283 1766 2341 levia
1808 2293 1947 2342 sunt
1984 2303 2129 2359 prae
2168 2284 2289 2342 illis
2332 2285 2499 2356 locis,

246 2393 352 2453 ubi
377 2410 534 2452 unus
558 2391 613 2451 B
640 2392 879 2450 lacunas
910 2408 1062 2466 quae
1089 2389 1391 2466 hucusque
1431 2393 1494 2449 in
1534 2393 1801 2451 omnibus
1845 2393 2143 2452 codicibus
2192 2402 2250 2451 et
2289 2388 2501 2452 editio-

247 2504 422 2561 nibus
452 2503 762 2560 exstabant
787 2501 1019 2577 egregie
1050 2502 1251 2577 explet
1289 2501 1534 2575 eiusque
1570 2503 1747 2560 unius
1789 2502 2137 2560 auctoritate
2177 2501 2339 2560 fretis
2367 2500 2500 2560 Pli-

251 2612 353 2670 nio
381 2630 490 2669 sua
516 2611 826 2669 restituere
854 2610 1026 2667 nobis
1054 2609 1286 2668 licebat.
1344 2608 1547 2668 Missis
1584 2611 1763 2668 rebus
1803 2610 2119 2669 levioribus
2148 2630 2501 2670 commemo-

254 2721 403 2780 rabo
434 2716 536 2792 32,
569 2715 671 2778 36.
705 2714 848 2777 119.
883 2712 1025 2777 125.
1083 2711 1187 2790 33,
1223 2711 1323 2776 75.
1357 2713 1458 2776 76.
1494 2712 1633 2776 110.
1693 2714 1797 2791 34,
1830 2713 1933 2778 88.
1966 2714 2068 2779 95.
2127 2716 2231 2793 36,
2264 2717 2365 2781 65.
2398 2714 2501 2779 79.

257 2825 401 2888 102.
434 2824 576 2887 137.
610 2823 753 2888 180.
811 2822 914 2898 37,
947 2820 1050 2886 38.
1099 2821 1241 2885 170.
1285 2822 1426 2886 176.
1474 2822 1617 2886 199.
1661 2837 1720 2886 et
1755 2847 2035 2905 magnum
2072 2829 2241 2887 illum
2280 2829 2500 2899 locum,

253 2958 370 3013 quo
407 2946 597 2997 totum
636 2955 783 3013 opus
809 2954 917 3013 per
944 2936 1442 3011 Bambergensem
1471 2938 1708 2995 demum
1746 2939 1983 3012 egregie
2024 2938 2333 2995 clauditur.
2391 2937 2504 2994 His

249 3055 447 3105 tamen
485 3046 750 3104 omnibus
791 3064 887 3104 res
930 3047 1189 3104 nondum
1234 3047 1554 3116 conficitur,
1606 3054 1665 3103 et
1704 3047 1842 3103 licet
1884 3046 2022 3102 libri
2074 3063 2181 3101 sex
2226 3045 2507 3118 postremi

250 3154 537 3215 naturalis
580 3155 863 3213 historiae
903 3174 1062 3212 nunc
1101 3153 1288 3210 multo
1330 3153 1675 3227 integriores
1708 3159 1767 3208 et
1794 3152 2087 3229 pleniores
2129 3170 2305 3226 quam
2332 3158 2507 3210 antea

248 3265 524 3340 legantur
539 3305 558 3335 ,
614 3271 811 3322 tamen
852 3282 972 3320 non
1011 3281 1120 3338 pro
1161 3268 1319 3318 certo
1357 3260 1773 3333 affirmaverim
1811 3246 2039 3318 nullam
2067 3260 2299 3319 omnino
2335 3262 2397 3318 in
2432 3261 2505 3318 iis

248 3373 526 3430 lacunam
564 3378 804 3430 restare.
876 3371 1270 3429 Inveniuntur
1310 3370 1446 3441 loci,
1499 3369 1600 3427 ubi
1645 3369 1986 3446 paucissimi
2035 3388 2226 3445 neque
2276 3389 2507 3447 semper

250 3479 746 3557 praestantissimi
775 3481 1002 3538 codices
1030 3479 1270 3537 lacunas
1299 3478 1557 3556 explent,
1598 3480 1685 3537 uti
1712 3475 1815 3552 36,
1853 3475 1976 3552 11.,
2007 3480 2110 3538 ubi
2139 3481 2325 3538 verba
2352 3498 2503 3537 non-

254 3587 425 3648 nulla
466 3605 505 3644 a
545 3588 753 3644 ceteris
796 3588 1065 3645 omnibus
1113 3588 1406 3647 codicibus
1451 3589 1669 3646 omissa
1706 3596 1938 3666 praeter
1985 3585 2069 3670 βγ
2107 3607 2262 3647 unus
2300 3588 2354 3646 B
2397 3608 2505 3647 ex-

239 3699 434 3767 hibet,
477 3695 578 3754 vel
608 3690 711 3767 36,
746 3690 912 3767 130.,
956 3696 1057 3754 ubi
1083 3697 1293 3755 lacuna
1329 3717 1505 3773 quam
1535 3698 1707 3757 BRd
1735 3698 1958 3757 faciunt
1994 3704 2229 3775 praeter
2258 3698 2505 3773 scriptu·

246 3825 379 3866 ram
409 3805 713 3879 vulgatam
740 3804 802 3863 in
830 3823 948 3863 uno
976 3806 1128 3863 libro
1156 3808 1196 3865 h
1225 3825 1340 3864 non
1368 3807 1687 3877 invenitur,
1731 3808 1826 3865 vel
1854 3803 1960 3878 36,
1996 3802 2162 3878 165.,
2193 3808 2294 3865 ubi
2333 3825 2507 3865 verae

251 3915 581 3990 scripturae
621 3915 903 3989 vulgatae
940 3932 1095 3972 unus
1131 3914 1194 3972 K
1228 3915 1466 3974 accedit.
1527 3914 1648 3974 Sed
1690 3910 1947 3974 omnium
1988 3916 2244 3974 maxime
2286 3935 2505 3974 memo-

249 4023 458 4083 rabilis
505 4028 596 4080 est
632 4024 798 4083 locus
842 4018 956 4094 34,
1002 4018 1134 4094 94.,
1186 4024 1286 4081 ubi
1339 4020 1372 4102 β
1424 4017 1614 4102 (quae
1663 4023 1794 4081 aliis
1843 4024 2017 4098 locis,
2068 4025 2156 4083 uti
2205 4019 2326 4096 34,
2359 4021 2502 4084 102.

253 4127 358 4202 37,
391 4127 557 4202 114.,
590 4132 718 4190 sola
745 4133 989 4191 lacunas
1015 4127 1281 4211 admisit)
1312 4133 1496 4191 verba
1523 4141 1683 4191 recte
1712 4133 1909 4206 habet,
1951 4153 2103 4209 quae
2132 4134 2206 4193 ab
2236 4135 2506 4194 omnibus

261 4241 498 4300 omnino
537 4241 851 4314 codicibuS,
906 4241 1081 4301 etiam
1105 4241 1180 4313 B,
1232 4241 1467 4301 absunt.
1545 4240 1765 4301 Totum
1815 4261 1955 4303 vero
2003 4243 2116 4303 hoc
2164 4244 2240 4302 de
2280 4242 2507 4303 lacunis
