2961 4861
424 354 677 397 LXXVIII
1357 349 1738 393 PRAEFATIO.

423 514 568 581 tere,
608 515 676 565 ut
713 506 961 564 lectores
986 505 1340 563 admoneant
1374 504 1563 562 latere
1588 503 1684 562 hic
1708 501 1931 578 aliquid
1958 500 2118 575 quod
2144 500 2557 561 observatione
2598 503 2678 562 sit

421 615 683 692 dignum.
725 613 801 675 Id
824 622 894 674 ut
918 614 1158 691 probari
1183 619 1382 690 potest
1404 614 1469 672 in
1497 613 1779 688 scriptore
1805 610 2029 686 aliquo,
2058 611 2163 684 qui
2190 610 2672 671 coniecturarum

425 744 536 802 ope
560 725 754 783 minus
782 723 943 798 eguit
968 723 1067 782 vel
1087 723 1324 782 omnino
1349 722 1544 780 minus
1564 727 1881 798 corruptus
1908 720 1988 780 ad
2012 736 2125 778 nos
2150 727 2247 779 est
2271 721 2562 797 perlatus,
2590 721 2677 781 ita

423 834 486 893 in
514 835 798 908 scriptore
824 833 1086 890 omnium
1113 831 1572 907 corruptissimo,
1614 830 1722 889 ubi
1746 847 1925 906 saepe
1951 847 2061 906 per
2085 828 2356 904 singulas
2381 849 2673 906 paragra-

423 942 577 1019 phos
591 943 669 1000 ad
690 941 894 1017 plures
917 942 1278 1000 coniecturas
1295 939 1749 1015 confugiendum
1773 938 1907 1012 fuit,
1932 938 2288 997 incommodi
2311 938 2537 1014 aliquid
2558 942 2672 999 ha-

424 1053 526 1111 bet
550 1068 656 1128 per
682 1049 1116 1108 multitudinem
1141 1049 1378 1107 illorum
1406 1047 1735 1126 signorum,
1786 1066 1940 1124 quae
1965 1048 2256 1106 lectorum
2282 1048 2490 1108 oculos
2517 1048 2675 1108 male

425 1160 641 1218 afficiat
664 1176 907 1218 necesse
933 1167 1041 1217 est.
1096 1158 1255 1217 Huic
1279 1157 1461 1233 igitur
1485 1157 1854 1216 incommodo
1879 1164 1949 1215 ut
1974 1174 2371 1230 occurrerem,
2399 1157 2583 1217 simul
2607 1164 2677 1217 ut

422 1269 701 1328 lectorem
722 1268 1024 1327 certiorem
1052 1286 1253 1326 eorum
1279 1267 1605 1339 redderem,
1634 1284 1789 1342 quae
1818 1267 2153 1325 coniectura
2183 1266 2444 1343 perfecta
2465 1268 2677 1327 viden-

424 1384 525 1436 tur
551 1384 658 1435 aut
682 1378 1036 1454 perficienda
1071 1385 1232 1447 sunt,
1260 1375 1457 1434 Plinio
1496 1394 1628 1433 meo
1664 1375 1914 1433 indicem
1952 1374 2126 1433 illum
2162 1376 2431 1435 criticum
2466 1376 2673 1449 adieci,

425 1487 593 1546 cuius
620 1489 767 1545 haec
794 1495 887 1545 est
912 1485 1086 1545 ratio:
1132 1485 1395 1544 lemmati
1420 1483 1812 1560 subscriptum
1838 1501 2055 1543 nomen
2094 1485 2211 1543 viri
2233 1485 2490 1545 alicuius
2518 1485 2675 1546 docti

414 1597 717 1671 significat
740 1595 891 1655 illud
917 1597 1166 1655 verbum
1193 1595 1529 1654 coniectura
1553 1592 1731 1652 huius
1758 1594 1876 1652 viri
1903 1611 2034 1652 esse
2060 1594 2401 1653 restitutum
2427 1603 2489 1653 et
2520 1595 2674 1654 hanc

424 1706 814 1765 coniecturam
846 1715 1046 1782 spreta
1072 1704 1333 1763 omnium
1360 1703 1629 1762 codicum
1653 1702 1903 1762 lectione
1928 1711 2035 1761 aut
2059 1722 2098 1761 a
2122 1703 2417 1779 prioribus
2437 1704 2672 1763 editori·

424 1817 537 1875 bus
565 1823 673 1875 aut
706 1835 746 1875 a
770 1835 868 1873 me
893 1833 1022 1874 esse
1048 1823 1376 1892 receptam3
1413 1813 1678 1871 lemmati
1705 1813 2037 1889 subscripta
2072 1812 2273 1870 littera
2311 1809 2345 1892 β
2382 1814 2672 1889 significat

423 1925 688 1984 exhiberi
710 1924 816 1982 illo
842 1924 973 1981 loco
999 1922 1061 1981 in
1088 1923 1337 1981 editione
1373 1940 1511 1981 mea
1538 1921 1889 1998 scripturam
1914 1920 2455 1997 Dalecampianam,
2499 1924 2668 1981 cuius

425 2032 741 2093 auctoritas
780 2032 891 2091 hac
930 2038 1161 2090 tantum
1195 2032 1425 2090 ratione
1463 2031 1641 2107 plane
1675 2031 1927 2106 intelligi
1960 2031 2183 2108 potuit,
2233 2031 2359 2091 sive
2394 2033 2472 2090 ab
2513 2032 2669 2090 Har·

425 2142 606 2201 duino
647 2150 945 2201 servatam
981 2141 1110 2200 sive
1150 2141 1226 2199 ab
1262 2158 1335 2197 eo
1361 2141 1692 2214 neglectam
1717 2147 1781 2197 et
1804 2159 1844 2199 a
1868 2157 1968 2197 me
1993 2141 2354 2214 restitutam,
2404 2159 2584 2216 quam
2612 2151 2671 2200 et

426 2251 723 2311 codicibus
764 2269 920 2309 nunc
966 2250 1182 2326 ignotis
1223 2256 1287 2307 et
1319 2249 1668 2307 coniecturis
1706 2250 1977 2325 priorum
2017 2250 2306 2308 editorum
2344 2249 2451 2309 niti
2486 2269 2669 2328 supra

427 2361 713 2430 vidimus;
751 2358 1011 2418 lemmati
1049 2357 1442 2437 subscriptum
1484 2358 1719 2434 signum
1758 2359 2230 2435 interrogationis
2265 2360 2464 2418 locum
2497 2361 2581 2419 ita
2607 2361 2668 2418 in

428 2472 724 2531 codicibus
763 2472 999 2546 quidem
1037 2470 1175 2545 legi,
1214 2469 1320 2527 sed
1352 2487 1462 2545 pro
1501 2474 1779 2544 corrupto
1819 2467 2156 2527 habendum
2200 2469 2471 2540 denotat3
2508 2471 2668 2528 idem

429 2582 667 2657 signum
692 2581 1026 2641 nominibus
1051 2579 1314 2638 virorum
1338 2579 1647 2637 doctorum
1671 2578 2008 2654 appositum
2036 2596 2130 2635 me
2158 2577 2231 2636 de
2253 2578 2499 2639 veritate
2529 2598 2666 2639 con-

426 2691 682 2748 iecturae
709 2689 978 2747 dubitare
1005 2688 1315 2763 significat,
1344 2705 1525 2763 quam
1551 2706 1647 2746 me
1666 2694 1978 2764 propterea
2003 2694 2234 2746 tantum
2262 2689 2576 2764 recepisse,
2599 2695 2669 2747 ut

430 2817 552 2858 vox
576 2798 831 2869 adesset,
860 2814 1012 2871 quae
1037 2795 1162 2872 legi
1186 2803 1419 2872 posset3
1467 2797 1626 2855 idem
1653 2796 1814 2855 valet
1839 2797 1912 2855 de
1939 2797 2144 2856 eodem
2171 2798 2343 2873 signo
2368 2798 2598 2857 litterae
2630 2793 2666 2878 β

428 2909 710 2979 subiecto,
753 2924 870 2982 quo
897 2906 1146 2965 lectores
1174 2906 1456 2964 docentur
1479 2923 1579 2964 me
1608 2913 1805 2983 spreta
1831 2905 2095 2966 codicum
2123 2913 2325 2983 aperte
2353 2916 2666 2984 corrupto-

425 3036 563 3077 rum
589 3017 879 3094 scriptura
904 3019 981 3076 ad
1007 3015 1516 3093 interpolationem
1542 3015 1733 3091 qualis
1753 3021 1949 3074 exstat
1966 3015 2027 3073 in
2048 3016 2508 3093 Dalecampiana
2528 3035 2667 3076 con-
2765 3097 2776 3108 ,

426 3127 665 3204 fugisse.
716 3126 813 3186 Ita
839 3115 1124 3186 desiderio
1151 3144 1357 3185 eorum
1383 3125 1706 3198 hominum,
1750 3126 1853 3200 qui
1890 3125 1964 3183 de
1990 3126 2239 3185 editione
2265 3143 2398 3183 mea
2424 3143 2668 3184 accura-

426 3238 543 3296 tius
570 3237 829 3295 iudicare
855 3236 1075 3308 volent,
1105 3235 1474 3295 satisfactum
1502 3254 1633 3295 esse
1658 3243 1825 3311 puto,
1862 3234 2048 3310 magis
2074 3236 2139 3293 in
2165 3236 2431 3312 ipsorum
2462 3235 2668 3293 Plinii-

426 3363 543 3421 que
570 3362 751 3418 quam
776 3344 837 3401 in
865 3363 1061 3402 meum
1090 3345 1482 3416 commodum,
1511 3345 1612 3418 qui
1632 3345 1761 3422 ipse
1781 3344 2030 3403 lectores
2051 3345 2128 3403 ad
2146 3364 2242 3404 me
2261 3345 2669 3421 castigandum

427 3452 538 3511 hac
564 3451 788 3510 ratione
813 3451 1210 3511 invitaverim.
1247 3452 1441 3510 Nemo
1467 3462 1663 3511 tamen
1690 3460 1858 3528 putet
1881 3472 1978 3512 me
2001 3452 2124 3512 illis
2152 3460 2382 3512 tantum
2407 3454 2468 3512 in
2494 3453 2667 3525 lociS,

427 3560 642 3636 quibus
678 3560 910 3635 signum
948 3559 1420 3633 interrogationis
1447 3568 1541 3618 est
1564 3561 1946 3638 adscriptum,
1985 3564 2377 3639 corruptelam
2404 3562 2667 3638 aliquam

426 3687 767 3746 agnoscere3
788 3669 968 3727 immo
980 3668 1259 3744 permulti
1279 3668 1378 3727 alii
1396 3669 1529 3743 loci,
1546 3671 1800 3729 maxime
1819 3671 1881 3730 in
1901 3672 2140 3748 triginta
2156 3674 2453 3749 prioribus
2469 3673 2665 3747 libris,

428 3778 633 3850 latent,
670 3779 773 3839 ubi
798 3777 1057 3837 Plinium
1082 3777 1144 3835 in
1170 3775 1365 3837 Plinio
1390 3778 1615 3839 frustra
1641 3799 1891 3856 quaeras
1903 3799 1922 3851 3
1975 3800 2183 3841 verum
2222 3783 2329 3842 illo
2364 3783 2533 3859 signo
2561 3800 2666 3841 eos

428 3888 603 3947 modo
630 3887 792 3946 locos
821 3886 1041 3958 notavi,
1084 3886 1184 3945 ubi
1219 3895 1326 3945 aut
1351 3906 1390 3945 a
1416 3888 1555 3948 viris
1582 3890 1769 3949 doctis
1807 3898 1912 3950 aut
1949 3910 1989 3950 a
2016 3910 2111 3949 me
2148 3892 2280 3969 ipso
2306 3892 2667 3969 argumentis

430 3996 601 4056 certis
655 3994 900 4073 prolatis
940 3996 1399 4056 demonstratum
1439 4007 1529 4057 est
1578 4000 1972 4076 corruptelam
2009 4000 2108 4060 vel
2154 4002 2665 4079 interpolationem

429 4104 616 4163 latere
666 4111 727 4163 et
766 4105 1231 4165 emendationum
1270 4106 1574 4184 hucusque
1619 4108 1982 4185 prolatarum
2030 4111 2256 4170 nullam
2305 4110 2665 4171 satisfacere.

432 4213 660 4290 Quodsi
696 4215 963 4275 omnibus
997 4215 1118 4275 illis
1156 4215 1427 4290 vocibus,
1477 4236 1627 4294 quas
1662 4227 1971 4297 corruptas
2010 4230 2157 4299 puto
2172 4233 2196 4297 ,'
2233 4221 2385 4280 illud
2426 4220 2663 4296 signum
