2961 4861
874 322 1015 370 Lm.
1047 323 1116 370 ν.
1180 321 1597 370 οΑΡ.κΧνῙῐ.
1660 319 2065 369 enemim-27.
2469 306 2593 369 373

348 493 556 552 versa,
604 493 751 538 cum
793 494 923 557 qua
952 471 1341 538 conveniunt
1367 469 1920 550 Philomelienses,
1967 471 2365 556 Tymbriani‚
2410 473 2590 539 Leu-

347 572 584 650 colithi,
629 571 906 650 Pelteni,
952 570 1322 656 Tyrienses.
1367 569 1584 636 Datur
1629 582 1695 637 et
1739 571 2082 636 tetrarchia
2128 581 2210 638 ex
2237 572 2591 657 Lycaonia,

349 695 476 757 qua
515 683 702 759 parte
748 670 1045 738 Galatiae
1088 672 1484 737 contermina
1525 682 1645 750 est,
1691 672 2046 737 civitatium
2089 696 2224 751 xnr,
2280 673 2439 738 urbe
2485 697 2591 740 ce-

342 773 686 841 leberrima
727 771 968 838 Iconio.
1055 771 1273 858 Ipsius
1315 771 1688 856 Lycaoniae
1733 772 2135 838 celebrantur
2177 773 2477 839 Thebasa
2526 776 2593 839 in

345 873 582 952 Tauro,
627 873 827 958 Hyde
870 874 936 937 in
983 872 1253 938 confinio
1300 869 1595 937 Galatiae
1640 882 1830 956 atque
1878 871 2349 959 Cappadociae.
2402 875 2468 939 A
2496 876 2593 941 la-

346 985 483 1041 tere
526 986 743 1040 autem
788 974 924 1039 eius
971 996 1165 1059 super
1205 972 1654 1058 Pamphyliam
1712 974 1977 1038 veniunt
2019 974 2343 1040 Thracum
2393 976 2592 1041 subo-

342 1076 460 1154 les,
506 1075 777 1159 Milyae,
825 1097 1095 1158 quorum
1138 1073 1495 1158 Arycanda
1537 1073 1867 1159 oppidum.

428 1177 531 1240 26.
575 1174 961 1261 Pamphylia
1017 1183 1164 1239 ante
1218 1172 1566 1258 Mopsopia
1619 1174 1940 1258 appellata
1984 1184 2101 1239 est.
2155 1173 2341 1240 Mare
2394 1175 2591 1242 Pam-
2620 1198 2684 1243 96

340 1275 633 1362 phylium
676 1272 904 1340 Cilicio
947 1274 1257 1362 iungitur.
1331 1271 1600 1359 Oppida
1644 1269 1803 1337 Side
1849 1284 1915 1338 et
1955 1274 2025 1338 in
2067 1284 2283 1339 monte
2326 1276 2589 1363 Aspen-

342 1377 520 1454 dum,
564 1375 1017 1454 Pletenissum,
1073 1374 1309 1461 Perga.
1395 1373 1914 1439 Promontorium
1970 1373 2303 1440 Leucolla.
2392 1375 2590 1443 Mons

343 1475 776 1542 Sardemisus.
885 1476 1131 1540 Amnes
1186 1473 1606 1557 Eurymedon
1669 1474 1869 1537 iuxta*
1913 1474 2299 1561 Aspendum
2361 1475 2588 1555 fluens,

247 1653 267 1666 .
343 1574 776 1654 Catarractes,
822 1577 1004 1661 iuxta
1045 1596 1237 1659 quem
1279 1571 1617 1657 Lyrnesus
1675 1583 1741 1637 et
1798 1571 1992 1639 Olbia
2045 1576 2396 1659 ultimaque
2440 1579 2590 1642 eius

338 1700 491 1743 orae
541 1677 857 1742 Phaselis.

399 1776 529 1842 '27.
572 1777 874 1845 Iunctum
926 1798 1104 1840 mare
1159 1774 1444 1860 Lycium
1499 1784 1598 1839 est
1639 1795 1929 1861 gensque
1971 1774 2213 1860 Lycia,
2258 1778 2430 1842 unde
2475 1802 2587 1844 va*
2617 1800 2679 1847 97

340 1888 471 1946 stos
515 1880 692 1943 sinus
736 1877 991 1941 Taurus
1046 1898 1230 1940 mons
1286 1875 1366 1940 ab
1406 1874 1564 1939 Eois
1616 1875 1881 1940 veniens
1914 1876 2234 1942 'litoribus
2281 1876 2588 1946 Chelido-

338 1978 447 2043 nio
488 1976 922 2064 promontorio
968 1975 1389 2051 disterminat,
1433 1974 1766 2038 inmensus
1808 1973 1951 2058 ipse
1995 1986 2062 2040 et
2113 1976 2590 2045 innumerarum

337 2079 629 2166 gentium
687 2077 925 2142 arbiter
941 2125 959 2154 ,
1014 2075 1241 2140 dextro
1292 2075 1493 2139 latere
1554 2075 2100 2160 septentrionalis,
2155 2078 2268 2143 ubi
2311 2079 2589 2165 primum

305 2178 421 2243 ,ab
474 2177 706 2242 Indico
754 2176 917 2241 mari
973 2173 1293 2263 exsurgit,
1352 2174 1534 2240 laevo
1589 2173 1977 2240 meridianus
2033 2187 2098 2241 et
2149 2177 2233 2241 ad
2287 2200 2588 2246 occasum

338 2277 610 2344 tendens
652 2276 1057 2361 mediamque
1101 2273 1459 2340 distrahens
1504 2273 1752 2352 Asiam,
1797 2264 1922 2339 nisi
1950 2277 2337 2362 opprimenti
2382 2292 2586 2346 terras

404 2455 434 2516 ς
457 2457 541 2502 95.
586 2451 742 2514 Haec,
766 2452 871 2501 Td.
919 2490 983 2499 .-.
1027 2446 1304 2513 Lycaonia,
1326 2448 1391 2497 R.
1440 2483 1504 2496 ..-
1549 2445 1782 2497 Asiatica
1814 2447 2169 2511 iurisdictione,
2203 2452 2266 2501 T.
2314 2492 2377 2502 .-
2422 2470 2585 2516 versa,

338 2521 505 2569 omitt.
530 2520 636 2570 Td.
673 2560 735 2568 ....
772 2514 1190 2576 Philomelienses,
1213 2516 1344 2565 Rad
1370 2510 1542 2574 (codd.
1565 2512 1818 2576 Barbari.)
1852 2512 2296 2579 Philomelisenses,
2319 2533 2369 2569 σ.
2407 2518 2581 2572 Philo-

335 2585 552 2648 meliani,
574 2587 643 2636 D.
671 2627 733 2635 .-
779 2584 1078 2649 Tymbriani,
1100 2583 1310 2632 Barbar.
1335 2579 1444 2631 RD
1456 2583 1546 2631 ad.
1590 2580 2046 2644 Rubriani,'codd.
2070 2584 2228 2634 Hard.
2254 2626 2317 2634 .-
2339 2586 2583 2651 Peltheni,

336 2668 384 2703 σ.
419 2652 612 2713 Pateni,
636 2655 702 2703 R.
741 2692 803 2701 .-
859 2650 1137 2715 Tyrienses,
1164 2644 1423 2700 ODTad.
1479 2646 1530 2696 T
1523 2650 1726 2709 iriesses,
1750 2649 1839 2698 Ru
1894 2648 2142 2712 Titienses,
2166 2653 2255 2702 R2.
2300 2652 2582 2717 HyrienseS,

332 2716 393 2781 β.
441 2761 504 2769 ....
546 2718 829 2780 Datienses,
851 2718 899 2767 N
916 2722 943 2766 ¹.
990 2758 1054 2767 -
1101 2715 1385 2778 tetrarchia,
1410 2718 1483 2764 a².
1526 2715 1788 2776 Hikarcia,
1811 2716 2004 2768 RDa1.
2053 2716 2281 2780 hilar-cia,
2306 2723 2354 2771 d.
2394 2763 2457 2771 -
2504 2738 2582 2784 ex,

334 2790 407 2837 οἳ.
463 2796 524 2848 et,
548 2788 782 2837 RDa1d.
829 2824 889 2834 ...
938 2784 1300 2845 conterminata,
1326 2786 1373 2834 d.
1411 2823 1475 2832 -
1511 2781 1800 2844 civitatium,
1825 2783 1930 2832 Ra.
1983 2784 2244 2847 civitatum,
2268 2784 2477 2853 Ddssr.
2516 2830 2580 2839 .-

342 2852 586 2914 Thebasa,
608 2854 871 2903 RDTad.
917 2850 1208 2913 Thembasa,
1233 2865 1281 2900 σ.
1327 2852 1566 2911 Terbasa,
1588 2852 1797 2900 Barbar.
1821 2851 1899 2899 K·
1932 2850 2184 2915 Tembasa,
2206 2848 2286 2913 β.-
2302 2895 2367 2904 -
2417 2856 2581 2919 Hyde,

332 2920 491 2971 Hard.
545 2918 655 2981 Ide,
679 2922 809 2969 B¹a.
863 2918 999 2979 Idee,
1023 2921 1169 2968 32⁷1&
1222 2915 1399 2978 Ideae,
1421 2919 1531 2968 Dd.
1585 2916 1732 2977 Idea,
1756 2917 1847 2967 N2.
1898 2915 2077 2979 Idaea,
2110 2913 2294 2969 ewa.
2347 2921 2466 2982 Ida,
2489 2924 2579 2973 Nn

335 2986 509 3048 Sinde,
532 2988 743 3037 Barbar.
767 2981 824 3046 β.
872 3025 935 3033 .-
979 2984 1180 3034 veniunt
1202 3025 1267 3033 ....
1290 2982 1523 3049 oppidum
1561 2999 1661 3033 om.
1685 2985 1776 3035 Ru
1823 3022 1886 3032 -.
1933 2982 2145 3048 Milyae,
2177 2988 2373 3037 RDad
2405 2987 2578 3049 (codd.

331 3052 568 3116 Barbar.)
604 3052 789 3112 Neviae,
814 3066 862 3100 σ.
898 3049 1175 3112 Milienses,
1198 3052 1265 3101 K.
1302 3090 1366 3100 ..
1401 3048 1716 3110 Arichanda‚
1739 3050 1803 3099 R.
1836 3049 2144 3113 Aricandra,
2176 3045 2233 3102 θ.

402 3124 431 3185 §
457 3128 537 3171 96.
574 3118 887 3186 Pamphylia,
912 3135 1013 3169 om.
1038 3121 1101 3169 R.
1137 3159 1201 3168 -
1240 3127 1405 3179 antea,
1430 3119 1538 3167 Td.
1566 3157 1629 3166 -.
1666 3116 1915 3181 Mosopia,
1940 3119 1988 3166 d.
2015 3158 2079 3167 .-
2115 3128 2200 3179 est,
2224 3121 2373 3170 Tad.
2401 3120 2577 3173 Omitt.

331 3184 550 3252 RDssr.
598 3229 662 3238 -
707 3185 891 3248 Cilicio,
916 3188 1005 3235 ad.
1050 3185 1189 3245 Gilia,
1214 3187 1365 3235 R¹D.
1416 3182 1639 3243 Ciliciae,
1663 3186 1754 3234 R2.
1803 3224 1867 3233 .-
1920 3182 2128 3248 Oppida,
2164 3202 2209 3235 a.
2256 3186 2380 3252 oppi,
2404 3189 2579 3240 BDd.

339 3254 537 3321 Oppida
562 3257 684 3315 eius,
707 3251 809 3318 βγ.
863 3295 927 3304 -
981 3250 1117 3313 Side,
1141 3254 1351 3302 Barbar.
1374 3254 1447 3300 αἳ.
1502 3249 1654 3312 Sada,
1678 3252 1917 3301 RDa¹d.
1971 3293 2036 3301 ....
2089 3253 2306 3315 montem,
2340 3257 2474 3305 Rd1.
2513 3298 2577 3307 .-

331 3321 626 3388 Aspendum,
648 3324 698 3373 R
717 3315 977 3371 ODTad.
1013 3320 1283 3385 Aspendum
1308 3319 1443 3369 Pint.
1460 3314 1519 3379 β.
1546 3359 1609 3367 -.
1633 3318 1974 3381 Pletenissum‚
1993 3320 2151 3369 Hard.
2185 3320 2574 3385 Plantanistum,

329 3391 594 3441 RDTad.
629 3387 983 3445 Platanistum‚
1015 3380 1113 3436 θσ.
1148 3385 1477 3446 Platanistus,
1501 3382 1558 3447 β.
1594 3426 1659 3435 ...
1697 3384 1986 3450 Sar-pessus,
2004 3388 2069 3437 K.
2108 3429 2172 3445 .,-.
2207 3389 2575 3451 Amnes,Dad.

330 3454 516 3517 Amnis,
539 3452 655 3517 Ββ.
692 3497 756 3507 ....
800 3453 1107 3514 Cataractes,
1124 3456 1333 3504 Barbar.
1352 3454 1506 3504 Dad.
1546 3449 1866 3515 cataractus,
1884 3456 1947 3505 R.
1987 3452 2238 3518 Caractes,
2258 3470 2306 3506 σ.
2345 3497 2408 3505 ....
2444 3455 2578 3521 Lyr-

330 3539 490 3585 nesus,
513 3527 576 3575 R.
611 3522 914 3586 Lyrnessus‚
937 3523 1071 3572 Pint.
1095 3522 1146 3571 D
1160 3537 1191 3571 a
1199 3516 1244 3581 ,Β
1252 3535 1302 3585 γ.
1337 3519 1600 3584 Lyrsenos,
1624 3522 1728 3570 Td.
1767 3561 1831 3570 .-
1866 3537 1984 3572 orae
2006 3522 2132 3584 εἰπε,
2155 3525 2203 3573 d.

399 3589 429 3650 δ
456 3594 537 3641 97.
583 3589 827 3650 Iunctum,
850 3590 958 3639 RD
971 3591 1058 3639 ad.
1103 3587 1325 3638 Iunctum
1348 3588 1407 3648 ei,
1430 3584 1531 3652 βγ.
1581 3629 1645 3638 -
1690 3596 1859 3638 vastos
1879 3589 2032 3649 sinus,
2055 3590 2128 3639 ita
2149 3606 2245 3640 nos
2270 3592 2574 3654 scripsimus.

332 3665 506 3707 vastus
536 3659 686 3718 sinus,
719 3651 979 3715 RDadss.
1032 3664 1220 3705 vastum
1252 3655 1425 3713 sinum,
1456 3656 1614 3706 Hard.
1647 3670 1696 3719 r.
1749 3658 1818 3706 Et
1850 3656 1904 3706 id
1937 3658 2141 3719 quidem
2171 3657 2418 3707 Harduin.
2441 3666 2578 3708 recte

330 3724 504 3784 sensit,
528 3727 629 3774 duo
652 3725 781 3774 haec
803 3724 1055 3773 vocabula
1076 3725 1293 3786 pendere
1316 3739 1349 3772 a
1372 3721 1702 3784 disterminat,
1726 3738 1844 3773 cum
1865 3723 2221 3786 inter-punctim
2256 3725 2420 3787 qualis
2456 3725 2509 3774 in
2529 3722 2575 3787 β

332 3799 515 3853 exstat,
539 3793 689 3855 plene
710 3806 847 3854 pone
870 3791 999 3840 haec
1019 3791 1270 3839 vocabula
1300 3790 1468 3853 posita
1499 3791 1730 3853 ineptum
1761 3805 1966 3840 sensum
1994 3790 2192 3851 fundat,
2226 3792 2371 3854 quasi
2403 3801 2574 3841 vastus

329 3860 467 3909 sinus
491 3868 581 3908 aut
602 3873 792 3907 nomen
815 3873 962 3907 suum
985 3874 1017 3907 a
1037 3858 1199 3920 Lycia
1220 3858 1406 3906 habeat
1428 3865 1518 3906 aut
1540 3857 1657 3906 inde
1680 3859 1995 3918 extendatur,
2013 3872 2130 3905 cum
2148 3860 2317 3920 potius
2334 3873 2574 3922 promon-

328 3927 519 3976 torium
537 3926 901 3977 Chelidonium
918 3940 947 3974 e
964 3927 1135 3975 Tauro
1160 3927 1425 3976 decurrens
1443 3924 1591 3973 illum
1608 3924 1776 3973 sinum
1798 3939 1830 3972 a
1850 3924 2011 3987 Lycia
2033 3925 2279 3987 seiungat.
2305 3924 2406 3975 Sed
2424 3928 2571 3975 nimi-

328 4009 418 4044 um
438 3994 645 4044 recessit
662 4009 694 4042 a
710 3993 958 4057 scriptura
977 3993 1206 4041 omnium
1214 3992 1461 4041 librorum
1470 3991 1647 4050 Hard.,
1659 4004 1761 4052 qua
1768 3992 1948 4040 leniter
1964 3992 2231 4041 immutata
2247 4007 2344 4042 nos
2370 3995 2573 4044 demum

328 4063 503 4111 locum
527 4062 820 4111 emendasse
841 4060 990 4109 nobis
1012 4060 1254 4110 videmur.
1301 4098 1364 4107 -
1410 4056 1737 4117 disterminat,
1761 4058 1868 4107 RD
1882 4061 1956 4108 ad
1991 4056 2130 4120 (libri
2155 4060 2386 4110 meliores
2411 4069 2461 4109 et
2483 4076 2570 4110 ve-

332 4129 567 4179 tustiores
599 4143 681 4192 ap.
715 4128 931 4179 Salmas.
964 4142 1129 4178 exere.
1160 4141 1211 4190 p.
1248 4131 1359 4176 548.
1394 4141 1439 4175 a.
1470 4123 1561 4187 Β.)
1614 4124 2008 4187 disterminatur,
2040 4144 2066 4176 r
2098 4123 2289 4188 (Rob.)
2332 4127 2570 4178 Ceterum

328 4197 459 4245 haec
490 4204 693 4260 sumpta
724 4205 860 4245 sunt-
875 4209 941 4245 ex
974 4195 1115 4246 Mela
1146 4195 1189 4244 Ι.
1218 4199 1295 4254 15,
1322 4199 1387 4254 2.,
1410 4193 1783 4256 exscripserunt
1804 4193 1963 4245 Solin.
1989 4199 2071 4255 38,
2099 4200 2228 4247 lo...
2256 4200 2336 4247 13.
2361 4201 2413 4247 et
2431 4197 2569 4247 Mar-
2611 4197 2616 4202 “

329 4263 450 4314 tian.
478 4270 524 4326 6,
551 4270 664 4314 683.
705 4304 764 4323 —.
804 4265 955 4326 terra‘,
978 4263 1066 4313 R'.
