2961 4861
450 345 608 386 XLIV
644 370 649 371 ν
1380 338 1761 381 PRAEFATIO.

450 495 779 577 subsidium
813 495 993 571 vulgo
1032 492 1312 553 dicantur.
1363 490 1575 569 Neque
1615 508 1727 567 ego
1768 491 2034 550 laborem
2070 490 2248 550 taedii
2288 491 2722 568 plenissimum

449 605 860 676 reformidem,
920 603 1234 679 quominus
1281 601 1581 669 vincentii
1636 600 1943 678 speculum
1998 601 2270 666 naturale
2320 620 2398 659 ex
2445 601 2726 659 editione

448 715 708 792 principe
734 711 1054 771 Mentclina
1080 710 1219 768 anni
1252 705 1459 782 1476„
1499 727 1618 784 qua
1655 709 1785 768 sola
1819 710 1898 768 ad
1924 726 2098 769 usum
2125 709 2392 768 criticum
2419 709 2509 767 uti
2537 708 2714 780 licet,

451 841 563 900 per
605 829 737 882 octo
785 821 968 878 libros
1006 818 1231 895 priores
1271 837 1404 876 cum
1439 817 1635 877 Plinio
1683 817 2012 894 conferrem
2060 818 2372 893 variasque
2421 818 2721 877 lectiones

451 931 587 990 inde
616 936 920 1005 excerptas
947 927 1197 1001 margini
1223 927 1479 1003 exempli
1504 927 1622 985 mei
1651 926 2076 986 ‘adscriberem.
2128 927 2464 986 Proventus
2505 926 2725 985 varia.-

453 1057 588 1097 rum
624 1037 940 1096 lectionum
980 1054 1120 1094 sane
1154 1036 1358 1113 ingens
1400 1042 1528 1094 erat
1540 1077 1560 1107 ‚
1610 1035 1836 1094 fructus
1878 1043 2075 1095 autem
2121 1053 2407 1111 perquam
2456 1035 2725 1111 exiguus

456 1156 580 1220 aut,
621 1147 673 1205 si
710 1163 919 1205 verum
967 1145 1157 1204 dicere
1198 1146 1498 1224 volumus,
1539 1145 1761 1204 nulluS.
1825 1145 1989 1206 Usus
2019 1144 2171 1202 enim
2212 1151 2305 1202 est
2330 1142 2722 1215 vincentiae,

459 1257 560 1332 qui
594 1255 783 1314 medio
820 1254 1053 1314 saeculo
1095 1253 1277 1312 XIII.
1317 1271 1464 1329 opus
1507 1271 1679 1312 suum
1716 1254 2080 1330 conscripsit,
2116 1249 2298 1310 Plinii
2334 1252 2535 1310 codice
2574 1269 2724 1309 cor-

457 1366 797 1443 ruptissimo
809 1407 829 1438 ,
884 1363 1085 1422 multis
1135 1363 1282 1422 locis
1324 1362 1683 1437 interpolato
1727 1360 1815 1438 (id
1864 1362 2024 1438 quod
2072 1362 2194 1418 iam
2231 1380 2307 1419 ex
2346 1360 2582 1417 duabus
2619 1359 2724 1417 le-

461 1473 746 1532 ctionibus
794 1473 904 1531 sibi
949 1471 1232 1547 appositis
1271 1448 1461 1546 patet,
1501 1472 1593 1529 uti
1629 1466 1694 1543 2,
1729 1466 1871 1530 193.
1909 1474 2209 1548 fremente,
2248 1471 2397 1527 alias
2425 1471 2718 1545 fervente,

461 1577 568 1654 33,
601 1576 745 1640 129.
783 1582 1093 1657 exsculptis
1133 1583 1220 1639 vel
1256 1574 1532 1656 empulsis,
1585 1574 1691 1651 36,
1725 1573 1868 1638 165.
1898 1581 2247 1655 persenices,
2288 1578 2438 1634 alias
2470 1586 2723 1652 paster-

462 1693 635 1761 m'ces,
676 1683 779 1762 37,
810 1682 914 1749 89.
944 1690 1302 1765 interpellari
1334 1690 1421 1748 vel
1458 1691 1817 1765 interpolari,
1856 1682 1961 1758 37,
1997 1680 2141 1745 120.
2172 1687 2389 1762 cyanei,
2428 1685 2580 1742 alias
2618 1702 2723 1743 re-

465 1793 651 1880 sani),
692 1799 908 1857 multas
936 1815 1125 1856 novas
1151 1798 1429 1856 lectiones
1456 1797 1666 1868 malas,
1705 1796 1887 1853 bonas
1916 1800 1975 1852 et
2002 1795 2078 1852 ab
2109 1793 2403 1852 codicibus
2431 1793 2562 1850 aliis
2593 1811 2722 1849 non

465 1908 875 1982 comprobatas
912 1905 1110 1962 nullas
1152 1905 1478 1976 exhibente,
1521 1911 1581 1962 et
1614 1911 1925 1980 practerea
1963 1909 2158 1960 tantas
2197 1902 2261 1959 in
2298 1898 2492 1959 verbis
2529 1898 2723 1958 Plinii

464 2012 818 2071 mutationes
848 2012 959 2071 sibi
985 2010 1247 2085 indulsit,
1290 2019 1360 2070 ut
1392 2012 1511 2069 iam
1548 2014 1660 2070 hac
1698 2030 1775 2069 ex
1801 2028 1979 2070 causa
2005 2012 2323 2069 auctoritas
2352 2009 2483 2066 eius
2513 2008 2725 2067 critica

465 2119 590 2180 fere
615 2137 861 2197 prorsus
891 2121 969 2179 sit
995 2120 1340 2195 spernenda.
1392 2119 1624 2194 Neque,
1668 2128 1832 2196 put0,
1871 2119 1984 2178 viri
2009 2119 2167 2176 docti
2194 2137 2328 2176 eum
2355 2117 2508 2175 tanti
2546 2113 2723 2175 fecis-

469 2237 620 2300 sent,
650 2230 705 2287 si
731 2230 968 2304 cognita
994 2227 1354 2301 habuissent,
1395 2230 1698 2305 quae‘ipse
1723 2227 2073 2287 Vincentius
2109 2228 2171 2286 in
2206 2227 2453 2303 prologo
2491 2226 2724 2302 speculi

470 2336 786 2397 historialis
813 2333 913 2397 10.
943 2339 1016 2396 de
1041 2338 1269 2396 ratione
1297 2339 1647 2415 excerpendi
1674 2338 1984 2414 scriptores
2012 2344 2244 2395 veteres
2273 2343 2365 2393 est
2390 2333 2723 2393 confessus.

468 2449 626 2507 Dicit
662 2448 844 2507 enim:
903 2445 1053 2520 „Sic
1093 2466 1222 2525 eg0,
1269 2448 1403 2506 licet
1430 2448 1620 2507 omnis
1647 2465 1857 2507 revera
1893 2446 2181 2505 mendacii
2218 2446 2572 2515 detestator,
2614 2462 2727 2501 nec

472 2557 743 2634 propriae
783 2557 1020 2633 quidem
1057 2556 1442 2616 conscientiae
1483 2556 1728 2615 stimulo
1760 2557 2146 2626 remordente,
2191 2572 2304 2612 nec
2336 2553 2586 2611 istorum
2624 2570 2726 2611 ca-

472 2666 697 2724 lumnia
734 2668 1084 2735 deterrente,
1137 2672 1198 2722 et
1232 2666 1306 2723 de
1346 2659 1609 2725 flosculis
1652 2664 1989 2723 Aristotelis
2032 2671 2092 2721 et
2127 2665 2197 2722 de
2234 2665 2434 2722 ceteris
2474 2680 2616 2737 quos
2661 2664 2725 2719 in

474 2774 576 2831 hoc
618 2790 783 2849 opere
818 2791 928 2848 per
969 2775 1198 2832 diversa
1233 2770 1492 2850 capitula
1532 2777 1752 2833 inserui
1784 2780 1845 2831 et
1883 2772 2139 2850 propriis
2176 2780 2488 2830 auctorum
2527 2771 2728 2828 nomi-

475 2882 649 2940 nibus
689 2881 998 2951 annotavi3
1041 2887 1100 2937 et
1136 2881 1187 2938 si
1226 2880 1476 2939 forsitan
1511 2899 1588 2939 ex
1624 2882 1821 2956 aliqua
1858 2898 2164 2940 causarum
2205 2880 2636 2958 praedictarum
2665 2880 2731 2937 in

476 2990 773 3067 plerisque
813 2990 954 3049 locis
991 2989 1214 3064 aliquid
1251 2983 1688 3048 immutaverim
1727 2991 1799 3047 de
1840 2991 2146 3066 superficie
2190 2987 2286 3048 vel
2332 2988 2533 3047 ordine
2584 3007 2728 3046 ver-

475 3102 687 3160 borum
702 3095 790 3180 ³⁸⁵),
832 3101 1107 3159 audacter
1146 3106 1345 3158 tamen
1382 3108 1440 3157 et
1476 3099 1728 3158 scribam
1756 3106 1817 3156 et
1855 3100 2046 3157 dicam
2088 3097 2241 3155 hanc
2270 3097 2366 3156 vel
2392 3096 2559 3155 illam
2589 3113 2728 3155 sen-

476 3210 717 3268 tentiam
765 3209 929 3268 illius
977 3210 1229 3269 auctoris
1278 3228 1410 3267 esse
1424 3250 1444 3281 ,
1498 3209 1665 3268 cuius
1704 3208 1922 3266 scilicet
1957 3223 2169 3265 nomen
2207 3206 2269 3263 in
2315 3205 2488 3264 titulo
2538 3205 2729 3263 conti-

477 3313 713 3376 netur.''
758 3317 940 3376 Recte
965 3318 1145 3391 igitur
1171 3316 1582 3375 Beckmannus
1611 3317 1671 3375 in
1699 3316 1853 3374 libro
1881 3315 2193 3392 inscripto:
2237 3315 2484 3374 Vorrath
2514 3315 2733 3372 kleiner

478 3424 937 3500 Anmerkunqen,
981 3424 1058 3482 T.
1087 3425 1171 3482 H.
1207 3443 1268 3498 p.
1299 3420 1446 3483 368.
1487 3424 1549 3481 in
1575 3423 1886 3483 Vincentio
1925 3425 2146 3481 utendo
2188 3439 2477 3481 summam
2506 3420 2733 3479 cautio-

480 3550 615 3591 nem
644 3531 856 3590 criticis
886 3531 1333 3603 commendavit,
1378 3549 1564 3606 eoque
1599 3534 1792 3592 minus
1832 3551 1941 3610 ego
1977 3533 2039 3590 in
2065 3533 2266 3591 labore
2291 3531 2395 3589 illo
2419 3529 2569 3587 mihi
2595 3546 2732 3605 per·

482 3641 741 3717 gendum
779 3658 907 3699 esse
943 3641 1252 3717 putabam,
1293 3657 1411 3714 quo
1449 3641 1735 3700 minorem
1772 3641 2081 3701 utilitatem
2122 3641 2432 3699 habiturus
2468 3655 2600 3696 esse
2640 3637 2734 3696 vi-

482 3753 749 3824 debatur,
796 3751 907 3810 nisi
936 3749 1130 3807 omnia
1156 3758 1432 3825 excerpta
1460 3750 1567 3808 illa
1596 3751 2008 3809 commentario
2037 3769 2169 3809 meo
2195 3750 2533 3818 insererem,
2573 3746 2736 3820 quod

552 3948 606 4012 ¹⁸¹)
651 3949 955 4014 Saepissime
989 3949 1091 3999 hoe
1130 3947 1323 4001 factum
1357 3964 1465 4001 esse
1500 3950 1603 4000 iam
1637 3950 1753 3999 inde
1787 3950 2043 4011 docemur,
2090 3949 2230 4013 quod
2272 3948 2326 3998 in
2362 3948 2541 3998 iisdem
2573 3946 2736 3997 Plinii

483 4034 647 4086 verbis
690 4035 759 4084 ob
804 4040 964 4083 certas
1007 4046 1183 4083 causas
1217 4050 1249 4084 a
1281 4033 1556 4084 Vincentio
1602 4032 1805 4083 diversis
1847 4033 1975 4083 locis
2018 4032 2096 4083 bis
2142 4038 2278 4082 terve
2310 4031 2488 4096 positis
2521 4044 2734 4093 magnas

487 4119 629 4170 haud
660 4135 774 4169 raro
811 4119 1122 4171 diversitates
1157 4119 1592 4183 deprehendimus,
1638 4133 1767 4182 quae
1811 4119 1898 4167 uni
1932 4116 2008 4167 illi
2044 4117 2346 4168 immutandi
2381 4116 2613 4166 licentiae
2650 4130 2732 4165 ac-

490 4209 664 4266 ceptae
698 4201 994 4253 referuntur.
1568 4215 1572 4222 ’
