2961 4861
862 317 1002 364 Lm.
1034 318 1108 364 11.
1173 316 1327 365 cAP.
1362 319 1490 364 x11.
1522 319 1678 365 x111.
1738 319 1934 366 sacr.
1965 322 2002 364 9.
2036 324 2094 364 ιο.
2470 307 2590 368 119

298 467 694 553 (quoniam
735 467 828 533 ita
869 469 1192 554 appellare
1233 467 1510 553 placuit)
1563 468 1815 535 labores
1858 494 1986 537 non
2030 493 2184 537 suae
2227 447 2593 537 necessitati

295 569 644 642 mortalis
674 569 926 657 genitos
955 569 1292 656 ignoscat?
1349 567 1541 634 Nunc
1584 570 1878 636 confessa
1920 572 2001 636 de
2044 572 2272 636 iisdem
2313 572 2592 638 breviter

302 680 552 754 atque
595 669 988 756 capitulatim
1028 669 1361 757 attingam,
1406 670 1651 736 ratione
1693 671 2036 738 admodum
2079 673 2455 737 necessariis
2496 675 2590 737 lo-

304 770 433 835 cis
493 771 894 854 strictimque
935 770 1187 838 reddita
1203 794 1221 847 3
1281 794 1432 835 nam
1472 793 1684 854 neque
1724 772 1999 837 instituti
2043 772 2257 857 operis
2301 773 2445 840 talis
2489 796 2594 837 ar-

298 871 759 959 gumentatio
802 881 901 935 est
923 918 942 949 ,
1000 894 1210 955 neque
1261 871 1546 937 omnium
1575 894 1814 966 *rerum
1855 872 2096 937 adferri
2138 895 2328 957 posse
2372 896 2597 940 causas

308 971 570 1037 minus
611 967 844 1036 miru'm
886 982 989 1048 est
1028 994 1221 1055 quam
1264 983 1554 1037 constare
1597 972 1664 1037 in
1706 973 1954 1057 aliquis.
2103 987 2114 994 “

426 1070 643 1136 ΧΙΠ.
712 1073 813 1137 10.
857 1072 1177 1137 Defectus
1208 1089 1489 1137 ccxxn1
1517 1074 1842 1139 mensibus
1883 1075 2093 1141 redire
2135 1075 2204 1138 in
2233 1097 2382 1141 suos
2424 1075 2595 1142 orbis
2626 1097 2687 1141 56

316 1184 607 1239 eertum
651 1184 751 1240 est
771 1220 790 1250 ,
853 1172 1002 1238 solis
1060 1173 1353 1239 defectus
1408 1197 1537 1240 non
1578 1175 1702 1239 nisi
1744 1175 2089 1240 novissima
2129 1176 2415 1261 primave
2456 1177 2597 1241 fieri

318 1276 513 1339 luna
528 1322 546 1351 ‚
592 1274 768 1358 quod
802 1284 1036 1338 vocant
1064 1275 1320 1353 coitum,
1366 1276 1557 1340 hmae
1600 1286 1816 1342 autem
1857 1295 1986 1342 non
2027 1278 2150 1341 nisi
2193 1279 2386 1361 plena
2427 1300 2596 1342 sem-

320 1396 603 1460 perque
662 1375 823 1440 citra
875 1397 1067 1457 quam
1120 1398 1430 1459 proxume
1474 1376 1747 1453 fuerint3
1815 1378 2111 1443 omnibus
2155 1389 2372 1443 autem
2415 1380 2597 1443 annis

325 1475 498 1542 fieri
539 1475 871 1559 utriusque
900 1475 1128 1541 sideris
1159 1476 1452 1542 defectus
1483 1476 1663 1541 statis
1694 1477 1919 1543 diebus
1948 1478 2247 1562 horisque
2280 1479 2398 1544 sub
2429 1492 2599 1544 terra

325 1599 481 1641 nec
524 1586 758 1652 tamen,
803 1599 952 1641 cum
994 1600 1267 1663 superne
1309 1578 1489 1653 fiant,
1539 1577 1780 1659 ubique
1825 1579 2019 1655 cerni,
2064 1580 2403 1663 aliquando
2444 1603 2596 1665 pro-

332 1688 504 1762 pter
560 1676 779 1741 nubila
801 1725 818 1756 ,
889 1679 1143 1763 saepius
1203 1677 1398 1764 globo
1458 1687 1667 1740 terrae
1729 1676 2023 1742 obstante
2090 1680 2598 1745 convexitatibus

333 1778 602 1842 mundi.
667 1777 846 1842 Intra
888 1778 1197 1842 ducentos
1225 1798 1425 1842 annos
1452 1776 1814 1861 Hipparchi
1843 1778 2191 1864 sagacitate
2222 1790 2598 1863 conpertum
2627 1800 2689 1847 57

341 1890 462 1945 est
504 1890 569 1943 et
610 1880 801 1944 lunae
845 1878 1171 1943 defectum
1214 1878 1555 1962 aliquando
1601 1876 1823 1968 quinto
1863 1891 2086 1941 mense
2128 1901 2167 1942 a
2192 1877 2407 1962 priore
2434 1880 2595 1959 fieri,
2655 1921 2660 1926 -

342 1980 511 2045 solis
557 2000 710 2044 vero
755 1989 1051 2064 septumo
1068 2001 1087 2054 3
1133 1978 1410 2043 eundem
1449 1978 1551 2043 bis
1593 1978 1662 2042 in
1693 1978 1955 2064 triginta
1984 1976 2210 2043 diebus
2241 2002 2436 2065 supra
2466 1993 2596 2056 ter-

340 2103 465 2145 ras
517 2080 823 2158 occultari
876 2080 994 2144 sed
1044 2079 1126 2145 ab
1179 2078 1321 2143 aliis
1372 2078 1495 2143 hoc
1548 2080 1721 2144 cerni
1744 2127 1762 2157 ‚
1825 2100 2114 2163 quaeque
2167 2091 2317 2144 sunt
2365 2082 2433 2145 in
2474 2082 2599 2147 hoc

343 2182 662 2246 miraculo
704 2203 1003 2245 maxume
1043 2181 1206 2244 mira
1227 2228 1247 2258 ,
1294 2202 1440 2245 cum
1485 2180 1822 2246 conveniat
1861 2180 2089 2245 umbra
2133 2190 2339 2247 terrae
2379 2184 2598 2248 lunam

343 2282 648 2349 hebetari
670 2327 688 2359 ,
744 2303 916 2346 nunc
967 2281 1050 2346 ab
1103 2302 1368 2345 occasus
1420 2291 1605 2365 parte
1646 2280 1770 2348 hoc
1812 2281 1871 2347 ei
1913 2281 2202 2376 accidere
2226 2330 2245 2359 ,
2298 2306 2473 2348 nunc
2516 2284 2598 2349 ab

350 2393 643 2462 exortus,
691 2404 966 2467 quanam
1006 2381 1274 2460 ratione,
1327 2403 1473 2446 cum
1519 2382 1669 2448 solis
1713 2391 1941 2446 exortu
1982 2382 2232 2448 umbra.
2250 2382 2359 2449 illa
2400 2382 2598 2450 hebe-

351 2485 559 2549 tatrix
601 2485 721 2550 sub
768 2495 943 2548 terra
982 2506 1125 2549 esse
1150 2483 1402 2548 ,debeat
1423 2530 1440 2560 ,
1503 2483 1703 2547 semel
1741 2483 1871 2546 iam
1914 2482 2220 2548 acciderit
2261 2494 2334 2548 ut
2375 2486 2444 2551 in
2485 2508 2597 2551 oc-

351 2607 515 2650 casu
564 2570 721 2651 luna<
768 2584 1072 2666 deficeret
1121 2592 1391 2668 utroque
1444 2605 1643 2668 super
1699 2593 1933 2647 terram
1976 2585 2319 2670 conspicuo
2364 2585 2596 2652 sidere.

349 2685 527 2750 Nam
553 2695 627 2750 ut
653 2707 749 2749 xv
784 2685 1010 2751 diebus
1051 2695 1396 2772 utrumque
1441 2678 1620 2749 sidus
1649 2695 2068 2768 quaereretur
2097 2696 2162 2751 et
2188 2696 2408 2751 nostro
2440 2710 2600 2754 aevo

357 2926 557 2990 adfixit,
588 2926 652 2975 Τ.
690 2965 753 2973 ...
787 2923 972 2985 Macte,
995 2924 1187 2974 R¹d¹r.
1226 2964 1288 2972 -.
1327 2932 1384 2982 et,
1407 2924 1466 2973 P.
1514 2964 1576 2972 .-
1625 2932 1852 2982 naturae,
1887 2937 1989 2972 om.
2014 2925 2104 2974 R'.
2154 2965 2217 2974 -.
2262 2926 2601 2989 imperatores,

358 3007 410 3042 σ.
448 3032 512 3041 -
550 2990 797 3054 vinxistis,
818 2992 1045 3042 Pint.—K.
1085 3032 1148 3040 -
1185 3000 1243 3053 et,
1268 3006 1368 3040 om.
1394 2992 1465 3040 a¹.
1507 3031 1570 3039 .-
1608 2998 1792 3048 status,
1825 2990 1943 3038 BP.
1992 3030 2055 3037 -.
2102 2989 2365 3054 appellare
2394 2990 2601 3054 placuit,

360 3061 510 3110 Rad.
542 3057 742 3123 placuit
760 3056 1037 3124 appellare,
1059 3053 1214 3122 Pssr.
1252 3098 1316 3105 -
1354 3059 1667 3119 necessitate,
1690 3058 1754 3106 R.
1794 3094 1857 3103 -.
1895 3053 2125 3104 mortales
2148 3056 2360 3119 qenitos,
2395 3053 2601 3109 RGad.

360 3124 583 3176 mortalis
619 3128 826 3190 yenitus,
865 3126 910 3176 P
919 3121 964 3187 β
970 3140 1021 3190 r.
1073 3125 1288 3188 qemitus,
1329 3137 1378 3172 σ.
1418 3163 1482 3171 -.
1519 3129 1771 3185 agnoscat,
1812 3122 1988 3170 Dalec.
2037 3161 2100 3170 .....
2145 3123 2385 3186 confesse,
2428 3127 2490 3175 P.
2539 3166 2601 3174 -.

361 3191 566 3254 hisdem3
590 3195 707 3245 BP.
747 3234 810 3243 -.
848 3195 1094 3252 rationem,
1117 3192 1182 3240 R.
1223 3230 1285 3238 -.
1322 3189 1661 3251 ετνίηοίίηῑᾳιιε,
1683 3187 1744 3237 P.
1785 3225 1849 3234 ...
1884 3189 2120 3251 eorporis,
2143 3190 2202 3239 P.
2243 3230 2307 3238 .-
2342 3200 2431 3240 aut
2454 3208 2602 3256 ατρα-

360 3259 510 3309 menti
533 3260 685 3321 ratio,
708 3277 747 3309 r.
787 3300 851 3308 .-
887 3257 1094 3322 afferri,
1117 3259 1223 3307 ΒΤ
1234 3251 1328 3305 GP
1342 3259 1430 3305 ad.
1468 3257 1674 3319 afferre,
1696 3249 1754 3314 β.
1780 3293 1843 3302 -.
1873 3269 2041 3318 posse,
2067 3270 2167 3305 om.
2187 3257 2278 3307 ΕΙ.
2311 3297 2366 3305 -.
2395 3256 2603 3322 aliquis,

360 3327 517 3375 RPa.
555 3325 772 3388 aliquos,
798 3329 844 3375 d.
881 3323 1146 3388 aliquibuS,
1169 3320 1272 3387 βγ.
1308 3324 1429 3373 Vid.
1455 3325 1522 3372 ad
1545 3329 1628 3382 33,
1653 3327 1736 3372 48.

431 3395 461 3455 ξ
489 3398 567 3442 56.
610 3389 934 3452 CCXXIII,
956 3384 1339 3442 RTOPadro
1358 3387 1497 3452 (cod.
1521 3388 1752 3440 Norfolc.
1788 3403 1867 3450 ap.
1902 3389 2106 3453 Halley.
2141 3391 2329 3453 philos.
2365 3399 2601 3442 transact.

370 3464 516 3508 1693.
539 3460 642 3508 vol.
672 3464 751 3510 17.
776 3475 825 3522 p.
855 3455 995 3520 536.)
1031 3456 1254 3506 ducentis
1280 3457 1462 3520 viqinti
1482 3458 1686 3516 άαοὸαε,
1709 3451 1768 3518 β.
1804 3456 1924 3506 vid.
1949 3458 2130 3507 Ideler.
2168 3459 2401 3508 chronol.
2436 3461 2601 3509 math.

369 3531 415 3586 1,
441 3531 555 3575 208.
582 3533 633 3574 et
664 3526 834 3575 Hand.
865 3526 1082 3575 Tursell.
1116 3531 1164 3585 2,
1191 3530 1272 3575 85.
1311 3564 1374 3575 ....
1410 3523 1549 3585 solis,
1572 3526 1674 3574 ΒΡ
1687 3528 1819 3586 adp.
1857 3522 2093 3588 solisque,
2115 3520 2217 3589 βγ.
2258 3566 2321 3574 .-
2358 3526 2603 3589 defectus,

363 3587 551 3656 BOap
576 3588 838 3656 (Robert.)
875 3591 1117 3655 dffessus,
1138 3593 1200 3642 P.
1238 3589 1496 3655 defectum,
1522 3587 1667 3656 ᾱβγ.
1706 3632 1770 3641 ...
1806 3589 2005 3656 plenae,
2037 3592 2097 3641 P.
2137 3632 2199 3640 -.
2239 3592 2403 3652 circa,
2436 3595 2497 3643 P.
2539 3634 2601 3642 -.

348 3660 584 3723 fuerint‚‘
607 3654 767 3709 Rea.
804 3661 973 3723 fiunt,
1016 3676 1064 3723 p.
1101 3660 1293 3723 suerit,
1332 3661 1421 3711 Pd
1460 3656 1723 3722 (Robert.)
1763 3654 1868 3723 βγ.
1923 3697 1988 3708 ..-
2043 3658 2211 3719 ειαιίε,
2253 3661 2327 3708 d'.
2382 3659 2603 3721 statutis,

363 3728 684 3790 RTPad2p
717 3724 979 3791 (Robert.)
1028 3768 1090 3775 ..
1136 3742 1347 3789 superne
1367 3729 1522 3792 fiant,
1557 3727 1708 3776 Rad.
1738 3726 1876 3790 fiant
1907 3739 2139 3788 superne,
2171 3727 2216 3775 P
2248 3722 2508 3786 (Robert.)
2542 3722 2602 3788 β.

347 3796 491 3857 fiunt
513 3809 743 3858 superne,
766 3796 876 3857 Kp.
914 3810 1121 3858 superne
1127 3795 1281 3857 fiunt,
1304 3808 1354 3858 r.
1393 3837 1456 3845 -.
1496 3796 1715 3845 obstante
1738 3808 1779 3854 e,
1802 3794 1868 3842 K.
1907 3834 1971 3842 .-
2007 3790 2417 3854 convexitatibus,
2451 3794 2602 3843 Rad.

362 3859 773 3922 connexitatibus,
796 3863 901 3926 Pp.
935 3878 1038 3911 eum
1061 3860 1364 3922 unitatibus,
1387 3864 1599 3912 Robcrt.
1953 3916 1960 3925 j

432 3926 462 3987 ᾖ
487 3932 566 3979 57.
603 3927 758 3990 Inter,
779 3929 839 3980 P.
879 3969 936 3977 -
977 3928 1181 3988 defectu,
1203 3929 1267 3978 R.
1307 3971 1364 3979 -
1405 3937 1563 3994 quoto,
1594 3928 1738 3978 13¹2..
1782 3964 1839 3974 ...
1879 3925 2163 3990 etpriorem,
2187 3928 2245 3976 P.
2285 3965 2348 3976 ....
2391 3926 2603 3988 eundem,

363 3989 706 4046 RTOPadr.
751 3996 967 4056 eandem,
998 3991 1056 4056 β.
1111 4034 1168 4042 -
1217 3997 1460 4060 sup,Pa.
1501 4031 1564 4041 -..
1602 3993 1665 4042 ab
1709 3989 1826 4042 aliis
1858 3992 1960 4052 hoc,
2002 3987 2365 4043 RSTOPad.
2414 3995 2477 4042 ab
2520 3994 2605 4044 hoc

364 4070 507 4126 atque
528 4060 665 4123 aliis,
688 4079 727 4112 r.
763 4065 828 4113 ab
852 4062 972 4113 aliis
993 4071 1135 4126 atque
1158 4060 1272 4112 aliis
1296 4059 1398 4122 hoc,
1420 4057 1525 4124 βγ.
1554 4099 1616 4107 .-
1651 4057 1950 4120 conveniant,
1974 4059 2035 4108 P.
2069 4098 2119 4107 ...
2152 4068 2196 4109 et
2218 4075 2354 4119 nunc,
2377 4060 2514 4110 Pint.
2543 4100 2601 4109 .-

368 4126 471 4189 hoc,
494 4144 594 4179 om.
619 4129 678 4179 P.
718 4168 775 4178 -
816 4146 1058 4193 quanam,
1092 4129 1354 4178 RTPad.
1393 4136 1439 4178 et
1475 4142 1701 4191 quanam,
1735 4120 1837 4189 βγ.
1879 4164 1934 4174 ...
1967 4125 2216 4186 ‘at-cidere,
2250 4127 2308 4176 P.
2364 4128 2606 4187 accedere,

367 4197 466 4245 ΒΚ
508 4235 562 4245 ..
605 4204 778 4258 terra-s,
803 4197 865 4247 Τ.
906 4238 967 4247 ..
1006 4196 1144 4255 utin,
1171 4196 1218 4245 d.
1260 4237 1321 4244 .-
1359 4193 1491 4255 XV,
1536 4186 1928 4245 RSTOPadr.
1986 4190 2249 4255 duodecim,
2291 4189 2350 4255 β.
2394 4232 2440 4242 ...
2490 4208 2607 4258 que-

369 4271 511 4324 retur,
545 4264 605 4314 P.
