2961 4861
886 328 1027 374 Lm.
1059 328 1159 375 111.
1218 326 1374 375 car.
1406 328 1473 374 v.
1510 327 1602 374 v1.
1662 324 1858 374 sacr.
1892 330 1951 371 ιι.
1983 329 2043 371 12.
2454 309 2576 373 239

337 480 483 567 gnit
525 476 888 564 populantis
929 475 1280 541 Baliarium
1322 476 1568 541 messis.
1625 474 1795 540 Sunt
1836 475 1998 542 aliae
2040 493 2140 539 xx
2184 474 2385 541 ferme
2425 498 2576 562 par-
2608 496 2671 542 79

340 601 460 644 vae
502 577 663 641 mari
707 577 966 655 vadoso,
1013 573 1267 642 Galliae
1295 586 1511 642 autem
1554 599 1666 641 ora
1695 576 1764 640 in
1791 574 2086 641 Rhodani
2115 576 2278 641 ostio
2306 574 2578 654 Metina,

337 701 489 743 mox
518 700 683 762 quae
711 675 988 744 Blascon
1021 687 1304 755 vocatur,
1352 687 1418 743 et
1460 688 1592 741 tres
1621 673 2015 742 Stoechades
2058 700 2098 741 a
2140 676 2365 742 vicinis
2392 676 2576 743 Mas·
2676 716 2687 730 ι

340 779 706 844 siliensibus
761 779 969 842 dictae
1026 788 1290 863 propter
1344 778 1633 843 ordinem
1686 800 1813 862 quo
1869 780 2028 843 sitae
2081 789 2265 856 sunt3
2326 780 2583 843 nomina

344 881 614 969 singulis
666 879 860 945 Prote
879 927 896 956 ,
967 877 1154 944 Mese
1207 901 1373 963 quae
1427 890 1493 944 et
1541 878 1982 965 Pomponiana
2030 891 2327 958 vocatur,
2394 882 2584 945 tertia

339 981 638 1066 Hypaea.
692 979 802 1044 Ab
845 978 946 1043 his
991 976 1282 1043 Sturium
1300 1027 1318 1056 ,
1363 977 1719 1057 Phoenice,
1764 978 1972 1057 Phila,
2016 979 2191 1045 Lero
2237 990 2301 1044 et
2340 978 2583 1045 Lerina

341 1083 681 1147 adversum
726 1079 1108 1164 Antipolim,
1152 1080 1220 1143 in
1263 1102 1392 1164 qua
1433 1079 1762 1167 Vergoani
1806 1080 2029 1165 oppidi
2070 1081 2396 1145 memoria.

424 1183 543 1249 VI.
606 1183 707 1247 12.
752 1180 832 1245 In
873 1180 1214 1269 Ligustico
1256 1181 1417 1245 mari
1460 1191 1559 1246 est
1601 1180 1867 1246 Corsica
1909 1203 2099 1264 quam
2145 1178 2380 1248 Graeci
2411 1180 2580 1266 Cyr-
2610 1204 2676 1246 so

341 1308 469 1351 non
511 1283 937 1369 appellavere,
985 1282 1098 1347 sed
1142 1282 1355 1347 Tusco
1397 1282 1678 1368 propior,
1725 1304 1766 1345 a
1808 1283 2238 1367 septentrione
2280 1285 2347 1347 in
2390 1284 2583 1349 meri-

345 1385 516 1448 diem
542 1384 845 1469 proiecta,
891 1384 1086 1470 longa
1111 1404 1417 1467 passuum
1460 1402 1540 1444 GL
1582 1381 1780 1460 milia,
1824 1383 1957 1447 lata
1996 1384 2233 1449 maiore
2280 1405 2362 1447 ex
2402 1394 2585 1469 parte

345 1484 833 1571 quinquaginta,
879 1483 1151 1548 circuitu
1178 1502 1441 1546 cccxxv
1467 1505 1538 1546 u.
1593 1481 1805 1547 Abest
1844 1504 1885 1546 a
1914 1481 2122 1547 Vadis
2149 1483 2587 1549 Volaterranis

344 1607 480 1649 mm
534 1607 584 1647 M
640 1606 705 1669 p.
784 1581 1102 1648 Civitates
1153 1582 1349 1647 habet
1398 1603 1596 1644 xxxn
1663 1592 1728 1647 et
1794 1582 2074 1647 colonias
2129 1582 2492 1648 Marianam
2547 1607 2588 1648 a

348 1683 425 1749 C.
477 1683 690 1748 Mario
745 1683 1124 1760 deductam,
1178 1681 1468 1746 Aleriam
1523 1702 1562 1743 a
1615 1681 1923 1746 dictatore
1980 1679 2178 1747 Sulla.
2258 1680 2441 1747 Citra
2491 1694 2590 1747 est

348 1783 630 1872 Oglasa,
686 1783 857 1846 intra
912 1802 1064 1846 vero
1121 1792 1188 1846 et
1243 1780 1581 1868 sexaginta
1634 1780 1810 1845 milia
1864 1804 2174 1866 passuum
2228 1805 2268 1846 a
2326 1780 2591 1849 Corsica

346 1885 648 1950 Planaria
676 1906 716 1946 a
748 1882 961 1968 specie
992 1881 1183 1959 dicta,
1229 1881 1514 1965 aequalis
1551 1881 1715 1945 freto
1753 1881 2027 1965 ideoque
2064 1882 2342 1970 navigiis
2372 1884 2586 1949 fallax.

346 1985 644 2070 Amplior
699 1982 886 2071 Urgo
946 1993 1011 2047 et
1068 1979 1377 2067 Capraria
1442 2003 1631 2065 quam
1693 1977 1928 2047 Graeci
1983 1983 2285 2069 Aegiliou
2345 1985 2586 2062 dixere,
2617 2006 2676 2048 ει

348 2090 507 2153 item
558 2085 821 2174 Igilium
877 2094 944 2149 et
989 2082 1296 2150 Dianium
1347 2103 1541 2165 quam
1592 2080 2005 2148 Artemisiam
2020 2132 2038 2161 ,
2090 2085 2316 2151 ambae
2371 2096 2593 2151 contra

352 2186 682 2253 Cosanum
733 2186 907 2262 litus,
954 2194 1018 2249 et
1047 2181 1368 2269 Barpana,
1411 2178 1764 2260 Maenaria,
1813 2180 2242 2264 Columbaria,
2287 2185 2589 2265 Venaria,

351 2276 492 2355 Ilva
536 2312 682 2353 cum
724 2287 879 2352 ferri
919 2286 1190 2351 metallis
1206 2332 1224 2362 ,
1290 2284 1563 2349 circuitu
1605 2293 1860 2348 centum
1905 2285 2111 2361 milia,
2155 2309 2194 2349 a
2234 2285 2593 2373 Populonio

354 2391 612 2469 decem,
664 2413 705 2455 a
747 2387 1016 2456 Graecis
1056 2385 1361 2452 Aethalia
1416 2385 1623 2463 dicta3
1681 2384 1763 2450 ab
1808 2407 1884 2450 ea
1923 2384 2226 2451 Planasia
2265 2409 2482 2453 xxvm
2522 2412 2591 2454 M.

348 2491 459 2557 Ab
514 2492 617 2555 his
669 2492 837 2557 ultra
889 2489 1196 2554 Tiberina
1248 2486 1413 2550 ostia
1463 2485 1533 2549 in
1582 2484 1866 2550 Antiano
1913 2485 2191 2565 Astura,
2250 2509 2399 2553 mox
2440 2488 2591 2556 Pal-

419 2670 449 2731 ξ
487 2672 565 2717 79.
593 2666 811 2729 fer-mac,
843 2678 892 2713 σ.
929 2704 992 2711 -
1030 2671 1188 2711 autem
1219 2660 1340 2719 hinc,
1371 2659 1438 2709 Κ.
1478 2688 1542 2707 ’-
1581 2656 1789 2718 Metina,
1824 2661 1887 2710 R.
1937 2657 2170 2720 Metem‘a,
2206 2663 2310 2712 Td.
2357 2662 2594 2727 Metania,

352 2736 495 2785 codd.
521 2734 676 2783 Hard.
723 2729 1006 2794 Metapina,
1037 2729 1195 2778 Hard.
1223 2736 1273 2777 et
1293 2726 1549 2786 Danville,
1583 2728 1751 2775 notice
1777 2735 1870 2776 etc.
1896 2741 1944 2790 p.
1970 2733 2085 2777 460.
2126 2770 2187 2777 -
2223 2727 2462 2792 Βίαεοοη,
2495 2735 2593 2782 vid.

353 2802 554 2851 Arrian.
582 2801 813 2862 descript.
841 2812 912 2846 or.
936 2798 1099 2846 marit.
1129 2802 1243 2846 600.
1280 2792 1541 2854 Βῐαεοοηι,
1564 2794 1628 2843 Β..
1664 2790 1965 2856 Blascorum,
1990 2795 2096 2844 Td.
2137 2793 2430 2859 Blascomis,
2454 2813 2502 2848 σ.
2530 2840 2593 2860 ,-

353 2877 416 2928 et,
439 2869 605 2917 BTd.
644 2867 819 2916 Omitt.
844 2860 946 2926 βγ.
984 2903 1048 2911 .-
1087 2880 1195 2925 qao,
1220 2862 1324 2910 Τσ.
1363 2879 1496 2925 quos,
1522 2863 1570 2910 d.
1609 2878 1753 2924 qaas,
1777 2856 1936 2924 Rssr.
1976 2901 2038 2909 ..-
2077 2863 2205 2911 sitae
2226 2872 2353 2924 sunt,
2376 2866 2594 2915 Pintian.

354 2934 484 2983 sitae
509 2943 623 2981 sunt
645 2939 803 2991 erunt,
827 2944 874 2978 σ.
912 2929 1010 2978 sita
1033 2938 1183 2990 erunt,
1202 2929 1265 2977 T.
1302 2927 1485 2990 iterum,
1511 2930 1654 2977 codd.
1672 2929 1830 2978 Hard-
1870 2926 1960 2987 ita,
1986 2929 2017 2975 d
2043 2925 2135 2987 (ex
2159 2926 2314 2989 corr.)
2352 2930 2477 2990 item,
2494 2928 2595 2995 βγ.

356 3041 414 3050 -
455 3001 660 3060 nomina,
692 2999 858 3048 RTcr.
905 2995 1156 3057 nominant,
1191 2991 1329 3058 ᾶβγ.
1370 3037 1431 3044 -
1470 2993 1700 3058 sinyuliS,
1723 2994 1930 3042 RTdo.
1968 2992 2178 3058 sinyulis
2213 2995 2471 3050 vocabulis.
2493 2993 2536 3055 β
2545 3010 2595 3059 γ.

356 3109 419 3116 -.
455 3068 625 3128 Prote,
662 3063 818 3125 Mese,
843 3065 932 3113 Td
950 3067 981 3112 ².
1017 3062 1187 3123 Prote,
1212 3060 1421 3121 Mesese,
1452 3061 1548 3110 Rd
1565 3060 1604 3109 ¹.
1640 3060 1787 3110 Prote
1811 3069 1853 3107 et
1877 3058 2030 3119 Mese,
2054 3074 2101 3108 σ.
2138 3060 2319 3109 Protea
2342 3067 2387 3110 et
2405 3061 2596 3122 Macen,

351 3131 453 3198 βγ.
493 3175 556 3183 .-.
595 3149 739 3197 quae,
772 3133 836 3182 R.
885 3147 990 3195 que,
1024 3130 1129 3179 Td.
1170 3170 1232 3177 ...
1268 3127 1588 3191 Pompeiana,
1620 3128 1687 3183 Κ.
1727 3168 1788 3175 -
1826 3125 1987 3190 Hype,
2021 3140 2067 3174 σ.
2107 3167 2169 3174 -
2206 3127 2281 3187 iis,
2305 3128 2368 3177 R.
2408 3169 2471 3178 -.
2506 3129 2597 3179 itu-

354 3202 496 3264 rium,
521 3203 585 3251 R.
612 3243 675 3250 -
701 3198 871 3260 Phila,
897 3196 1040 3257 Ler0,
1064 3196 1272 3245 Barbar.
1298 3197 1343 3244 d.
1381 3192 1660 3252 Philarero,
1686 3208 1733 3242 σ.
1770 3191 2029 3259 Pylareso,
2053 3195 2117 3243 R.
2148 3235 2208 3243 ..-.
2245 3193 2449 3258 Lerina,
2474 3197 2596 3246 Bar-

356 3270 462 3319 bar.
488 3272 535 3318 d.
572 3266 783 3327 Lar-ina,
808 3269 871 3317 R.
912 3306 973 3313 -
1010 3261 1241 3327 Berqoni,
1264 3262 1328 3310 R.
1363 3259 1611 3324 Ber-gyani,
1636 3264 1682 3310 d.

422 3335 451 3396 ξ
479 3342 559 3385 80.
605 3333 762 3383 Tusco
788 3331 939 3392 litori,
966 3330 1165 3381 Cluver.
1187 3330 1326 3380 Sicil.
1352 3335 1453 3378 ant.
1477 3345 1530 3392 p.
1553 3332 1665 3377 501.
1701 3327 1843 3376 Haec
1866 3325 2134 3392 exscripsit
2155 3331 2390 3380 Martian.
2414 3338 2460 3392 6,
2483 3338 2595 3382 644.

357 3444 421 3451 ...
452 3401 698 3465 proprior,
722 3402 786 3450 R.
826 3441 888 3449 -..
929 3394 1181 3450 CCCXX
1189 3396 1246 3457 V,
1269 3388 1537 3447 ROSTd.
1579 3391 1898 3454 CCCXXII,
1922 3390 1978 3456 β.
2016 3438 2077 3445 .-.
2116 3393 2306 3458 LXII,
2333 3408 2598 3462 corruptus

353 3484 610 3527 numeruS,
641 3475 701 3517 ut
723 3470 870 3517 docet
891 3467 1048 3516 Hard.
1088 3506 1150 3514 -
1187 3461 1447 3523 ΧΧΧΙΙ,
1480 3463 1644 3512 RTd.
1683 3461 1977 3524 XXXIII,
2000 3459 2101 3528 βγ.
2141 3505 2204 3512 -.
2239 3464 2516 3525 Mar-inam,
2549 3481 2596 3514 σ.

359 3578 420 3585 -
462 3532 531 3597 G„
557 3536 604 3584 d.
648 3531 727 3595 G„
751 3536 826 3602 R„
854 3534 969 3584 Om.
994 3535 1055 3583 T.
1095 3573 1157 3580 -.
1194 3532 1415 3593 alteram,
1439 3532 1504 3581 K.
1533 3572 1594 3580 .-
1633 3538 1693 3591 et,
1717 3531 1880 3581 RTd.
1918 3530 2096 3581 omitt.
2119 3527 2220 3595 βγ.
2248 3572 2310 3580 -.
2346 3530 2598 3593 Planana,

354 3604 418 3654 R.
458 3643 521 3652 .,-
559 3619 606 3662 a,
632 3616 731 3650 om.
756 3615 803 3649 σ.
1217 3633 1218 3638 ,
2666 3641 2673 3646 ,

413 3657 453 3730 ’ξ
480 3675 561 3719 81.
606 3666 753 3732 Ur90‚
778 3669 871 3717 Rd
895 3661 1301 3730 (codd.'Barbari
1324 3675 1376 3715 et
1396 3666 1511 3715 libri
1537 3665 1715 3728 optimi
1741 3680 1820 3729 ap.
1840 3665 2055 3715 Salmas.
2081 3678 2245 3713 exerc.
2269 3680 2319 3727 p.
2341 3669 2420 3715 67.
2446 3682 2491 3714 a.
2510 3662 2599 3728 E.)

360 3737 537 3799 Or90n‚
561 3737 628 3786 Κ.
672 3736 917 3798 Θονροηα,
942 3749 988 3783 a.
1028 3771 1088 3782 A
1125 3732 1370 3797 Aeyilion,
1393 3736 1443 3783 R
1466 3729 1606 3794 (libri
1631 3749 1710 3796 ap.
1736 3730 1980 3793 SalmaS.)
2015 3729 2264 3796 Aeqylion,
2289 3733 2337 3780 d.
2373 3730 2599 3795 Eyylion,

355 3806 418 3854 T.
464 3802 725 3867 Aeqilium,
759 3803 825 3852 K.
871 3799 1097 3865 Aeyilon,
1128 3796 1229 3864 βγ.
1269 3842 1331 3849 -
1366 3798 1583 3866 Iqilium,
1615 3793 1761 3850 θΤσ
1788 3797 1928 3861 (libri
1961 3815 2041 3861 ap.
2068 3795 2309 3860 Salmas.)
2357 3797 2599 3865 Milyium,

354 3874 419 3922 B.
472 3869 740 3934 Aeyilium,
787 3870 923 3919 Pint.
970 3864 1111 3931 dssr.
1173 3908 1235 3916 ....
1288 3867 1556 3927 Dianiam,
1598 3869 1661 3917 R.
1709 3906 1773 3915 ....
1824 3865 2122 3924 Artemisia,
2164 3866 2225 3914 T.
2281 3863 2601 3927 Artemisiae,

355 3940 465 3989 Rd.
505 3979 569 3986 ..
608 3938 767 3998 ambit,
791 3938 854 3985 T.
895 3976 958 3985 -.
995 3944 1036 3984 at
1060 3944 1230 3985 contra
1255 3934 1385 3995 litus,
1410 3947 1457 3981 σ.
1487 3974 1549 3981 -
1587 3942 1644 3994 et,
1672 3948 1772 3981 om.
1797 3947 1844 3981 σ.
1883 3973 1947 3980 ..-
1982 3930 2244 3995 Barpana,
2267 3933 2425 3982 RTd.
2460 3931 2599 3984 Bar·

349 4021 501 4070 pona,
534 4006 587 4054 K
620 4002 793 4065 (codd.
829 3999 1064 4063 Barbar.)
1124 4001 1371 4065 Vaponae,
1405 4015 1452 4048 σ.
1494 4015 1711 4064 parvae,
1747 4000 1924 4050 Gelon.
1957 3994 2015 4060 ,8.
2054 4039 2116 4047 -.
2166 3997 2418 4060 Menarie,
2450 4015 2497 4048 σ.
2536 4042 2598 4050 -

356 4070 487 4135 Ilva,
508 4075 554 4122 d.
575 4071 714 4135 flua,
738 4072 802 4120 R.
825 4113 887 4121 ...
913 4070 1166 4130 circuitus,
1183 4070 1247 4119 R.
1270 4109 1332 4117 -
1357 4066 1566 4128 circuit',
1590 4069 1638 4116 d.
1665 4108 1729 4115 -.
1752 4065 1806 4114 Ρ
1913 4064 2038 4127 onio,
2062 4066 2213 4116 RST
2225 4068 2273 4116 d.
2307 4067 2599 4133 Populonia,

355 4135 413 4200 β.
453 4180 514 4189 ..
551 4138 847 4200 XXVIII,
870 4139 1031 4189 RTd.
1067 4133 1420 4196 XXXVIII,
1450 4126 1552 4197 Gr.
1588 4132 1803 4184 XXXI
1862 4171 1875 4195 ‚
1897 4129 1955 4194 β.
1994 4173 2056 4183 -..
2095 4132 2187 4194 his,
2211 4136 2258 4183 d.
2296 4134 2378 4196 iis,
2402 4137 2508 4185 Ro.
2536 4175 2598 4184 .-

358 4206 583 4267 Antiano,
607 4220 654 4255 σ.
694 4248 757 4255 -
792 4204 1000 4266 Astura,
1030 4206 1239 4255 Barbar.
1276 4210 1419 4252 stura
1452 4198 1582 4263 (una
1610 4202 1780 4251 littera
1802 4207 1919 4251 ante
1944 4218 1970 4249 ε
1994 4199 2177 4262 erasa),
2202 4204 2251 4251 d.
2288 4199 2458 4264 Stura,
2490 4204 2600 4262 Ro,

359 4276 497 4336 quod
528 4275 780 4324 Barbarus
814 4288 843 4322 e
873 4275 1032 4323 Festo
1062 4287 1112 4337 p.
1150 4275 1265 4323 317.
1300 4270 1503 4325 defendi
1546 4284 1695 4334 posse
1735 4268 1960 4333 putabat.
2009 4309 2069 4318 ...
2120 4267 2408 4331 Parmaria,
2451 4269 2598 4318 codd.
