2961 4861
329 289 454 352 360
1028 304 1436 352 NATURAms
1480 303 1871 351 msroanur

410 459 540 526 XI.
608 462 708 526 12.
765 457 956 525 Ultra
997 457 1408 525 Pelusiacum
1450 458 1696 524 Arabia
1745 469 1879 537 est,
1938 458 2023 522 ad
2074 457 2342 523 rubrum
2397 479 2641 524 mare
2678 475 2755 519 65

325 561 654 648 pertinens
699 571 766 625 et
806 559 1191 626 odoriferam
1226 559 1404 624 illam
1440 582 1520 625 ac
1556 559 1822 624 divitem
1850 569 1916 626 et
1941 558 2169 624 beatae
2197 559 2642 646 cognomine

325 662 652 728 inclutam.
717 661 903 726 Haec
958 657 1359 724 Catabanum
1418 669 1486 724 et
1535 659 1994 725 Esbonitarum
2047 669 2115 723 et
2169 656 2638 724 Scenitarum

327 763 621 829 Arabum
676 771 962 840 vocatur,
1026 762 1278 840 sterilis,
1335 771 1786 849 praeterquam
1842 761 1955 826 ubi
2011 757 2241 844 Syriae
2301 761 2637 826 confinia

326 865 609 951 attingit,
654 885 777 929 nec
818 862 945 927 nisi
974 858 1172 926 Casio
1214 872 1428 928 monte
1456 862 1709 927 nobilis.
1762 861 1890 926 His
1918 861 2171 927 Arabes
2196 862 2624 950 iunguntur,

327 964 408 1029 ab
451 964 693 1029 oriente
726 959 1056 1038 Canchlei,
1101 984 1141 1025 a
1182 962 1450 1027 meridie
1496 958 1734 1027 Cedrei
1777 961 1890 1046 qui
1931 961 2166 1027 deinde
2210 963 2398 1028 ambo
2438 962 2622 1028 Na-

324 1063 594 1130 bataeis.
649 1062 1175 1147 Heroopoliticus
1213 1073 1479 1128 vocatur
1507 1063 1795 1147 alterque
1823 1062 2229 1133 Aelaniticus
2259 1063 2435 1129 sinus
2465 1087 2615 1129 m-

324 1165 427 1232 bri
477 1165 673 1230 maris
720 1166 792 1229 in
834 1152 1226 1252 Aegyptum
1258 1165 1620 1252 vergentis,
1676 1185 1755 1229 CL
1796 1187 1848 1228 n
1898 1188 1964 1251 p.
2018 1165 2355 1233 intervallo
2410 1167 2617 1233 inter

327 1267 456 1357 duo
506 1266 747 1352 oppida
798 1266 1051 1335 Aelana
1103 1275 1168 1329 et
1223 1265 1291 1329 in
1343 1275 1565 1330 nostro
1617 1266 1781 1330 mari
1837 1262 2108 1336 Gazam.
2182 1264 2490 1355 Agrippa
2548 1290 2612 1331 a

326 1368 588 1434 Pelusio
616 1368 947 1433 Arsinoen
984 1366 1166 1432 rubri
1204 1366 1401 1431 maris
1441 1366 1754 1453 oppidum
1790 1391 1909 1453 per
1944 1369 2202 1433 deserta
2229 1390 2408 1434 cxxv
2436 1390 2488 1433 Μ
2512 1392 2596 1456 p.

329 1470 559 1545 tradit3
620 1481 752 1534 tam
793 1491 993 1554 parvo
1039 1468 1236 1532 distat
1287 1467 1380 1533 ibi
1425 1478 1605 1532 tanta
1646 1491 1863 1563 rerum
1902 1481 2172 1535 naturae
2217 1470 2595 1536 diversitas.

412 1569 580 1636 XII.
645 1570 748 1637 13.
803 1569 1000 1634 quta
1055 1566 1249 1653 Syria
1298 1569 1455 1637 litus
1508 1581 1819 1656 occupat,
1885 1571 2210 1655 quondam
2267 1581 2593 1637 terrarum
2630 1583 2714 1627 66

327 1696 633 1739 maxuma
675 1683 744 1738 et
783 1672 1078 1760 pluribus
1117 1671 1423 1737 distincta
1459 1672 1846 1739 nominibus.
1891 1672 2186 1758 Namque
2213 1673 2601 1740 Palaestina·

329 1774 720 1853 vocabatur,
764 1797 894 1860 qua
935 1773 1253 1860 contingit
1290 1771 1584 1850 Arabas,
1642 1783 1709 1838 et
1747 1762 1995 1839 Iudaea
2035 1786 2102 1840 et
2146 1772 2384 1854 Coele,
2431 1775 2584 1842 exin

329 1875 656 1943 Phoenice
700 1886 769 1941 et
810 1897 940 1961 qua
978 1875 1226 1940 recedit
1264 1873 1442 1939 intus
1483 1874 1923 1953 Damascena,
1982 1898 2060 1940 ac
2100 1877 2310 1964 magis
2353 1877 2581 1943 etiam-

331 1997 488 2042 num
529 1976 885 2041 meridiana
909 1975 1290 2060 Babylonia,
1338 1986 1406 2040 et
1446 1975 1672 2040 eadem
1713 1974 2189 2062 Mesopotamia
2222 1978 2401 2043 inter
2442 1977 2581 2043 Eu-

331 2075 607 2165 phraten
663 2087 728 2143 et
780 2076 1042 2163 Tigrin,
1103 2097 1358 2160 quaque
1412 2078 1641 2142 transit
1690 2075 1979 2142 Taurum
2032 2072 2363 2164 Sophene,
2424 2080 2584 2146 citra

329 2199 486 2245 vero
531 2200 674 2250 eam
719 2174 1112 2273 Comagene,
1172 2186 1237 2243 et
1295 2177 1465 2243 ultra
1505 2177 1881 2252 Armeniam
1921 2178 2263 2255 Adiabene
2308 2181 2585 2268 Assyria

331 2388 740 2444 Heracleoticum
763 2405 795 2440 a
815 2388 984 2441 Plinio
1009 2402 1115 2438 non
1139 2393 1216 2438 est
1236 2387 1572 2438 nominatum.
1615 2386 1733 2438 Huc
1755 2389 1964 2450 accedit,
1989 2391 2129 2453 quod
2151 2389 2339 2441 diserta
2358 2397 2582 2442 veterum

330 2460 635 2524 scriptorum
669 2459 958 2509 testimonia
996 2458 1117 2507 loco
1149 2457 1405 2518 Plinian0,
1439 2456 1604 2519 qualis
1637 2471 1773 2506 nunc
1795 2457 1996 2520 legitur,
2019 2458 2364 2521 refragantur3
2398 2458 2579 2511 Strabo

330 2528 464 2578 onim
491 2534 540 2578 2.
564 2543 614 2591 p.
640 2533 721 2577 85.
757 2535 808 2576 et
837 2526 1056 2575 Ptolem.
1093 2539 1267 2588 geogr.
1302 2524 1398 2574 IV.
1426 2529 1472 2585 5,
1502 2529 1578 2573 10.
1606 2525 1793 2574 ostium
1817 2524 2136 2590 Canopicum
2158 2527 2582 2591 cognominatum

331 2593 489 2646 atissa
529 2597 738 2645 tradunt
769 2592 1196 2643 Heracleoticum.
1252 2593 1388 2642 Tum
1420 2606 1487 2641 ex
1519 2592 1765 2656 scriptura
1792 2593 2002 2656 vulgata
2031 2595 2300 2655 nescimus,
2335 2595 2459 2656 quid
2488 2594 2582 2645 sibi

330 2661 490 2712 velint
521 2663 705 2712 ultima
732 2663 887 2709 verba
919 2674 1070 2709 sensu
1091 2673 1297 2721 prorsus
1321 2661 1575 2710 destituta.
1632 2660 1768 2711 Hinc
1789 2660 2015 2710 Plinium
2039 2662 2297 2724 scripsisse
2318 2663 2582 2712 existimet

333 2727 465 2794 quod
501 2729 599 2782 alii
632 2726 687 2777 B
695 2728 752 2778 ol
760 2727 818 2778 bi
826 2726 1038 2787 tinum,
1080 2724 1474 2777 Heracleoticum
1517 2724 1782 2791 Canopico,
1824 2728 1907 2778 cui
1938 2727 2204 2793 proximum
2244 2738 2338 2790 est,
2377 2730 2584 2794 praese·

333 2804 510 2847 rentes.
574 2795 693 2846 Non
736 2796 940 2859 quidem
981 2795 1167 2844 scimus
1211 2808 1278 2844 ex
1317 2795 1441 2858 ipsis
1484 2795 1811 2857 scriptoribus
1852 2797 2104 2846 veteribus
2136 2797 2405 2848 Bolbitino
2454 2797 2584 2847 ostio

333 2878 621 2927 cognomen
646 2864 1045 2914 Naucratiticum
1087 2861 1269 2925 fuisse3
1320 2864 1409 2912 sed
1449 2878 1568 2913 cum
1604 2863 1871 2913 Naucratis
1910 2865 2155 2927 oppidum
2187 2865 2266 2913 illi
2302 2864 2410 2915 Nili
2442 2866 2585 2914 brac-

333 2932 471 2994 chio,
497 2934 635 2995 quod
657 2932 711 2981 in
736 2932 924 2981 ostium
945 2930 1267 2981 Bolbitinum
1291 2932 1413 2992 exit,
1436 2931 1657 2981 adsitum
1678 2931 1835 2981 fuisse
1858 2938 2073 2993 constet,
2101 2932 2391 2982 coniectura
2412 2941 2588 2983 nostra

333 3000 394 3050 iit
415 3015 662 3064 perquam
694 2999 983 3064 probabilis.
1034 3000 1136 3048 Per
1157 2999 1340 3049 ultima
1359 2999 1513 3049 verba
1532 3000 1666 3048 Plin.
1691 2999 1794 3048 iam
1818 2999 1939 3049 dicit
1959 3014 2150 3048 nomen
2171 2999 2587 3049 Heracleoticum

335 3069 622 3131 praelatum
645 3067 801 3118 fuisse
824 3069 888 3117 ab
912 3068 1013 3117 illis
1036 3067 1239 3128 iisdem,
1265 3068 1351 3130 qui
1373 3066 1696 3117 Bolbitinum
1719 3067 1956 3117 dixerunt
1978 3066 2404 3128 Naucratiticum,
2436 3068 2499 3117 de
2521 3080 2585 3116 eo

333 3137 592 3200 bracchiO,
626 3137 707 3187 cui
729 3136 1048 3187 Bolbitinum
1080 3142 1157 3184 est
1186 3136 1496 3198 proximum,
1540 3138 1602 3184 de
1635 3134 1925 3198 Canopico,
1957 3135 2010 3184 id
2041 3135 2114 3184 ita
2145 3133 2305 3195 effert,
2336 3141 2396 3185 ut
2417 3135 2588 3197 ipsum

333 3204 745 3257 Heracleoticum
769 3205 956 3253 ostium
969 3203 1230 3266 Canopico
1250 3218 1359 3253 esse
1382 3204 1447 3252 ab
1469 3203 1571 3253 illis
1594 3203 1874 3265 praelatum
1899 3203 2048 3251 dicat.
2070 3201 2353 3264 vulgatam
2374 3203 2586 3266 scriptu-

335 3285 445 3319 ram
469 3271 694 3326 defendit
714 3272 823 3319 Ian.
849 3271 903 3319 in
928 3271 1089 3318 diurn.
1115 3271 1270 3337 antiq.
1299 3275 1444 3321 1849.
1469 3286 1546 3320 nr.
1576 3275 1655 3320 59.
1719 3306 1731 3318 .
1757 3275 1872 3320 465.

404 3336 434 3397 ἓ
461 3343 541 3387 65.
573 3338 861 3402 pcrtinqens,
885 3350 932 3384 σ.
960 3376 1024 3385 .-
1056 3335 1280 3397 inolitam,
1303 3340 1375 3387 a2.
1401 3377 1465 3387 .-
1499 3336 1645 3388 Haeo
1712 3339 1988 3398 atabanum,
2012 3339 2158 3387 codd.
2182 3338 2410 3388 Barbari.
2442 3336 2587 3388 Haec

337 3403 653 3463 Attabanum,
675 3404 727 3453 D
741 3407 789 3453 d.
832 3403 977 3454 Haec
998 3403 1292 3466 Atabanum,
1316 3421 1362 3455 a.
1397 3404 1807 3466 Heeanabanum,
1829 3405 1894 3455 Β.
1934 3404 2327 3466 Hecatabanum,
2351 3419 2400 3455 σ.
2444 3402 2587 3454 Haeo

345 3468 613 3530 (labanum,
636 3473 702 3521 K.
739 3510 804 3519 ...
840 3479 1087 3531 vocantur,
1112 3470 1175 3520 Β.
1200 3511 1263 3520 ...
1301 3470 1382 3533 ibi,
1405 3473 1514 3522 Rd.
1540 3513 1605 3522 ....
1641 3471 1795 3538 Syria
1817 3480 1879 3534 et,
1903 3473 1967 3523 Β.
1993 3485 2057 3521 .-’
2099 3470 2343 3534 Canchlei,
2368 3489 2414 3522 a.
2454 3469 2586 3520 Can-

338 3536 537 3602 chlaeis,
561 3541 630 3591 D.
658 3536 931 3598 Canchlei-3,
954 3539 1059 3588 Td.
1104 3536 1344 3599 Cancleis,
1368 3553 1416 3588 σ.
1462 3538 1745 3603 Calchlaeis,
1770 3541 1832 3591 Β.
1873 3537 2117 3601 Ολαυεῑεί,
2139 3541 2385 3590 Bochart.
2411 3554 2584 3603 geogr.

338 3623 465 3657 sacr.
498 3624 548 3672 p.
585 3613 699 3658 225.
747 3609 811 3655 ....
850 3602 1049 3665 Cedrei,
1084 3621 1130 3654 a.
1192 3602 1420 3668 Cedreis,
1454 3608 1723 3658 RDTdo.
1760 3647 1826 3656 ...
1863 3606 1954 3671 qui
1985 3605 2158 3657 deinde
2192 3610 2358 3668 ambo,
2390 3608 2588 3658 RDad

339 3672 513 3734 (codd.
542 3670 779 3736 Bai-bar.)
856 3672 1042 3736 quidem
1084 3671 1199 3723 dein
1242 3675 1394 3735 ambo,
1428 3687 1477 3723 σ.
1524 3714 1587 3723 -.
1638 3673 1935 3736 Nabathe'ie,
1968 3688 2015 3723 σ.
2062 3715 2126 3724 -
2169 3669 2586 3740 Heroopoliticus,

337 3743 545 3794 Barbar.
580 3740 983 3806 Heroopoliticus,
1007 3754 1055 3790 σ.
1080 3738 1516 3805 Heroopoliticum,
1537 3742 1691 3793 Dad.
1723 3741 2198 3807 νΠᾶν-οροῖἰτίειιηι.Β
2219 3740 2312 3805 (ex
2338 3738 2490 3804 corr.)
2519 3781 2585 3791 -.

341 3809 658 3872 Aelaniticus,
682 3812 746 3874 Β.
781 3807 1132 3869 Laelaniticus,
1156 3809 1264 3858 Da.
1300 3806 1625 3871 Lelaniticus,
1649 3813 1696 3861 d.
1735 3851 1799 3860 -
1833 3809 2042 3872 Aelana,
2064 3812 2164 3860 vid.
2189 3810 2366 3875 Steph.
2389 3811 2517 3874 Byz.
2543 3825 2584 3860 s.

340 3877 393 3927 h.
416 3893 464 3927 v.
488 3878 721 3942 Laeana,
743 3879 812 3929 D.
847 3874 1080 3937 Laetina,
1106 3892 1152 3926 a.
1187 3874 1378 3939 Leana,
1404 3879 1452 3927 d.
1489 3877 1682 3938 Laean,
1706 3878 1769 3927 R.
1795 3918 1860 3928 -.
1890 3877 2049 3939 Gaza,
2073 3892 2121 3926 σ.
2156 3877 2324 3938 Zaza,
2346 3878 2585 3928 RDa¹<L

345 3942 504 4062 gr'aia,
527 3948 600 3996 a2.
638 3986 700 3996 ...
738 3964 787 4007 a,
811 3946 973 3996 omitt.
997 3945 1193 3999 R‘Dd.
1220 3985 1283 3995 -
1306 3943 1576 4007 Arsiam,
1599 3947 1649 3996 Β
1672 3942 1800 4007 (oem
1822 3961 1889 3996 ex
1913 3942 2069 4007 corr.)
2095 3985 2159 3995 ...
2195 3962 2221 3994 e
2242 3944 2399 4008 rubri,
2422 3944 2487 3995 Β.
2519 3984 2585 3994 ...

379 4022 588 4074 excocta,
610 4015 701 4064 13¹.

412 4080 442 4144 9
468 4086 549 4131 66.
573 4079 774 4139 Sirium,
798 4082 928 4132 Rob.
960 4081 1069 4132 Has
1091 4082 1437 4146 paragraphos
1460 4096 1491 4131 e
1512 4082 1653 4133 Mela
1680 4085 1724 4142 1,
1752 4087 1830 4131 11.
1856 4081 2106 4144 excerpsit
2127 4082 2294 4143 Plin.;
2318 4082 2458 4131 hunc
2477 4096 2587 4131 rur-

346 4159 431 4200 *ut
455 4149 720 4213 exscripsit
740 4150 976 4199 Martian.
1003 4155 1048 4210 6,
1075 4154 1190 4201 678.
1226 4189 1289 4199 -
1325 4165 1537 4211 maxum,
1560 4150 1623 4198 R.
1649 4188 1712 4197 -.
1742 4147 1989 4214 plurimis,
2014 4151 2047 4199 d
2069 4145 2163 4210 (ex
2185 4145 2340 4211 corr.)
2362 4150 2496 4199 Bob.
2522 4189 2586 4198 -

355 4210 685 4277 Miserrime,
708 4217 819 4267 Dd.
858 4256 922 4266 .-
959 4220 1243 4277 vocabatur,
1276 4234 1308 4267 a
1331 4213 1518 4278 (Rob.)
1564 4217 2007 4278 vocabantur-,RD
2018 4219 2065 4266 d.
2104 4256 2167 4265 ....
2202 4217 2411 4282 contiyit,
2435 4220 2482 4267 d.
2520 4256 2584 4265 -

347 4287 392 4328 ut
419 4276 631 4343 Iudaea,
655 4296 756 4343 om,
782 4300 828 4332 a.
856 4323 916 4332 -
955 4283 1086 4344 exin,
1117 4276 1172 4332 θ.
1210 4283 1355 4345 setin,
1378 4285 1530 4342 Dad,
1568 4281 1755 4344 deinde,
1778 4285 1866 4342 ΒΨ.
1903 4284 2025 4346 dein,
2048 4284 2179 4336 Rob.
2203 4279 2305 4350 βγ.
2355 4284 2471 4339 Om.
2495 4285 2581 4336 ΒΗ

921 4541 1012 4594 ’,μ
