2961 4861
1251 358 1632 401 PRAEFATIO.
2355 360 2562 403 Lxxlx

320 511 747 589 apposuissem,
776 510 837 570 in
865 510 1031 570 libris
1058 511 1314 570 maxime
1343 510 1770 588 geographicis,
1800 511 1904 569 ubi
1922 510 2159 571 nomina
2177 512 2428 572 barbara
2449 513 2562 572 mi-

319 640 456 679 rum
496 628 781 695 quantum
819 638 950 679 esse
988 627 1269 698 corrupta
1308 637 1598 697 perquam
1639 629 1728 679 est
1767 619 2103 696 probabile,
2147 622 2276 679 eius
2314 622 2565 697 ponendi

319 731 456 788 finis
496 731 700 788 nullus
738 738 894 788 esset
931 731 1230 789 inventus.
1284 730 1427 788 Non
1468 746 1689 807 paucas
1733 729 1931 801 etiam,
1971 737 2040 788 ut
2079 731 2193 789 hoc
2233 731 2468 805 addam,
2505 731 2565 790 in

318 839 510 898 indice
537 838 673 897 libri
698 839 871 916 primi
898 841 974 899 ab
1002 839 1132 916 ipso
1158 836 1358 897 Plinio
1388 838 1715 915 conscripto
1742 838 2109 915 corruptelas
2139 839 2571 917 orthograpbici

321 947 687 1025 potissimum
715 948 948 1023 generis
977 954 1209 1007 exstare
1239 948 1436 1019 credo,
1465 965 1620 1022 quae
1648 955 1776 1006 tum
1798 948 2039 1006 demum
2059 949 2252 1026 detegi
2270 955 2568 1025 poterunt,

321 1076 457 1116 cum
493 1058 570 1115 ad
607 1057 1006 1116 emendandos
1043 1056 1307 1133 singulos
1343 1056 1527 1115 libros
1568 1075 1910 1133 processum
1936 1058 2069 1116 erit.
2111 1057 2293 1117 Illum
2320 1058 2571 1149 indicem

319 1167 380 1225 in
417 1166 833 1225 minutioribus
874 1167 1052 1224 etiam
1079 1167 1256 1225 rebus
1283 1166 1400 1224 iam
1428 1185 1585 1226 nunc
1613 1168 1922 1225 emendare
1948 1184 2068 1225 non
2105 1166 2340 1239 licebat,
2383 1185 2572 1241 neque

323 1276 514 1350 magis
555 1283 693 1351 post
734 1293 933 1333 omnes
976 1276 1209 1334 demum
1247 1283 1478 1335 ceteros
1529 1276 1715 1336 libros
1766 1276 2070 1335 absolutos
2117 1294 2252 1334 eum
2300 1284 2570 1336 tractare.

322 1384 576 1442 Errores
604 1383 664 1441 in
693 1402 764 1442 eo
792 1384 1051 1442 detectos
1078 1384 1358 1443 addendis
1388 1392 1449 1442 et
1475 1385 1836 1460 corrigendis
1863 1386 2151 1456 inseram,
2196 1386 2408 1460 quibus
2435 1386 2573 1444 talis

322 1494 493 1566 liber,
536 1492 772 1567 qualem
812 1510 991 1552 manu
1027 1492 1215 1552 lector
1252 1499 1436 1567 tenes,
1479 1513 1802 1569 numquam
1844 1512 2021 1570 egere
2060 1495 2293 1571 poterit.
2347 1496 2418 1553 In
2445 1494 2573 1571 ipso

328 1621 471 1661 vero
499 1602 913 1660 commentario
956 1601 1151 1661 critico
1183 1620 1318 1660 cum
1359 1603 1424 1660 in
1450 1604 1797 1662 universum
1835 1604 2125 1662 maximae
2153 1604 2427 1663 brevitati
2453 1610 2575 1661 stu-

328 1712 467 1770 dere
495 1711 770 1769 deberem
801 1717 861 1768 et
887 1710 1169 1769 lectorem
1197 1710 1507 1769 cordatum
1535 1719 1593 1769 et
1622 1711 1935 1769 candidum
1960 1712 2154 1788 ipsum
2180 1713 2575 1770 iudicaturum

325 1838 454 1879 esse
481 1820 853 1891 confiderem,
892 1837 999 1877 cur
1019 1817 1173 1877 hanc
1195 1818 1569 1894 potissimum
1589 1837 1781 1895 neque
1812 1820 1989 1878 aliam
2009 1819 2316 1878 lectionem
2335 1837 2576 1896 recepe·-
2621 1806 2632 1811 ”

326 1929 468 1998 rim,
491 1927 792 1986 nonnullis
812 1926 978 1999 locis,
1001 1928 1257 1986 maxime
1276 1928 1566 1986 librorum
1588 1946 1697 1987 sex
1716 1935 2167 2006 postremorum,
2190 1930 2294 1987 ubi
2315 1935 2375 1988 et
2395 1906 2580 1988 codex

325 2036 381 2095 B
411 2043 470 2094 et
496 2055 695 2095 rerum
723 2037 1125 2113 expositarum
1156 2045 1367 2096 natura
1393 2057 1490 2096 me
1527 2045 1596 2095 ut
1622 2039 1735 2097 hoc
1774 2039 2028 2099 facerem
2064 2039 2407 2111 invitarunt,
2444 2056 2579 2097 oum

327 2155 388 2206 et
413 2148 716 2229 aliquanto
744 2146 1205 2206 exercitatiorem
1232 2148 1512 2207 lectorem
1535 2149 1821 2208 offensum
1848 2149 1922 2208 iri
1949 2156 2241 2226 putarem,
2271 2148 2577 2207 uberiores

327 2257 735 2324 adnotationes
759 2256 1000 2329 subieci,
1023 2257 1236 2331 quibus
1261 2266 1321 2315 et
1340 2276 1515 2316 usum
1543 2259 1824 2333 loquendi
1842 2256 2041 2317 Plinio
2067 2259 2371 2336 proprium
2392 2258 2580 2334 expli·

331 2385 527 2426 carem
568 2374 627 2424 et
653 2366 1001 2424 sententiam
1032 2367 1330 2444 scriptoris
1362 2367 1543 2445 paulo
1578 2368 2003 2445 impeditiorem
2039 2368 2367 2445 expedirem
2397 2365 2581 2443 (quod

330 2484 561 2555 praeter
588 2475 1033 2553 Dalecampium
1072 2479 1148 2536 ab
1177 2475 1490 2534 Harduino
1525 2495 1704 2554 saepe
1739 2477 2122 2554 compilatum
2156 2496 2326 2535 nemo
2355 2476 2581 2536 felicius

331 2586 587 2663 suscepit
614 2604 793 2661 quam
831 2584 884 2643 Ι.
923 2585 1027 2644 Fr.
1059 2579 1396 2645 Gronovius
1425 2593 1486 2643 et
1511 2585 1565 2644 I.
1600 2585 1688 2644 M.
1714 2584 2016 2645 Gesnerus
2043 2587 2106 2645 in
2134 2585 2587 2646 chrestomathia

330 2695 627 2768 Pliniana,
671 2695 839 2753 cuius
879 2694 1200 2754 novissima
1238 2711 1471 2771 semper
1497 2713 1644 2753 usus
1674 2714 1807 2754 sum
1836 2696 2086 2755 editione
2112 2695 2408 2773 Lipsiensi
2446 2695 2586 2754 anni

335 2800 458 2863 177
465 2797 581 2883 6.)‚
628 2810 689 2861 et
718 2805 1015 2881 opiniones
1044 2805 1430 2880 interpretum
1460 2805 1749 2863 maiorum
1776 2806 2040 2883 gentium
2067 2814 2171 2864 aut
2207 2805 2375 2864 novis
2403 2823 2583 2879 argu·

333 2915 545 2973 mentis
583 2915 987 2973 confirmarem
1015 2919 1142 2986 aut,
1186 2914 1238 2972 si
1275 2932 1314 2972 a
1350 2933 1493 2973 vero
1521 2917 1798 2974 aberrare
1835 2916 2205 2994 videbantur,
2234 2914 2586 2990 corrigerem

334 3031 512 3097 atque
537 3023 620 3081 ita
647 3025 830 3082 nodos
859 3024 1146 3098 quosdam
1167 3024 1584 3098 grammaticos
1617 3029 1677 3079 et
1704 3023 1938 3081 criticos
1966 3031 2026 3081 et
2045 3022 2380 3104 historicos,
2400 3040 2586 3095 quan-

332 3142 462 3190 tum
500 3133 560 3190 in
600 3152 695 3190 me
740 3141 918 3203 esset,
965 3132 1277 3191 solverem.
1321 3131 1463 3189 Non
1491 3131 1764 3203 equidem
1793 3129 2131 3203 negaverim
2170 3147 2263 3187 me
2290 3130 2587 3189 nonnullis

333 3242 669 3301 hominibus
698 3243 891 3317 plura,
914 3260 1094 3315 quam
1122 3257 1271 3314 opus
1298 3247 1444 3310 erat,
1469 3237 1820 3314 explicuisse
1842 3237 2029 3297 videri
2053 3257 2247 3315 posse,
2272 3244 2331 3297 et
2356 3238 2588 3298 facilius

338 3368 480 3407 sane
506 3358 634 3408 erat
657 3345 1106 3426 superciliosum
1135 3347 1436 3405 silentium
1465 3338 1760 3420 obtinere,
1777 3348 1865 3406 uti
1893 3366 2069 3425 saepe
2098 3348 2360 3408 homines
2388 3348 2587 3407 existi-

338 3457 580 3514 mationi
616 3437 758 3517 suae
792 3458 1038 3517 tacendo
1077 3474 1256 3531 quam
1294 3456 1592 3530 loquendo
1633 3456 1843 3516 melius
1888 3459 2233 3529 consulunt3
2286 3460 2389 3518 sed
2430 3459 2587 3518 clare

336 3565 700 3639 loquendum
738 3565 851 3624 fuit
888 3584 1199 3640 meumque
1240 3584 1369 3624 esse
1404 3567 1614 3642 putavi
1639 3567 2004 3641 longioribus
2034 3574 2093 3625 et
2128 3568 2585 3628 accuratioribus

336 3675 484 3738 meis
525 3674 992 3733 adnotationibus
1022 3681 1144 3733 tam
1174 3675 1500 3747 ostendere,
1531 3676 1673 3750 quid
1701 3684 1839 3753 post
1864 3657 2088 3735 tantam
2129 3696 2330 3735 curam
2365 3678 2428 3733 in
2455 3677 2586 3735 Pli-

336 3786 436 3843 nio
474 3784 724 3861 positam
764 3785 837 3843 de
864 3784 982 3842 illis
1023 3783 1165 3842 locis
1204 3784 1618 3844 difficilioribus
1659 3786 1929 3859 eruerim,
1972 3805 2148 3861 quam
2187 3786 2452 3845 homines
2493 3805 2587 3845 me

337 3894 642 3972 peritiores
672 3904 730 3953 et
757 3894 1045 3953 doctiores
1073 3894 1151 3951 ad
1181 3895 1531 3953 sententiam
1562 3913 1731 3953 suam
1770 3897 1858 3972 de
1872 3897 1945 3954 iis
1973 3895 2380 3971 proferendam
2423 3897 2586 3955 exci-

339 4004 488 4076 tare,
534 4006 690 4079 quod
717 4005 1089 4081 potissimum
1115 4005 1188 4061 de
1217 4004 1636 4062 commentario
1664 4003 2038 4080 praefationis
2066 4006 2374 4064 Plinianae
2403 4006 2583 4079 valet,

341 4114 503 4173 cuius
542 4115 797 4174 ambitus
834 4114 1190 4192 repetendus
1234 4119 1323 4171 est
1360 4130 1437 4170 ex
1477 4111 1758 4189 singulari
1787 4114 2068 4187 oratione,
2115 4134 2233 4190 qua
2260 4114 2495 4175 Plinius
2524 4117 2587 4174 in

269 4251 281 4260 ⁸
341 4242 411 4282 ea
440 4224 853 4284 conscribenda
887 4231 977 4283 est
1017 4240 1193 4296 usuS,
1241 4230 1301 4281 et
1328 4241 1404 4281 ex
1433 4223 1763 4282 conditione
1806 4223 1932 4283 eius
1960 4225 2156 4284 critica
2195 4225 2586 4285 incredibilem
