2961 4861
1077 278 1217 322 mn.
1250 277 1345 322 ιν.
1403 276 1558 322 οΑΡ.
1589 278 1714 322 xu.
1780 276 1974 323 sno'r.
2006 280 2069 321 26.
2547 263 2667 326 311

402 453 531 516 pen
590 428 904 497 confluere
959 426 1130 492 infra
1172 424 1432 493 Olbiam
1492 449 1640 492 cum
1692 426 2093 511 Borysthene
2155 428 2446 507 tradunt,
2505 431 2651 495 dili-

402 531 725 618 gentiores
765 529 1098 614 Hypanim
1113 576 1130 605 ,
1191 538 1367 592 tanto
1420 550 1630 593 errore
1690 550 1910 593 eorum
1960 527 2071 612 qui
2120 528 2300 593 illum
2340 530 2407 593 in
2449 530 2649 598 Asiae

400 640 586 716 parte
638 629 1016 716 prodidere:
1094 627 1282 693 Mare
1337 628 1511 693 subit
1565 650 1800 715 magno
1843 649 2137 706 recessu,
2195 629 2397 695 donec
2439 653 2485 693 v
2527 634 2647 697 mi·
2677 653 2740 697 84

398 725 586 796 lium*
608 754 672 817 p.
729 731 1063 797 intervallo
1119 728 1289 795 absit
1341 751 1380 792 a
1432 726 1793 807 Maeotide,
1860 740 2044 793 vasta
2097 728 2386 795 ambiens
2442 733 2650 817 spatia

397 833 758 917 multasque
802 832 1051 920 gentis3
1108 832 1287 896 sinus
1332 829 1690 897 Carcinites
1744 833 2124 918 appellatur.
2196 831 2475 899 Flumen
2517 833 2646 899 Pa-

397 931 588 1016 cyris,
636 933 877 1017 oppida
918 931 1264 1009 Navarum,
1312 928 1608 1008 Carcine,
1666 954 1706 995 a
1751 941 1933 1019 tergo
1976 932 2153 995 lacus
2195 930 2418 1020 Buges
2464 932 2645 1000 fossa

398 1032 673 1097 emissus
716 1032 784 1096 in
826 1054 1022 1097 mare.
1067 1031 1220 1117 Ipse
1262 1029 1485 1118 Buges
1530 1054 1568 1094 a
1615 1028 1872 1109 Coreto,
1929 1030 2209 1096 Maeotis
2251 1034 2432 1113 lacus
2479 1035 2643 1112 sinu,

392 1142 652 1217 petroso
718 1132 1099 1198 discluditur
1160 1131 1381 1209 dorso;
1448 1131 1678 1217 recipit
1730 1132 1935 1196 amnis
1988 1132 2273 1219 Bugem,
2343 1130 2643 1213 Gerrum,

394 1230 798 1318 Hypacarim
841 1256 923 1298 ex
966 1233 1218 1298 diverso
1262 1231 1581 1298 venientis
1625 1243 1852 1297 tractu.
1906 1231 2089 1297 Nam·
2120 1229 2366 1301 Gen-us
2408 1234 2644 1300 Basili-

393 1331 512 1397 das
558 1344 624 1398 et
649 1332 973 1399 Nomadas
1017 1342 1295 1418 separat,
1339 1331 1709 1418 Hypacaris
1753 1354 1870 1417 per
1897 1330 2220 1397 Nomadas
2264 1344 2329 1398 et
2354 1333 2645 1418 Hylaeos

389 1429 535 1495 fluit
576 1454 770 1498 manu
811 1433 984 1498 facto
1028 1433 1209 1496 alveo
1253 1430 1322 1494 in
1348 1430 1604 1518 Bugen,
1649 1432 1924 1499 naturali
1968 1431 2037 1495 in
2072 1428 2418 1509 Coretum3
2463 1435 2644 1522 regio

389 1530 659 1617 Scythia
704 1532 968 1600 Sindice
1013 1533 1401 1599 nominatur.
1449 1529 1586 1597 Sed
1629 1556 1669 1596 a
1713 1531 2042 1598 Carcinite
2072 1532 2352 1598 Taurica
2392 1535 2640 1621 incipit,
2670 1559 2734 1603 85

390 1635 714 1717 quondam
771 1635 931 1700 mari
985 1612 1405 1699 circumfusa⁰
1437 1644 1503 1698 et
1555 1633 1699 1717 ipsa
1755 1655 2010 1718 quaque
2062 1654 2236 1700 nunc
2290 1624 2499 1721 campi
2543 1636 2640 1700 ia-

391 1745 570 1813 cent3
632 1736 781 1801 dein
836 1735 1040 1801 vastis
1094 1735 1407 1799 attollitur
1456 1733 1650 1820 iugis.
1724 1733 2023 1821 Triginta
2065 1744 2216 1797 sunt
2259 1756 2482 1800 eorum
2522 1752 2640 1821 po·-

385 1835 558 1921 puli3
615 1858 699 1901 ex
739 1837 821 1900 iis
875 1834 1324 1901 mediterranei
1376 1856 1580 1911 xxm,
1636 1857 1706 1897 vl
1749 1833 1990 1919 oppida
2033 1831 2403 1919 Orgocyni,
2465 1833 2639 1901 Cha-

386 1935 634 2013 raceni,
687 1934 1023 2023 Lagyrani
1037 1984 1056 2014 ,
1110 1933 1402 1999 Tractari
1414 1981 1434 2012 ,
1495 1932 1956 2012 Arsilachitae,
2018 1930 2324 2000 Caliordi.
2399 1935 2640 2024 Iugum

379 2034 596 2122 ipsum
638 2032 1056 2121 Scythotauri
1101 2044 1351 2109 tenent3
1413 2032 1759 2099 cluduntur
1800 2034 1881 2098 ab
1927 2033 2260 2101 occidente
2308 2034 2634 2103 Cherron-

379 2281 555 2324 tratur.
594 2313 658 2323 ..
693 2269 968 2333 Novarum,
991 2271 1236 2332 Rpor.
1281 2268 1598 2330 Naubarum,
1630 2266 1732 2331 βγ.
1781 2309 1844 2317 -.-
1874 2271 2032 2333 fossa
2067 2313 2131 2322 ...
2162 2274 2355 2339 Buyes‚
2390 2293 2439 2341 p.
2470 2280 2625 2342 fossa

381 2340 587 2391 emissus
614 2340 667 2389 in
703 2356 848 2389 mare.
882 2337 1022 2401 Ipse,
1045 2332 1103 2397 β.
1152 2337 1327 2387 Omitt.
1353 2335 1515 2386 RTd.
1564 2377 1627 2384 -
1672 2353 1707 2384 α
1735 2333 1918 2399 Coreto,
1942 2339 2046 2388 ΒΤ
2058 2342 2106 2389 d.
2154 2357 2188 2389 a
2205 2351 2389 2404 ρον-εἰσ,
2415 2358 2486 2406 p..
2517 2343 2619 2393 G'o-

379 2423 514 2470 rane,
538 2421 586 2458 σ.
625 2449 687 2457 -.
725 2403 956 2465 Maeotis,
978 2406 1185 2455 Barbar.
1219 2401 1432 2466 Maeote,
1456 2405 1562 2454 Td.
1598 2399 1802 2464 Meeote,
1823 2404 1887 2454 Β.
1925 2405 2134 2467 niaeote,
2156 2422 2208 2470 p.
2234 2449 2298 2458 -
2334 2407 2461 2471 lacu,
2483 2425 2530 2460 σ.
2551 2453 2614 2462 -

384 2475 607 2536 Ger-rum,
640 2477 703 2525 Β.
749 2514 811 2523 -.
857 2471 1187 2537 Hypacarim,
1219 2472 1292 2520 ita
1321 2485 1417 2519 nos
1450 2472 1743 2533 scripsimus
1778 2486 1844 2519 ex
1874 2473 2017 2521 Mela
2047 2472 2119 2522 11.
2150 2481 2193 2534 1,
2219 2481 2266 2524 4.
2311 2474 2613 2541 Hypaniam,

375 2543 480 2592 Rd.
516 2541 769 2606 Hypanin,
792 2555 827 2604 p
831 2535 881 2601 β
889 2553 938 2603 r.
974 2539 1288 2605 Hypacyrirn,
1310 2538 1447 2587 Pint.
1472 2540 1538 2587 ad
1558 2538 1698 2599 Mel.,
1723 2539 1803 2587 cui
1826 2553 1930 2587 non
1952 2541 2222 2590 assentitur
2242 2542 2395 2593 Voss.
2422 2557 2485 2594 -“.
2508 2545 2613 2609 Na,

379 2611 429 2658 d.
464 2608 575 2671 Am,
599 2610 690 2659 R1.
728 2648 792 2657 -
835 2604 1044 2668 Germ,
1068 2607 1132 2656 Β.
1172 2646 1234 2655 -.
1269 2603 1576 2670 Bafiliadas,
1600 2606 1664 2656 Β.
1690 2645 1755 2655 -.
1790 2604 2099 2671 HypacariS,
2122 2610 2222 2659 vid.
2247 2624 2415 2674 supra.
2449 2612 2636 2679 Hypa-

376 2675 472 2737 nis,
497 2679 530 2726 d
582 2671 687 2740 βγ.
724 2675 906 2739 ἱραηίε,
930 2675 1020 2724 Βῖ.
1050 2672 1220 2738 panis,
1243 2674 1334 2723 R¹.
1373 2713 1437 2722 -.
1484 2681 1569 2733 set,
1592 2687 1644 2736 p.
1693 2713 1757 2722 -.
1800 2672 2034 2740 Hylam,
2060 2677 2107 2724 d.
2151 2676 2344 2739 Hileos,
2369 2680 2477 2744 Rp.
2523 2680 2636 2746 Hy.

375 2741 487 2805 leos,
510 2691 576 2803 ἔ
613 2784 677 2792 .-
722 2741 907 2800 Bucen,
930 2742 995 2790 Β.
1044 2781 1108 2800 -,.
1154 2738 1379 2804 Scythia,
1402 2740 1562 2790 Hard.
1610 2737 1858 2805 Scythiae,
1882 2736 1941 2802 β.
1979 2740 2197 2808 Scythie,
2220 2745 2375 2809 de.
2414 2788 2477 2797 -.
2514 2745 2632 2799 Sin-

373 2809 493 2871 dice,
518 2812 581 2860 Β.
619 2808 844 2869 Sendica,
868 2804 1054 2872 dpssr.

441 2876 470 2936 ξ
497 2883 577 2926 85.
617 2894 666 2936 a,
688 2876 933 2938 Bpor.
972 2875 1039 2932 in,
1062 2870 1120 2933 β.
1150 2914 1212 2921 .-.
1248 2876 1543 2935 circumasa,
1568 2888 1616 2923 σ.
1642 2915 1705 2923 -.
1744 2891 1953 2939 quaque,
1975 2869 2394 2941 GTd..quaqua,
2417 2878 2565 2945 Rpss
2578 2897 2631 2945 r.

372 2944 448 2994 At
470 2944 615 2992 illam
639 2943 937 3004 scripturam
959 2941 1125 3003 recepi
1149 2949 1355 3002 propter
1378 2942 1729 3003 praecedentia
1749 2943 1902 2991 verba
1924 2950 1972 2989 et
1996 2941 2123 3004 ipsa,
2151 2959 2296 3006 quae,
2320 2948 2417 2995 nisi
2443 2951 2635 3011 copula

374 3026 467 3072 que
490 3010 572 3058 vel
597 3018 639 3057 et
661 3009 900 3071 sequitur,
924 3007 1142 3068 intelligi
1165 3015 1437 3069 nequeunt,
1464 3023 1580 3056 cum
1605 3017 1653 3056 et
1676 3009 1787 3071 ipsa
1810 3009 1844 3057 i.
1869 3022 1913 3057 e.
1941 3008 2050 3056 item
2072 3024 2180 3058 non
2201 3011 2390 3061 habeat
2412 3029 2514 3075 quo
2550 3030 2631 3063 re-

370 3077 587 3137 feratur3
618 3091 740 3126 nam
770 3075 916 3124 nulla
948 3074 1216 3137 peninsula
1237 3075 1290 3121 in
1311 3075 1648 3136 superioribus
1667 3082 1744 3123 est
1762 3084 2173 3135 commemorata,
2200 3092 2330 3139 quae
2349 3079 2472 3130 olim
2497 3082 2635 3130 mari

371 3143 678 3194 circumfusa
708 3143 875 3193 fuerit.
936 3142 1072 3192 Plin.
1115 3141 1270 3202 igitur
1301 3148 1591 3203 zeugmate,
1626 3142 1763 3203 quod
1795 3142 1992 3190 nullam
2027 3156 2233 3203 prorsus
2273 3143 2632 3197 difficultatem

367 3212 599 3274 praebet,
643 3226 762 3260 cum
802 3211 944 3259 circa
977 3223 1085 3257 non
1116 3209 1271 3257 modo
1303 3208 1542 3257 viciniam
1574 3208 1787 3257 alicuius
1819 3208 1943 3268 loci,
1979 3210 2067 3257 sed
2099 3210 2252 3259 etiam
2284 3212 2435 3262 huius
2469 3215 2627 3277 ipsius

369 3278 474 3327 loci
497 3279 660 3328 varias
685 3285 854 3340 partes
879 3277 1128 3338 significet
1150 3272 1223 3334 (ν.
1247 3274 1407 3324 Kritz.
1433 3277 1499 3323 ad
1521 3275 1659 3324 Vell.
1679 3274 1720 3323 Ι.
1741 3281 1788 3334 2,
1814 3271 1905 3336 3.),
1931 3284 2173 3340 usurpato
2198 3279 2320 3327 dicit
2352 3281 2628 3331 Tauricam

368 3346 495 3393 olim
519 3353 571 3395 et
592 3347 755 3407 ipsam
779 3345 906 3393 mari
931 3342 1288 3391 circumfusam
1307 3349 1359 3391 et
1374 3341 1519 3391 illam
1537 3342 1644 3391 eius
1662 3343 1938 3405 regionem,
1964 3359 2066 3406 qua
2087 3359 2224 3394 nuno
2248 3349 2416 3410 campi
2440 3349 2627 3411 iacent,

365 3412 496 3460 mari
528 3411 746 3461 offusam
778 3410 963 3471 fuisse3
998 3411 1060 3459 de
1094 3410 1293 3472 copulis
1326 3418 1375 3459 et
1405 3448 1470 3458 ...
1500 3423 1594 3472 que
1633 3410 1762 3459 inter
1785 3424 1839 3459 se
1863 3412 2146 3462 coniunctis
2170 3427 2216 3461 v.
2242 3415 2307 3463 ad
2332 3421 2413 3474 33,
2441 3422 2523 3465 33.
2563 3457 2627 3465 .-

367 3477 530 3541 campi
551 3477 734 3538 iacent,
758 3478 865 3527 Rd.
903 3477 1065 3527 iacent
1087 3475 1264 3540 campi,
1288 3492 1322 3539 p
1332 3470 1435 3540 βγ.
1484 3516 1546 3525 -.
1595 3475 1728 3538 dein,
1750 3477 1961 3541 Rpo.
2011 3477 2196 3540 deinde,
2219 3476 2324 3544 βγ.
2373 3521 2437 3530 ...
2484 3484 2629 3532 attol-

371 3542 496 3605 lunt,
520 3548 567 3594 d.
615 3585 679 3593 -.
726 3544 878 3607 ἰίε,Ῥ.
925 3543 1042 3605 hiis,
1066 3547 1115 3594 d.
1163 3544 1251 3604 his,
1275 3546 1337 3593 Β.
1384 3584 1448 3592 .-.
1493 3541 1730 3606 ΧΧΙΙΙ,
1754 3545 1920 3595 ΒΤᾱ.
1966 3545 2226 3607 XXVII,
2250 3549 2360 3610 ΚΡ.
2397 3547 2627 3608 XXIV,

363 3606 407 3671 β
415 3623 465 3674 r.
513 3652 576 3660 -
629 3610 883 3675 Oryocyni,
917 3614 995 3673 dp
1033 3607 1204 3672 (codd.
1234 3608 1489 3672 Barbari.)
1539 3611 1692 3677 Oryo.
1716 3611 1828 3671 ciri,
1862 3613 1926 3661 Β.
1974 3653 2037 3661 .-
2086 3610 2373 3676 Characeni,
2397 3616 2534 3666 Pint.
2557 3617 2625 3665 K.

368 3674 626 3739 Gareseni,
650 3679 756 3728 Rd.
809 3674 1049 3738 Garesini,
1074 3694 1123 3742 p.
1174 3676 1429 3740 Caraseni,
1456 3680 1602 3729 codd.
1626 3680 1834 3730 Barbar.
1858 3673 1917 3739 β.
1964 3719 2026 3728 -.
2070 3677 2353 3746 Layyrani,
2385 3682 2522 3731 Pint.
2555 3683 2624 3732 K.

363 3743 625 3806 Assirani,
649 3746 713 3795 R.
749 3744 1015 3811 Assyrani,
1043 3748 1189 3795 codd.
1213 3746 1420 3796 Barbar.
1444 3740 1504 3805 β.
1540 3743 1807 3811 Astyrani,
1831 3760 1878 3793 σ.
1917 3746 2094 3796 Omitt.
2120 3748 2214 3809 dp.
2254 3787 2317 3795 -.
2362 3745 2622 3811 Tractari,

362 3814 512 3862 codd.
536 3812 765 3862 Barbari.
803 3810 1038 3868 Stactari,
1066 3806 1227 3875 RGp.
1263 3810 1543 3872 Astactari,
1567 3814 1615 3862 d.
1654 3853 1718 3862 .-
1753 3810 2108 3873 Ανείἶαοῆἰταε,
2132 3814 2341 3863 Barbar.
2388 3813 2619 3866 Acisali-

364 3888 460 3939 tae,
494 3880 702 3943 Rpo.
751 3877 1107 3939 Arcissalitae,
1141 3882 1287 3930 codd.
1320 3880 1546 3930 Barbari.
1590 3878 1866 3929 Arcassali
1899 3879 2059 3938 tecali,
2094 3894 2142 3929 σ.
2186 3879 2532 3944 Arcilachitae,
2565 3879 2624 3945 β.

360 3944 758 4007 Archilochitae,
780 3959 831 4010 γ.
871 3985 933 3994 -.
974 3942 1216 4007 Caliordi,
1239 3962 1274 4009 p
1299 3943 1470 4007 (codd.
1496 3943 1750 4007 Barbari.)
1795 3944 2016 4007 calidior,
2040 3947 2090 3996 R
2113 3943 2333 4007 (duabus
2355 3949 2535 3999 litteris
2560 3952 2625 4001 ad

361 4014 515 4063 finem
541 4011 737 4075 erasis.)
781 4009 1073 4073 calidior-di,
1100 4014 1150 4065 d.
1191 4053 1255 4062 -.
1292 4011 1636 4077 Scythorauti‚
1661 4026 1708 4062 σ.
1747 4053 1811 4063 ...
1846 4010 2120 4075 cluduntur,
2145 4015 2342 4078 Spo.
2379 4014 2621 4067 claudun-

362 4088 461 4142 tur,
484 4076 646 4146 Rssr.
693 4122 756 4130 ...
806 4076 1079 4140 Cirr-aneso,
1106 4083 1154 4130 d.
1209 4078 1594 4145 Chyronesonea,
1618 4081 1684 4129 Β.
1733 4076 2079 4143 Cerronesone,
2104 4081 2165 4132 T.
2220 4077 2622 4149 Chyrronesom'a,

363 4162 413 4210 p.
455 4144 757 4200 Cherroneso
780 4145 912 4210 Nea,
933 4164 961 4198 r
984 4145 1155 4209 (codd.
1181 4144 1436 4208 Barbari.)
