2961 4861
1191 377 1574 421 PRAEFATIO.
2424 381 2510 424 Lv

261 530 498 591 Plinius
547 529 899 600 elaboravit,
957 549 1029 588 en
1079 529 1185 595 tibi
1233 529 1468 589 libellos
1485 571 1504 607 ‚
1564 547 1815 604 quorum
1870 537 2293 606 praesentanea
2341 533 2511 609 copia

258 639 452 709 fuit;''
495 640 705 698 docent
742 639 928 714 aliqui
964 644 1301 698 nostrorum
1331 616 1618 710 codicum,
1660 657 1694 696 e
1731 638 1943 714 quibus
1970 639 2199 700 Ianus
2226 640 2510 700 observa-

262 749 356 807 vit
402 748 532 806 aliis
578 748 639 806 in
692 747 857 806 libris
904 748 1299 807 Parisiensem
1347 747 1387 811 d
1433 747 1678 824 propius
1726 745 2180 808 Riccardianum
2235 749 2514 809 accedere

262 875 446 932 quam
472 857 536 914 in
560 856 712 930 aliis,
748 854 1109 916 Vossianum
1146 873 1384 933 quoque
1418 856 1593 914 modo
1620 855 1778 928 huic,
1806 856 1982 915 modo
2009 857 2184 915 alteri
2208 856 2515 917 Parisien-

257 966 418 1025 sium
455 965 794 1024 similiorem
829 982 986 1036 esse;
1027 966 1158 1042 ipse
1197 983 1309 1040 ego
1348 983 1528 1041 supra
1568 965 1795 1023 ostendi
1829 965 1892 1024 in
1931 965 2225 1024 codicibus
2250 963 2355 1024 Bd
2381 966 2518 1025 libri

258 1075 516 1134 extremi
549 1075 731 1133 alium
772 1074 996 1133 fontem
1040 1092 1172 1132 esse
1198 1092 1378 1148 quam
1402 1074 1464 1131 in
1492 1074 1738 1148 reliquis
1766 1073 2056 1133 omnibus.
2114 1073 2331 1133 Altera
2358 1074 2516 1134 diffi-

257 1183 479 1254 cultas,
519 1183 718 1258 priore
744 1183 798 1240 si
822 1200 942 1240 non
981 1183 1188 1255 maior,
1230 1191 1293 1241 at
1319 1190 1476 1241 certe
1518 1200 1640 1240 non
1665 1182 1879 1254 minor,
1910 1201 1981 1240 ea
2007 1190 2119 1254 est,
2153 1185 2312 1258 quod
2337 1203 2516 1261 prae-

254 1292 616 1351 stantissimi
662 1291 888 1350 codices
936 1291 1330 1367 familiamque
1379 1291 1658 1350 ducentes
1676 1332 1693 1363 ‚
1747 1292 1952 1365 quales
2002 1299 2141 1350 sunt
2187 1290 2349 1363 VR,
2399 1310 2519 1351 non

250 1401 610 1472 incolumeS,
638 1401 744 1458 sed
770 1418 987 1476 magna
1013 1402 1108 1460 sui
1134 1408 1304 1477 parte
1332 1400 1553 1459 omissa
1580 1407 1834 1459 aetatem
1861 1401 2151 1472 tulerunt,
2194 1402 2356 1477 quod
2382 1409 2519 1460 ante

253 1510 485 1582 omnia,
529 1517 599 1567 ut
633 1528 806 1568 nemo
844 1528 965 1568 non
1001 1510 1296 1587 intelligit,
1337 1511 1410 1569 de
1450 1510 1647 1568 codice
1672 1507 1728 1567 B
1767 1510 1947 1569 valet.
2001 1508 2143 1568 Huc
2179 1510 2404 1570 accedit
2429 1511 2521 1568 in-

254 1619 448 1697 signis
484 1619 821 1691 auctoritas,
863 1637 983 1693 qua
1017 1638 1167 1695 opus
1210 1618 1551 1677 Plinianum
1598 1638 1707 1695 per
1753 1625 1946 1678 totum
1995 1636 2210 1678 aevum
2258 1619 2519 1678 medium

252 1728 591 1800 fruebatur,
619 1747 771 1803 quae
798 1728 888 1786 uti
915 1724 1079 1786 utilis
1105 1727 1219 1785 fuit
1245 1734 1336 1785 tot
1362 1727 1719 1802 apographis
1746 1728 2147 1802 procreandis,
2186 1729 2269 1785 ita
2298 1736 2522 1802 pestem

253 1845 677 1915 corruptarum
702 1837 1026 1896 lectionum
1049 1836 1116 1893 in
1140 1836 1436 1894 infinitum
1463 1837 1611 1892 adeo
1639 1835 1828 1906 auxit,
1868 1841 1939 1893 ut
1973 1836 2152 1892 etiam
2190 1835 2392 1912 optimi
2427 1855 2523 1895 co·

252 1947 429 2007 dices
454 1945 728 2023 pessimis
765 1945 1117 2004 lectionibus
1151 1944 1549 2002 foedarentur.
1601 1944 1846 2002 Inscitia
1882 1944 2260 2003 librariorum
2300 1945 2523 2003 latissi-

252 2072 432 2115 mum
467 2053 563 2113 hic
605 2053 862 2130 spatium
900 2053 1135 2112 errandi
1173 2052 1411 2124 habuit,
1462 2059 1523 2134 et
1561 2052 1625 2109 in
1665 2052 1861 2111 codice
1898 2062 2158 2111 ceterum
2195 2055 2428 2130 egregio
2472 2055 2527 2114 si

254 2163 450 2225 smnel
474 2163 674 2238 aliqua
699 2181 823 2222 vox
847 2171 978 2221 erat
1003 2170 1300 2239 corrupta,
1332 2161 1461 2220 fieri
1488 2179 1607 2220 non
1633 2162 1843 2238 potuit,
1869 2161 2011 2237 quin
2038 2182 2147 2238 per
2174 2164 2363 2222 multa
2388 2164 2526 2222 inde

255 2281 506 2350 sumpta
532 2278 593 2331 et
617 2291 725 2348 per
753 2273 948 2332 varios
976 2274 1195 2350 gradus
1223 2278 1551 2348 propagata
1577 2271 1921 2348 apographa
1958 2271 2151 2330 malae
2194 2273 2520 2349 scripturae

254 2381 591 2442 laetissime
637 2390 1063 2459 proserperent.
1136 2380 1355 2440 Paucis
1403 2380 1463 2439 id
1514 2380 1795 2457 exemplis
1844 2380 2255 2440 demonstrabo
2270 2423 2291 2456 ,
2346 2382 2525 2440 simul

256 2492 611 2552 docentibus
651 2491 883 2549 nullum
925 2491 1185 2549 codicem
1211 2496 1445 2566 praeter
1471 2489 1546 2561 B,
1586 2499 1646 2549 et
1684 2507 1762 2546 ne
1800 2491 1958 2548 hunc
1987 2490 2224 2563 quidem
2252 2492 2524 2551 omnibus

255 2603 330 2661 in
356 2600 557 2671 rebus,
601 2618 805 2676 presse
833 2600 1193 2674 sequendum
1222 2616 1352 2658 esse
1368 2640 1385 2672 ,
1425 2602 1611 2658 bonas
1654 2598 1974 2675 scripturas
2003 2600 2179 2657 modo
2214 2600 2277 2657 in
2315 2600 2523 2659 melio-

255 2709 458 2782 ribus,
497 2709 672 2767 modo
697 2709 760 2766 in
788 2708 1172 2767 deterioribus
1209 2707 1482 2778 inveniri,
1525 2707 1706 2766 codici
1731 2706 1784 2767 B
1813 2710 1988 2767 modo
2018 2709 2307 2784 meliores,
2349 2711 2525 2769 modo
2617 2781 2622 2786 ,

257 2817 583 2878 deteriores
630 2816 934 2890 accedere,
980 2818 1318 2894 saepissime
1356 2836 1426 2877 eo
1464 2815 1771 2892 vulgatam
1812 2818 2165 2894 scripturam
2205 2814 2240 2899 β
2286 2828 2523 2879 susten-

256 2927 399 3000 tari,
422 2946 542 3002 qua
568 2927 642 2985 de
668 2945 735 2985 re
761 2926 1109 3004 gravissima
1134 2926 1290 2985 inira
1315 2926 1647 2985 accuratius
1676 2927 1922 2986 dicetur.
1962 2927 2060 2985 Ita
2085 2927 2306 2987 habent
2324 2924 2388 2999 4,
2415 2923 2519 2987 91.

260 3039 355 3095 ita
396 3036 581 3094 Delon
615 3031 758 3115 Αβ,
800 3038 882 3094 ita
917 3037 1128 3096 Delum
1168 3034 1247 3106 R,
1278 3039 1501 3095 ittalum
1537 3035 1610 3105 d,
1652 3036 1892 3093 Italiam
1925 3033 2255 3104 Robertus3
2300 3031 2416 3105 32,
2460 3032 2523 3095 3.

261 3146 464 3203 Marte
491 3139 618 3224 Ββ,
657 3164 812 3202 mare
838 3144 969 3217 Vd,
1011 3147 1163 3202 mari
1187 3143 1279 3212 Β,
1320 3139 1426 3213 34,
1458 3136 1603 3198 136.
1644 3159 1743 3199 aes
1770 3137 1952 3219 Bhfi,
1995 3151 2080 3200 est
2106 3139 2257 3212 VR,
2300 3150 2353 3200 et
2382 3140 2526 3212 Td;

259 3252 485 3311 ibidem
513 3256 795 3329 quendam
821 3249 946 3331 Ββ,
988 3254 1229 3328 quedam
1256 3248 1391 3321 Rh,
1431 3250 1711 3324 quaedam
1736 3248 1819 3321 V,
1861 3252 2094 3325 quidam
2122 3251 2162 3308 d
2177 3267 2195 3319 3
2242 3243 2347 3322 34,
2382 3244 2527 3310 165.

262 3364 482 3419 annuis
507 3361 582 3432 B,
611 3381 798 3419 annus
826 3360 975 3432 VR,
1015 3378 1198 3419 annos
1226 3357 1354 3432 Ta,
1386 3376 1502 3434 per
1529 3376 1709 3417 annos
1734 3353 1930 3437 Ῑιδρφ
1950 3353 2012 3439 β;
2054 3352 2159 3430 35,
2190 3354 2294 3417 26.
2323 3361 2527 3434 refice-

266 3477 475 3527 rentur
498 3465 554 3525 B
592 3463 791 3547 (codd.
823 3462 1091 3549 Gelenii)
1125 3464 1189 3549 β,
1232 3471 1603 3545 refigerentur
1631 3467 1702 3540 d,
1744 3471 2161 3546 refrigerentur
2191 3467 2527 3539 RVTN2,

267 3579 759 3654 refrigerarentur
795 3576 870 3648 h,
921 3580 1291 3655 refrigeraret
1327 3576 1414 3650 1³3
1467 3571 1573 3650 35,
1606 3573 1710 3637 28.
1738 3580 1960 3654 alioqui
1995 3573 2122 3659 Ιιβ,
2173 3581 2359 3655 aliqui
2381 3577 2529 3648 BR,

265 3687 488 3763 aliquis
509 3684 593 3756 V,
622 3687 847 3761 aliquos
868 3687 907 3743 d
921 3704 941 3757 3
972 3681 1076 3760 35,
1099 3683 1204 3748 46.
1228 3689 1293 3746 ob
1322 3690 1389 3747 id
1404 3685 1738 3760 BVRTd,
1773 3689 1892 3746 abit
1910 3687 1975 3759 h,
2005 3688 2157 3748 subit
2174 3706 2229 3757 r,
2259 3690 2368 3746 olet
2385 3682 2494 3764 Νβ
2508 3704 2527 3755 ;

153 3833 157 3837 >
268 3790 378 3868 35,
411 3790 514 3855 63.
542 3814 606 3854 eo
632 3792 742 3853 Bh
757 3790 816 3875 β,
843 3814 908 3855 co
936 3795 1020 3868 V,
1051 3817 1160 3874 quo
1187 3797 1325 3868 Rd3
1356 3791 1463 3870 35,
1498 3792 1643 3857 150.
1660 3799 1951 3872 firmiores
1980 3798 2177 3856 usibus
2197 3795 2271 3868 B,
2305 3798 2528 3871 firmio-

270 3906 432 3965 ribus
459 3905 609 3977 VR,
627 3906 918 3980 firmiores
945 3902 1183 3987 ΡᾱῙιβς
1213 3902 1317 3978 36,
1348 3902 1453 3965 43.
1483 3916 1738 3973 constent,-
1768 3917 1893 3966 erat
1920 3909 2070 3966 enim
2096 3903 2170 3978 Β,
2200 3914 2527 3967 constanter
2609 3961 2614 3968 ,

273 4024 336 4072 at
362 4016 509 4073 enim
535 4013 685 4086 VR,
735 4026 1048 4075 constatur.
1078 4025 1140 4075 at
1166 4018 1314 4075 enim
1340 4017 1404 4086 h,
1455 4024 1675 4075 constat
1691 4038 1712 4081 ,-
1755 4025 1818 4073 at
1844 4018 1991 4074 enim
2018 4016 2080 4087 d,
2128 4025 2384 4083 consuat,-
2412 4025 2526 4074 ete-

275 4125 394 4181 nim
423 4117 480 4203 β.
534 4121 666 4180 Iam
709 4142 787 4181 ex
826 4126 1032 4201 paucis
1062 4123 1152 4183 his
1181 4123 1486 4200 exemplis,
1530 4141 1781 4197 quorum
1820 4142 2097 4183 numerus
2133 4125 2196 4183 in
2237 4124 2525 4184 infinitum

282 4231 485 4308 augen'
518 4241 736 4308 posset,
776 4233 834 4292 id
874 4234 1032 4295 clare
1074 4234 1362 4305 videmus,
1403 4231 1636 4293 nullum
1674 4234 1930 4296 codicem
1972 4234 2173 4310 parvis
2207 4235 2532 4313 interpola-
