2961 4861
1218 216 1234 253 N

874 319 1014 366 Lm.
1049 319 1145 377 v1.
1204 319 1361 367 cAP.
1390 321 1653 368 1x-x1.
1716 318 1910 367 snc'r.
1945 322 2121 366 10-12.
2479 306 2603 370 411

365 469 533 535 ultra
569 465 896 533 Adiabeni
940 478 1175 534 tenent.
1246 467 1379 533 Per
1421 468 1724 536 convallis
1769 477 1983 533 autem
2024 469 2325 553 proxumi
2367 469 2606 537 Arme-

364 568 509 634 niae
552 578 704 633 sunt
730 567 1117 635 Menobardi
1146 578 1213 634 et
1238 567 1597 634 Moscheni.
1643 567 2027 636 Adiabenen
2054 567 2273 657 Tigris
2317 580 2383 636 et
2423 594 2606 637 mon-

365 679 461 735 tes
501 669 658 734 invii
703 669 989 756 cingunt.
1033 667 1144 734 Ab
1187 669 1373 736 laeva
1416 670 1554 735 eius
1595 670 1778 759 regio
1819 668 2166 735 Medorum
2209 679 2311 734 est
2353 680 2417 735 et
2457 693 2607 756 pro-

364 781 625 855 spectus
671 768 895 858 Caspii
936 771 1166 850 maris3
1224 794 1309 836 ex
1351 793 1590 837 oceano
1632 771 1773 849 hoc,
1830 780 1905 835 ut
1956 792 2070 836 suo
2113 770 2253 837 loco
2299 771 2608 851 dicemus,

360 874 727 939 infunditur
771 882 1102 956 totumque
1136 870 1470 939 Caucasiis
1498 873 1824 938 montibus
1852 873 2157 960 cingitur.
2200 873 2459 940 Incolae
2493 896 2612 959 per

365 974 707 1041 confinium
747 974 1097 1039 Armeniae
1139 996 1310 1039 nunc
1329 1022 1332 1027 -
1353 973 1670 1038 dicentur.

446 1074 540 1139 X.
602 1077 705 1139 11.
767 1075 1114 1140 Planitiem
1158 1097 1411 1140 omnem
1453 1097 1494 1138 a
1534 1072 1712 1159 Cyro
1754 1095 1963 1158 usque
2005 1074 2409 1141 Albanorum
2449 1098 2611 1165 gens
2638 1100 2702 1145 29

364 1185 558 1253 tenet,
603 1198 753 1241 mox
796 1174 1082 1254 Iberum,
1129 1176 1407 1241 discreta
1449 1174 1531 1240 ab
1573 1174 1655 1239 iis
1699 1197 1885 1239 amne
1926 1173 2219 1240 Alazone
2260 1177 2331 1241 in
2361 1173 2612 1260 Cyrum

366 1274 703 1345 Caucasiis
755 1276 1078 1342 montibus
1132 1276 1474 1342 defluente.
1560 1276 1950 1342 Praevalent
2001 1277 2242 1362 oppida
2291 1277 2613 1346 Albaniae

367 1375 714 1456 Cabalaca,
744 1377 995 1444 Iberiae
1022 1377 1388 1444 Harmastis
1415 1378 1601 1446 iuxta
1626 1377 1885 1456 flumen,
1916 1377 2182 1455 Neoris;
2224 1378 2405 1464 regio
2434 1378 2611 1444 Tha-

362 1479 457 1543 sie
502 1488 568 1544 et
609 1479 833 1544 Triare
875 1500 1080 1563 usque
1123 1479 1208 1543 ad
1249 1477 1617 1562 Paryadras
1673 1478 1933 1543 montis.
2008 1477 2202 1543 Ultra
2256 1489 2407 1544 sunt
2452 1476 2611 1545 Col-

363 1579 581 1649 chicae
648 1580 1056 1658 solitudines,
1133 1600 1407 1663 quarum
1469 1601 1511 1642 a
1573 1579 1771 1644 latere
1843 1579 1929 1644 ad
1995 1577 2352 1645 Ceraunios
2423 1603 2613 1647 verso

362 1679 957 1765 Armenochalybes
1010 1680 1305 1746 habitant
1358 1689 1423 1745 et
1460 1677 1877 1745 Moschorum
1930 1689 2169 1745 tractus
2223 1679 2309 1743 ad
2350 1679 2615 1747 Iberum

362 1803 615 1847 amnem
656 1781 727 1846 in
774 1779 1025 1866 Cyrum
1068 1780 1455 1846 defluentem
1517 1790 1582 1845 et
1621 1780 1793 1845 infra
1846 1802 1958 1845 eos
2003 1777 2345 1846 Sacassani
2388 1792 2454 1846 et
2496 1782 2612 1847 de..

361 1881 511 1946 inde
553 1879 894 1947 Macrones
949 1881 1032 1946 ad
1086 1880 1325 1946 flumen
1367 1879 1717 1946 Absarum.
1793 1878 1906 1946 Sic
1961 1880 2154 1967 plana
2209 1891 2324 1946 aut
2365 1882 2616 1948 devexa

363 1982 753 2069 optinentur.
795 1982 1049 2048 Rursus
1078 1982 1160 2047 ab
1188 1981 1508 2047 Albaniae
1552 1981 1825 2046 confinio
1870 1991 2007 2046 tota
2045 1981 2358 2048 montium
2400 1983 2613 2049 fronte

362 2093 592 2171 gentes
639 2083 963 2151 Silvorum
985 2083 1180 2149 ‘ferae
1224 2093 1289 2148 et
1329 2082 1500 2148 infra
1540 2082 2015 2163 Lubienorum,
2073 2106 2226 2149 mox
2267 2084 2507 2151 Diduri
2550 2096 2616 2157 et

367 2182 571 2258 Sodi-iv
2072 2227 2078 2233 “

452 2285 583 2353 ΧΙ.
646 2286 749 2350 12.
790 2284 900 2351 Ab
942 2285 1022 2350 iis
1066 2296 1216 2350 sunt
1255 2296 1480 2372 portae
1514 2282 1871 2359 Caucasiae
1912 2308 2147 2379 magno
2191 2308 2408 2354 errore
2444 2288 2613 2354 mul·
2641 2310 2706 2361 so

367 2388 450 2454 tis
481 2385 760 2476 Caspiae
804 2388 1035 2468 dictae,
1079 2387 1311 2482 ingens
1353 2396 1620 2455 naturae
1662 2410 1828 2475 opus
1869 2388 2194 2455 montibus
2235 2388 2614 2476 interruptis

365 2598 430 2654 Β.
469 2638 531 2650 ..-
569 2606 625 2658 et,
650 2612 750 2646 om.
775 2597 835 2646 P.
873 2636 936 2644 -.
977 2591 1300 2655 Adiabenem,
1323 2594 1383 2643 P.
1418 2634 1484 2643 -.
1521 2601 1703 2643 montes
1735 2592 1872 2656 invii,
1903 2587 2126 2646 ΒθΤᾶ.
2171 2606 2350 2647 montes
2383 2596 2615 2663 impervii,

364 2679 405 2716 r.
442 2664 663 2715 montium
697 2663 853 2725 sinas,
888 2664 1032 2712 codd.
1067 2662 1244 2713 Gelen.
1277 2658 1336 2723 β.
1372 2660 1603 2712 montium
1635 2660 1766 2712 sinas
1797 2660 1938 2724 invii,
1973 2663 2027 2714 S.
2080 2672 2258 2715 montes
2282 2665 2336 2714 in
2378 2664 2504 2717 VII.
2536 2665 2615 2724 Μ

362 2748 520 2796 pass„
546 2734 690 2782 codd.
713 2731 939 2781 Barbari.
976 2739 1156 2779 montes
1181 2739 1361 2795 septem
1384 2727 1545 2789 milib;
1571 2744 1826 2794 passuum,
1850 2729 1910 2780 P.
1936 2771 2000 2779 ..
2036 2728 2101 2792 Α,
2124 2733 2184 2782 P.
2224 2771 2284 2781 -
2320 2732 2617 2796 Medioram,

364 2799 470 2848 Rd.
509 2840 573 2848 .-
612 2808 654 2849 et
680 2795 984 2863 prospectas,
1015 2799 1074 2847 P.
1112 2794 1184 2845 ad
1217 2805 1534 2862 prospectam,
1579 2796 1701 2848 ΒΤ.
1739 2805 1782 2846 et
1805 2805 2129 2862 prospectam,
2166 2802 2212 2849 d.
2261 2798 2309 2848 in
2333 2809 2615 2865 prospecta,

363 2867 602 2915 Martian.
629 2872 675 2924 6,
703 2871 817 2914 691.
865 2864 1193 2927 corruptelas
1218 2866 1450 2914 codicum
1476 2871 1612 2913 ortas
1635 2879 1746 2914 esse
1769 2872 1895 2927 puto
1921 2880 1987 2914 ex
2011 2880 2090 2924 eo,
2114 2868 2253 2928 quod
2274 2867 2472 2917 Plinius
2495 2868 2615 2931 scri-

364 2933 523 2995 psisse
539 2932 738 2981 videtur
753 2948 814 2981 ac
827 2940 1121 2995 prospectas,
1146 2931 1265 2993 quia
1283 2932 1470 2994 copula
1495 2932 1548 2980 in
1567 2932 1996 2997 praepositionem
2013 2940 2211 2982 mutata
2225 2934 2449 2996 reliquus
2479 2949 2618 2984 error

363 2998 532 3056 facilis
564 2998 677 3047 fuit.
723 3039 787 3046 ...
833 2996 968 3058 haec,
991 2998 1049 3046 P.
1086 3038 1150 3047 ....
1189 3013 1296 3059 sao,
1328 2998 1435 3047 Rd.
1482 2997 1534 3045 in
1569 3013 1675 3059 sao,
1709 2998 1773 3046 Τ.
1809 2996 1874 3059 in,
1896 2999 1956 3050 P.
2003 3037 2066 3047 -
2113 2998 2326 3049 dicemus
2363 3003 2392 3063 §
2428 3007 2510 3051 36.
2545 3041 2610 3050 .-

364 3064 583 3127 Incolae,
601 3066 853 3115 RTPdr.
890 3061 1082 3113 Horam
1107 3062 1306 3125 incolae,
1329 3060 1389 3125 β.

432 3132 462 3194 ἓ
488 3139 569 3183 29.
604 3132 707 3183 Per
733 3130 1000 3197 planitiem,
1024 3123 1292 3181 ΒθΤΡᾱ.
1328 3171 1391 3180 .-
1431 3144 1608 3190 omnes,
1641 3132 1702 3181 P.
1740 3172 1804 3180 .-
1841 3128 1915 3181 ad
1936 3131 2199 3195 albeoram,
2222 3134 2283 3183 P.
2320 3173 2384 3182 .-
2419 3143 2614 3197 flentem,

361 3202 423 3252 P.
461 3241 525 3250 .-
561 3200 650 3261 his,
673 3201 773 3249 ΒΡ
785 3202 831 3250 d.
867 3238 930 3248 ...
968 3195 1209 3258 Alazone,
1239 3199 1448 3248 Barbar.
1474 3199 1523 3246 d.
1569 3212 1801 3259 acapane,
1824 3199 1884 3248 P.
1929 3198 2174 3261 Ocazane,
2197 3200 2318 3250 ΒΤ.
2367 3200 2615 3268 Arayone,

363 3269 522 3319 altera
545 3269 757 3318 Barbari
781 3267 1086 3327 coniectura,
1108 3266 1175 3315 K.
1213 3305 1277 3313 -
1317 3262 1467 3328 Cyru,
1493 3264 1556 3313 Β.
1600 3263 1725 3327 Ciro,
1747 3266 1809 3315 P.
1846 3306 1911 3315 -.
1954 3266 2232 3330 Caucasiis,
2256 3267 2374 3319 ΒΡ.
2423 3266 2615 3320 Cauca-

363 3336 451 3397 sis,
486 3337 535 3385 d.
593 3351 618 3382 e
656 3332 936 3392 Caucasias,
969 3327 1070 3398 βγ.
1108 3372 1172 3381 .-.
1215 3330 1558 3396 defluentibus,
1588 3334 1636 3382 d.
1676 3373 1739 3381 -
1791 3330 2057 3395 Cabalaca,
2089 3335 2196 3385 Rd.
2257 3333 2520 3397 Cabalata,
2552 3338 2613 3387 Ρ.

370 3400 611 3462 Chabala,
644 3403 710 3451 K.
749 3442 812 3450 -.
856 3398 1151 3462 Hiberniae,
1175 3401 1236 3450 P.
1272 3441 1336 3450 .-.
1373 3397 1695 3460 Harmastis,
1728 3401 1934 3450 Barbar.
1977 3400 2306 3464 Pha-masiis,
2339 3404 2402 3452 Β.
2446 3403 2612 3454 Phar-

362 3485 545 3530 masas,
566 3470 659 3519 Pr.
694 3467 999 3529 Phar-nasus,
1024 3469 1127 3517 Td.
1154 3508 1218 3516 .-
1258 3465 1462 3528 Varica,
1485 3466 1642 3516 Hard.
1670 3507 1733 3515 -.
1766 3465 1995 3529 Thassie,
2017 3468 2076 3517 P.
2103 3510 2167 3518 -
2197 3468 2430 3531 Thriare,
2454 3470 2519 3520 R.
2548 3512 2612 3521 -..

361 3554 420 3586 as
445 3553 559 3600 qua,
582 3537 642 3586 P.
664 3576 727 3584 -
758 3554 807 3597 a,
827 3537 887 3585 Ρ.
910 3577 973 3585 ..
994 3531 1313 3600 Paryadras‚
1337 3535 1495 3584 Hard.
1531 3533 1820 3595 Pariedros‚
1844 3536 1981 3585 Pint.
2006 3544 2056 3586 et
2077 3537 2234 3592 Basil.
2269 3537 2613 3600 Parteodoris,

360 3605 425 3654 Β.
460 3603 809 3663 Parteodoros,
824 3597 921 3652 θΤ
934 3605 981 3653 d.
999 3610 1148 3667 parte
1171 3600 1363 3664 odores,
1386 3602 1445 3651 P.
1469 3597 1855 3662 Partedorosst.
1877 3643 1941 3652 ....
1971 3620 2006 3652 a
2029 3604 2200 3664 latere,
2223 3606 2328 3655 Pd.
2355 3604 2537 3666 altera,
2547 3606 2611 3654 Β.

368 3711 434 3719 ...
451 3669 662 3719 Armeni
689 3669 913 3729 Calchas,
946 3671 1006 3720 P.
1038 3710 1103 3718 .-
1129 3667 1446 3719 Emochoram
1471 3670 1662 3719 omisso
1688 3678 1744 3730 et,
1766 3672 1825 3721 Ρ.
1853 3710 1916 3718 -.
1941 3680 1999 3733 et,
2023 3686 2123 3721 om.
2148 3672 2207 3721 P.
2229 3712 2292 3720 -.
2314 3669 2612 3734 Sacassani‚

364 3738 573 3787 Barbar.
611 3735 877 3797 Sacasani,
895 3737 958 3786 Β.
994 3735 1409 3797 Sacassani,Pd.
1446 3734 1711 3798 Sacasani,
1730 3740 1792 3787 T.
1830 3736 2098 3798 Sacasani,
2123 3740 2271 3788 codd.
2295 3739 2521 3788 Barbari.
2547 3780 2610 3788 -

365 3813 425 3865 et,
460 3819 561 3853 om.
594 3805 653 3854 P.
695 3844 753 3853 ..-
791 3804 1071 3866 Macrones,
1103 3804 1311 3853 Bai-bar.
1368 3802 1670 3865 Macerones,
1702 3805 1956 3855 RTPdr.
2010 3805 2339 3866 Machelones,
2371 3806 2508 3856 Pint.
2545 3846 2609 3856 .-

361 3872 631 3933 Absaram,
654 3872 866 3922 Barbar.
918 3871 1224 3933 Absarrum,
1248 3872 1338 3922 R2.
1389 3870 1655 3933 Asarram,
1678 3873 1770 3921 R1.
1823 3871 2135 3936 Asparham,
2159 3875 2265 3923 Td.
2316 3871 2610 3936 Arsacham,

364 3940 424 3994 Ρ.
462 3980 526 3989 ....
564 3948 666 4001 aat,
691 3939 800 3989 Βᾱ.
837 3956 912 4000 ac,
935 3933 1081 4002 Ρβν.
1122 3978 1186 3987 -.
1223 3937 1517 4000 obtinentur,
1540 3939 1606 3988 Β.
1642 3939 1896 4000 obtinetur,
1920 3939 1980 3988 P.
2018 3948 2255 4002 tenentur,
2280 3940 2389 3990 Td.
2428 3981 2492 3990 .-
2527 3944 2609 4001 ab,

363 4007 527 4056 omitt.
561 4007 667 4057 Td.
706 4047 770 4055 -
806 4004 1066 4066 Silvoram,
1098 4005 1162 4054 Β.
1207 4003 1478 4066 Silvaram,
1509 4007 1613 4056 Pd.
1666 4003 1942 4071 Sylvoram,
1973 4001 2031 4068 β.
2069 4048 2133 4056 -
2162 4008 2305 4071 fera,
2340 4008 2404 4059 R.
2442 4049 2505 4058 -
2551 4018 2610 4069 et,

365 4088 467 4127 om.
491 4074 550 4123 P.
586 4114 651 4123 .-.
688 4071 1025 4135 Labienoram,
1047 4074 1259 4124 Barbar.
1296 4071 1646 4138 Lupeniorum,
1668 4074 1886 4125 RTPd.

429 4142 460 4204 ξ
484 4147 566 4191 30.
602 4138 819 4193 Sodiabi
838 4150 984 4204 sant„
1008 4142 1068 4198 P.
1106 4181 1169 4190 ...
1206 4137 1385 4202 maltis,
1417 4133 1633 4198 ROTd.
1688 4158 1724 4192 a
1745 4139 1926 4204 maltis,
1948 4142 1992 4192 P
2017 4139 2202 4207 (Rob.)
2225 4138 2282 4205 β.
2327 4143 2446 4197 vid.
2472 4145 2607 4195 Mar-

361 4209 482 4264 fian.
510 4214 556 4271 6,
582 4214 695 4265 6912
2402 4235 2403 4240 ’
