2961 4861
694 319 835 366 Lm.
865 321 938 367 11.
994 317 1149 368 cnr.
1180 320 1721 368 Lxxxvn-xci.
1780 320 1975 369 sno'r.
2008 323 2188 368 εει-93.
2426 305 2548 372 185

404 472 514 536 90.
584 469 881 554 Namque
946 480 1011 535 et
1071 469 1192 536 hoc
1254 471 1443 537 modo
1506 470 1746 537 insulas
1807 493 2024 538 rerum
2084 483 2314 539 natura
2376 474 2548 541 fecit.
2579 495 2681 539 204

312 572 569 640 Avellit
612 570 897 638 Siciliam
937 572 1188 650 Italiae,
1232 568 1523 659 Cyprum
1552 569 1805 660 Syriae,
1848 573 2182 641 Euboeam
2222 573 2548 655 Boeotiae,

313 671 627 738 Euboeae
677 671 1028 739 Atalanten
1071 683 1137 739 et
1187 670 1463 738 Macrim
1477 720 1498 752 ,
1552 672 1899 741 Besbicum
1941 673 2283 760 Bithyniae
2298 723 2316 754 ,
2374 673 2553 742 Leu-

314 774 561 841 cosiam
605 772 906 840 Sirenum
946 774 1394 860 promontorio.

401 873 822 940 LXXXIX.
898 876 999 940 91.
1065 874 1315 940 Rursus
1371 873 1636 940 abstulit
1694 875 1936 941 insulas
1998 876 2157 941 mari
2219 875 2558 961 iunxitque

314 977 544 1055 terris,
589 976 923 1042 Antissam
961 974 1180 1042 Lesbo
1195 1025 1214 1055 ,
1267 975 1659 1062 Zephyrium
1697 975 2117 1043 Halicarnaso
2133 1024 2152 1056 ,
2195 976 2557 1042 Aethusam

313 1075 573 1162 Myndo
589 1125 608 1155 ,
664 1076 1050 1143 Dromiscon
1105 1087 1172 1142 et
1218 1075 1473 1142 Pernen
1525 1074 1756 1141 Mileto
1773 1123 1793 1155 ,
1847 1075 1911 1140 N
1912 1077 2351 1143 arthecussam
2391 1077 2556 1142 Par-

316 1177 537 1243 thenio
564 1179 1012 1263 promontorio.
1055 1177 1385 1263 Hybanda
1422 1178 1744 1263 quondam
1782 1178 1990 1244 insula
2016 1178 2236 1244 Ioniae
2268 1196 2355 1244 oc
2385 1203 2556 1246 nunc

315 1302 358 1343 a
399 1279 566 1344 mari
608 1279 791 1345 abest
834 1279 1077 1345 stadiis.
1138 1276 1373 1365 Syrien
1400 1278 1700 1365 Ephesus
1742 1279 1810 1343 in
1847 1279 2310 1345 mediterraneo
2338 1280 2554 1360 habet,

314 1378 676 1446 Derasidas
720 1390 787 1445 et
816 1378 1210 1468 Sophoniam
1249 1378 1527 1445 vicinam
1570 1380 1630 1446 ei
1670 1378 2030 1468 Magnesia.
2092 1380 2462 1467 Epidaurus
2492 1393 2559 1447 et

317 1478 596 1546 Oricum
635 1481 879 1547 insulae
924 1503 1066 1547 esse
1109 1480 1457 1547 desierunt.

401 1578 565 1647 XC.
639 1582 742 1647 92.
799 1581 880 1646 In
934 1592 1136 1648 totum
1189 1581 1452 1647 abstulit
1505 1592 1742 1662 terras,
1799 1583 2077 1667 primum
2120 1584 2402 1648 omnium
2444 1583 2557 1648 ubi
2582 1599 2685 1644 205

316 1681 723 1750 Atlanticum
762 1705 934 1747 mare
978 1694 1076 1748 est
1090 1731 1109 1761 ,
1170 1683 1225 1748 si
1265 1682 1521 1749 Platoni
1564 1683 1881 1749 credimus
1897 1730 1917 1762 ,
1975 1683 2262 1747 inmenso
2314 1684 2554 1769 spatio;

317 1805 474 1850 mox
513 1783 784 1863 interno,
829 1806 997 1869 quae
1039 1783 1333 1849 videmus
1374 1782 1585 1860 hodie,
1629 1804 1901 1848 mersam
1933 1783 2362 1848 Acarnaniam
2387 1782 2556 1848 Am-

317 1884 541 1951 bracio
592 1884 764 1963 sinu,
819 1883 1139 1949 Achaiam
1194 1881 1527 1949 Corinthio
1542 1931 1562 1963 ,
1618 1882 1948 1970 Europam
1999 1882 2351 1969 Asiamque
2392 1882 2558 1949 Pro-

317 1984 587 2071 pontide
616 1994 682 2050 et
707 1995 924 2070 ponto.
979 1982 1094 2049 Ad
1128 1984 1251 2050 hoc
1276 1983 1570 2070 perrupit
1597 2006 1772 2048 mare
1798 1983 2126 2063 Leucada,
2170 1981 2555 2063 Antirrium,

317 2084 817 2172 Hellespontum
831 2132 851 2164 ,
893 2083 1217 2171 Bosporos
1260 2084 1442 2150 duos.

405 2183 597 2251 XCI.
672 2185 774 2250 93.
831 2184 1053 2270 Atque
1095 2195 1170 2250 ut
1210 2185 1387 2251 sinus
1430 2195 1500 2252 et
1540 2195 1769 2274 stagna
1809 2196 2238 2272 praeteream,
2291 2186 2434 2274 ipsa
2486 2208 2558 2253 se

236 2367 248 2384 ι
321 2296 564 2353 comest
615 2296 818 2352 terra:
889 2286 1218 2351 devoravit
1275 2283 1580 2352 Cibotum
1635 2287 2012 2353 altissimum
2067 2298 2350 2354 montem
2408 2310 2557 2353 cum

321 2526 631 2590 emicuissent,
664 2527 769 2580 Td.
806 2568 871 2578 -
907 2536 1210 2593 aequantum,
1240 2528 1306 2578 Β.
1343 2566 1406 2577 .-
1438 2526 1694 2592 planitiae,
1729 2526 1797 2578 A.
1836 2524 2056 2592 planitie,
2079 2522 2327 2593 Βαᾶβγ.
2367 2566 2430 2577 .-
2466 2526 2557 2576 iis-

322 2593 445 2656 dem,
468 2612 509 2645 r.
547 2635 611 2644 .-
645 2603 884 2660 staynum,
918 2595 1102 2647 Aado·
1128 2593 1298 2658 (codd.
1336 2593 1544 2658 Gelen.)
1586 2611 1817 2659 maynam,
1851 2596 1915 2647 Β.
1975 2592 2197 2655 stativas,
2232 2594 2458 2658 Scaliger
2490 2597 2557 2645 ad

319 2662 470 2711 Varr.
493 2663 555 2713 L.
578 2664 639 2712 L.
671 2677 721 2726 p.
748 2670 829 2714 24.
862 2665 977 2727 Bip.
1014 2704 1078 2713 -..
1113 2663 1356 2724 institisse,
1388 2663 1452 2712 Β.
1502 2703 1565 2712 -
1607 2661 1921 2730 Prochytam,
1954 2663 2099 2712 Rta.
2143 2662 2417 2729 Procytam,
2452 2664 2556 2714 R’.

319 2727 627 2796 Procylham,
652 2731 720 2780 A.
749 2729 1042 2795 procitham,
1066 2733 1112 2781 d.

391 2798 421 2859 5
449 2802 562 2846 204.
585 2795 857 2860 Atalanten,
875 2799 941 2848 A.
977 2795 1273 2859 Atalantem,
1291 2796 1478 2849 Sabell.
1504 2804 1556 2847 et
1570 2797 1776 2848 Barbar-
1800 2792 2045 2862 Badssr.
2067 2837 2130 2847 ....
2153 2796 2408 2858 Macrian,
2424 2798 2556 2848 ΒΑ.

321 2860 589 2923 Macriam,
612 2880 657 2913 a.
695 2862 963 2924 Marriam,
986 2867 1033 2914 d.
1069 2905 1132 2913 .-
1169 2861 1440 2926 Besbicum,
1471 2864 1678 2914 Barbar.
1712 2867 1779 2915 ad
1815 2871 1860 2925 5,
1897 2871 1978 2914 32.
2002 2866 2032 2927 ς
2061 2870 2172 2914 150.
2205 2866 2309 2915 Ra.
2354 2863 2558 2914 Besbic·

319 2945 444 2990 cum,
478 2931 543 2980 A.
588 2929 867 2992 Berbicum,
901 2933 948 2980 d.
994 2929 1275 2997 Besbycam‚
1297 2927 1355 2993 β.
1395 2972 1458 2980 -
1494 2928 1737 2991 Sisenum,
1772 2931 1840 2980 A.
1878 2971 1942 2980 -.
1976 2929 2216 2991 Antisam,
2248 2931 2316 2980 A.
2355 2970 2419 2979 .-
2462 2929 2557 2978 Ze-

311 2993 559 3062 phyrium,
583 2999 634 3048 R
649 3001 672 3035 ²
688 2998 833 3047 Tad.
872 2997 1171 3064 Sephyrium,
1194 2999 1262 3050 A.
1298 2996 1619 3063 Zephyriam,
1642 3013 1683 3046 r.
1719 2994 2010 3062 Zephyrum,
2034 2998 2084 3046 Β
2100 2999 2117 3032 1
2132 2992 2189 3057 β.
2219 3035 2281 3043 -
2316 2994 2557 3046 Halicar-

319 3079 453 3125 nass,
476 3065 523 3113 d.
562 3105 625 3114 -
658 3062 939 3125 ΑετῘιαεαηι,
960 3066 1095 3116 Pint.
1129 3063 1423 3125 Aechasam,
1449 3060 1506 3113 θ.
1552 3062 1801 3123 echiusan,
1825 3064 1926 3112 R2.
1976 3063 2196 3122 echusan,
2220 3062 2269 3110 Β
2286 3065 2303 3098 1
2319 3063 2428 3111 Aa.
2476 3077 2558 3110 ea-

321 3146 491 3191 cusan,
534 3133 580 3180 d.
632 3129 967 3194 Aethecasam,
1008 3134 1169 3182 altera
1206 3133 1342 3181 Pint.
1397 3131 1701 3179 coniectura.
1756 3169 1819 3177 -
1875 3125 2076 3192 Myndo,
2116 3128 2211 3176 Aa
2224 3129 2263 3175 ².
2328 3125 2559 3191 Myndro,

321 3198 374 3247 Β
391 3198 408 3232 1
426 3214 458 3248 a
472 3200 491 3235 ¹
507 3200 555 3248 d.
597 3198 855 3262 Μμηοάνο,
879 3200 981 3249 Βὶ.
1021 3239 1084 3247 -
1118 3197 1423 3256 Dromiscon,
1446 3197 1589 3246 Aao·
1607 3194 1775 3257 (codd.
1803 3191 2007 3256 Gelon.)
2051 3192 2326 3257 Domiscon,
2350 3197 2400 3245 Β
2417 3198 2434 3231 1
2450 3197 2555 3246 Td.

320 3262 596 3326 Domiscan,
614 3267 717 3316 R2.
755 3306 818 3314 .-
853 3267 1059 3325 Pernen,
1091 3264 1338 3314 RAado·
1364 3260 1535 3323 (codd.
1571 3259 1774 3323 Gelen.)
1807 3260 2048 3323 Prienem,
2071 3262 2278 3312 Barbar.
2317 3303 2380 3313 ....
2415 3262 2556 3313 Nar-

321 3329 579 3392 thoeusam,
610 3332 749 3382 Aad
779 3329 953 3392 (codd.
989 3328 1194 3392 Gelon.)
1238 3327 1643 3390 Narthethasam,
1678 3330 1742 3378 Β.
1787 3326 2147 3390 Arthemisiam,
2180 3343 2227 3378 σ.
2266 3371 2329 3380 .-.
2368 3327 2555 3395 Syrien,

321 3399 515 3449 RSad.
555 3397 765 3462 Syr-icen,
788 3400 856 3448 A.
906 3398 1020 3449 Om.
1045 3397 1107 3449 T.
1151 3398 1270 3448 Vid.
1308 3403 1353 3458 5,
1382 3402 1513 3458 115„
1545 3396 1632 3446 ubi
1653 3397 1860 3447 Barbar.
1885 3404 2099 3460 utroque
2121 3398 2239 3446 loco
2263 3406 2352 3447 aut
2376 3397 2555 3461 Syrien

321 3473 411 3514 aut
433 3462 627 3531 Syriten
647 3465 919 3526 legendum
944 3481 1053 3516 esse
1076 3466 1162 3514 ait.
1182 3505 1245 3513 -
1265 3462 1624 3527 mediterraneo,
1649 3465 1950 3515 RATadr.
1975 3462 2339 3526 mediterranea,
2363 3460 2408 3526 β
2416 3478 2468 3528 γ.
2491 3506 2554 3514 -.

324 3530 645 3595 Saphoniam,
670 3530 774 3579 Td.
812 3531 1159 3596 Sapphoniam,
1181 3532 1326 3582 Aa&
1366 3531 1652 3597 Saponiaan,
1677 3547 1709 3582 a
1725 3534 1760 3581 ¹.
1808 3531 2123 3597 Sapponiam,
2146 3533 2209 3581 Β.
2249 3573 2313 3582 -.
2349 3532 2555 3582 vicinam

322 3597 382 3658 ei,
406 3597 617 3647 ATdo.
664 3595 829 3658 vicine,
851 3600 952 3648 Β1.
989 3598 1146 3649 vicina
1169 3607 1253 3660 est,
1275 3600 1377 3649 Rt.
1423 3599 1589 3649 vicina
1614 3598 1672 3660 ei,
1697 3594 1840 3663 αβγ.
1879 3639 1941 3647 -
1979 3597 2262 3664 Maynesia,
2285 3599 2393 3648 Aa.
2432 3596 2553 3646 Ma·

318 3662 470 3728 ynesi,
495 3665 542 3712 d.
578 3662 845 3728 Maqnesie,
866 3666 917 3715 Β
941 3663 992 3727 (e
1013 3681 1042 3716 e
1065 3663 1220 3728 corr.)

391 3732 560 3795 §205.
590 3729 793 3796 primus,
826 3733 928 3782 R1.
966 3773 1029 3782 -.
1072 3731 1357 3794 Atlantium,
1381 3732 1570 3783 3¹2¹.
1616 3773 1680 3782 .-
1725 3730 1924 3781 Platoni
1951 3731 2005 3780 in
2037 3731 2248 3779 Timaeo
2281 3743 2333 3791 p.
2370 3734 2450 3778 25.
2491 3769 2554 3778 —

322 3796 543 3859 inmenso,
561 3799 711 3849 Aad.
749 3798 974 3861 inmense,
993 3801 1042 3850 Β
1061 3801 1092 3848 1.
1119 3801 1167 3849 in
1188 3798 1356 3862 medio,
1374 3801 1423 3849 Β
1439 3802 1473 3848 ².
1495 3840 1559 3849 .-
1581 3816 1722 3863 quae,
1745 3799 1954 3848 RAad.
1983 3814 2091 3860 quo,
2121 3796 2194 3845 Sr
2216 3793 2467 3858 (Richel.)
2490 3838 2551 3845 ,-

322 3863 551 3925 videmus,
593 3867 642 3916 Β
683 3863 935 3929 (Richel.)
982 3863 1206 3927 vidimus,
1246 3867 1399 3917 Aad.
1448 3907 1512 3916 -.
1570 3864 1712 3917 hodie
1744 3880 1947 3913 mersam
1977 3860 2332 3924 Acarnaniam,
2372 3864 2507 3913 Aa²
2524 3867 2558 3914 d

323 3928 575 3994 (Richel.)
610 3930 754 3981 hodie
785 3949 992 3982 mersam
1027 3932 1368 3983 Acarnaniam
1401 3933 1470 3994 in,
1503 3933 1605 3981 Βῑ.
1650 3932 1829 3982 Omitt.
1861 3931 2058 3981 R1a1.
2105 3927 2352 3994 hodieque,
2396 3923 2453 3979 θ.
2492 3971 2553 3979 .-

324 3998 466 4060 mari,
498 4001 561 4049 R.
608 4040 672 4049 -.
716 3997 1044 4061 Antirrhium,
1074 4002 1282 4051 Barbar.
1315 4000 1382 4049 A.
1435 3997 1777 4061 Antypirram,
1810 4000 1874 4048 Β.
1924 3994 2269 4062 Antipyrrum‚
2306 3997 2451 4048 Tad.
2492 4039 2553 4047 -.

317 4075 589 4129 praeterea,
613 4068 677 4116 Β.
715 4106 777 4115 .-
811 4084 863 4118 se
895 4077 1077 4130 comest,
1108 4068 1243 4118 Pint.
1283 4059 1382 4117 Oa.
1429 4080 1559 4129 quae
1588 4080 1640 4113 se
1669 4073 1856 4125 comest,
1878 4079 1917 4113 r.
1960 4079 2115 4113 secam
2138 4073 2219 4127 est,
2243 4065 2554 4118 R1A'rsd.

325 4148 451 4195 quae
481 4147 639 4182 secum
672 4141 756 4197 est,
787 4135 986 4185 Richel.
1035 4152 1088 4185 se
1120 4131 1339 4195 condens,
1372 4127 1528 4193 Rtfi.
1570 4172 1631 4181 -.
1676 4130 1898 4194 Uibonem,
1929 4132 2062 4183 Pint.
2095 4131 2145 4182 Β
2162 4133 2179 4168 1
2196 4133 2263 4183 A.
2320 4129 2555 4195 Gabatum,

322 4200 428 4249 Rt.
469 4196 711 4264 Cybelum,
743 4196 925 4266 adfir.
