2961 4861
372 313 376 318 ’
460 287 582 348 120
1152 300 1558 346 NATURAms
1603 299 1993 346 ms'romAE

454 453 709 531 accidit,
752 451 1221 537 inperatoribus
1263 450 1682 536 vespasianis
1711 460 1894 535 patre
1938 468 2038 513 111.
2083 449 2214 514 filio
2256 450 2493 516 iterum
2545 474 2726 518 con-

453 554 716 621 sulibus.

535 654 729 724 XIV.
806 656 906 717 11.
949 652 1208 716 Lunam
1252 673 1504 737 semper
1547 651 1789 717 aversis
1832 675 1872 716 a
1914 652 2046 719 sole
2090 652 2416 731 cornibus,
2463 654 2523 718 si
2552 676 2719 720 cre-
2752 673 2818 717 ss

454 766 610 834 scat,
656 765 832 821 ortus
862 763 1172 838 spectare,
1220 752 1275 816 si
1316 752 1664 830 minuatur,
1709 773 1996 829 occasus,
2039 749 2199 817 haut
2240 753 2511 820 dubium
2559 764 2667 819 est
2688 779 2713 831 3

449 858 666 922 lucere
711 855 1055 919 dodrantes
1099 852 1462 920 semuncias
1504 852 1804 918 horarum
1846 853 1929 918 ab
1980 853 2264 918 secunda
2306 853 2713 920 adicientem

449 977 655 1039 usque
709 955 791 1019 ad
847 954 1110 1039 plenum
1164 952 1383 1019 orbem
1437 954 2005 1038 detrahentemque
2056 953 2126 1028 in
2168 954 2707 1034 deminutionem,

447 1057 616 1121 intra
658 1054 1170 1140 quattuordecim
1213 1064 1428 1121 autem
1469 1055 1673 1139 partis
1713 1056 1864 1121 solis
1893 1077 2149 1140 semper
2177 1056 2499 1121 occultam
2528 1078 2706 1122 esse.

451 1155 601 1239 Quo
673 1166 1052 1242 argumento
1120 1157 1389 1242 amplior
1454 1156 1805 1221 errantium
1865 1157 2192 1221 stellarum
2251 1179 2444 1241 quam
2501 1157 2706 1221 lunae

446 1257 821 1343 magnitudo
866 1257 1188 1345 colligitur
1209 1306 1228 1336 ,
1296 1257 1553 1341 quando
1607 1256 1754 1323 illae
1813 1267 1879 1321 et
1935 1279 1975 1321 a
2033 1257 2316 1342 septenis
2366 1256 2706 1322 interdum

446 1358 736 1443 partibus
779 1369 1129 1446 emergant.
1199 1355 1334 1424 Sed
1376 1357 1646 1422 altitudo
1691 1357 1868 1445 cogit
1906 1349 2187 1421 minores
2229 1356 2434 1422 videri
2460 1404 2480 1435 ‚
2527 1357 2704 1421 sicut

447 1457 692 1523 adfixas
736 1459 910 1526 caelo
956 1459 1105 1524 solis
1148 1459 1363 1545 fulgor
1401 1458 1681 1523 interdiu
1723 1480 1852 1523 non
1897 1456 2092 1534 cerni,
2138 1480 2286 1522 cum
2329 1479 2536 1541 aeque
2584 1457 2699 1523 diu

447 1580 524 1623 ac
563 1570 760 1625 noctu
800 1561 1059 1625 luceant
1099 1559 1296 1643 idque
1338 1558 1750 1623 manifestum
1784 1558 1896 1622 fiat
1924 1558 2187 1622 defectu
2215 1557 2368 1623 solis
2400 1568 2466 1622 et
2492 1580 2697 1644 prae-

446 1682 486 1723 a
513 1660 555 1723 t·
795 1659 812 1676 ⁶
856 1709 871 1724 .

486 1660 868 1827 Ιὲἲξῖῄῗιὲ.
914 1758 1284 1826 Errantium
1326 1770 1541 1825 autem
1584 1770 1712 1824 tres
1735 1808 1755 1838 ,
1815 1782 1994 1844 quas-
2032 1781 2232 1844 supra
2275 1762 2474 1827 solem
2517 1762 2694 1827 dixi·
2723 1779 2795 1823 59

446 1881 590 1925 mus
623 1862 799 1938 sitas,
845 1863 1246 1927 occultantur
1288 1870 1572 1926 meantes
1603 1883 1749 1926 cum
1778 1882 1889 1935 eo;
1936 1861 2310 1926 exoriuntur
2350 1885 2508 1927 vero
2548 1886 2693 1928 ma-

446 1960 673 2037 tutine,
719 1960 1123 2025 discedentes
1164 1961 1454 2046 partibus
1497 1983 1846 2045 numquam
1886 1960 2161 2045 amplius
2204 1963 2496 2029 undenis.
2555 1963 2693 2029 Po-

445 2069 583 2122 stea
624 2058 952 2124 radiorum
995 2060 1132 2123 eius
1187 2070 1484 2125 contactu
1525 2072 1839 2149 reguntur
1880 2072 1944 2126 et
1986 2060 2054 2124 in
2097 2063 2405 2147 triquetro
2447 2087 2487 2128 a
2530 2087 2689 2150 par-

444 2156 618 2226 tibus
661 2168 917 2224 centum
961 2159 1190 2245 viginti
1233 2161 1537 2226 stationes
1579 2162 1922 2226 matutinas
1964 2162 2209 2227 faciunt
2242 2185 2418 2249 ‚quae
2448 2176 2513 2230 et
2546 2166 2687 2251 pri-

444 2279 586 2322 mae
629 2268 957 2337 vocantur,
1001 2282 1155 2324 mox
1196 2261 1264 2325 in
1306 2262 1578 2327 adverso
1621 2286 1660 2325 a
1699 2262 1990 2346 partibus
2034 2273 2299 2329 centum·
2333 2266 2684 2352 octoginta,

445 2363 710 2424 exortus
739 2361 1162 2447 vespertinos,
1206 2363 1565 2449 iterumque
1608 2364 1676 2427 in
1720 2375 1978 2444 centum
2001 2363 2252 2452 ‘viginti
2292 2364 2375 2429 ab
2418 2366 2544 2433 alio
2584 2368 2683 2432 la-

445 2472 579 2526 tere
609 2463 1215 2548 adpropinquantes,
1263 2465 1568 2532 stationes
1597 2465 1996 2551 vespertinas
2025 2488 2187 2550 quas
2219 2467 2536 2532 secundas
2563 2490 2681 2532 vo·
2725 2502 2738 2513 ι

442 2570 591 2627 cant
611 2610 629 2640 ,
693 2564 896 2629 donec
950 2567 1293 2631 adsecutus
1345 2567 1413 2630 in
1464 2566 1757 2652 partibus
1810 2566 2122 2631 duodenis
2176 2569 2459 2633 occultet
2511 2569 2678 2646 illas,

441 2662 553 2746 qui
596 2665 946 2750 vespertini
996 2688 1259 2731 occasus
1312 2668 1730 2752 appellantur.
1801 2667 2033 2732 Martis
2077 2668 2261 2733 stella
2300 2677 2377 2732 ut
2416 2671 2681 2754 propior
2708 2691 2771 2736 σο

518 2833 653 2898 ΙΙΙ.,
677 2838 840 2888 RTd.
896 2848 962 2900 et,
995 2840 1056 2888 P.
1112 2855 1197 2899 ac,
1241 2853 1273 2886 a
1304 2836 1552 2900 (Richel.)
1615 2841 1895 2890 Numerum
1932 2841 2193 2905 vulgarem
2234 2855 2343 2890 esse
2384 2850 2680 2906 corruptum

439 2900 627 2953 docent
666 2906 886 2967 nummi,
935 2922 1052 2956 cum
1086 2905 1290 2955 tertium
1331 2907 1654 2957 consulatum
1686 2908 2031 2970 Vespasianus
2072 2915 2266 2970 gereret
2306 2922 2425 2957 cum
2460 2908 2677 2959 Cocceio

440 2966 608 3019 Nerva
650 2968 902 3033 (Eckhel.
935 2977 1003 3027 D.
1035 2974 1099 3025 N.
1135 2979 1189 3035 6,
1223 2971 1391 3036 323.)‚
1444 2982 1681 3035 quartum
1723 2989 1858 3024 anno
1903 2976 2147 3038 sequenti,
2194 2974 2297 3037 q'uo
2343 2975 2495 3025 Titus
2542 2977 2678 3025 filius

435 3040 717 3090 secundum
749 3043 853 3105 egit
877 3041 1119 3106 (Eckhel.
1159 3047 1204 3103 6,
1240 3038 1398 3103 330.).
1433 3042 1570 3091 Hinc
1601 3043 1838 3091 Petavius
1863 3044 2021 3092 doctr.
2048 3049 2201 3105 temp.
2227 3048 2276 3102 2,
2306 3048 2419 3094 180.
2445 3050 2498 3092 et
2518 3043 2673 3092 Hard.

442 3098 475 3149 Ῑ
488 3101 544 3152 V.
571 3109 922 3172 coniecerunt,
955 3112 1009 3159 in
1044 3124 1195 3174 quem
1219 3116 1389 3158 tamen
1422 3124 1612 3161 annum
1635 3124 1712 3159 res
1738 3109 1976 3158 caelestes
2000 3126 2032 3159 a
2052 3110 2222 3158 Plinio
2247 3116 2475 3159 narratas
2500 3111 2676 3159 cadere

434 3178 593 3232 nogat
615 3175 893 3239 Broterius,
936 3179 1021 3241 qui
1041 3187 1183 3243 patre
1207 3184 1254 3227 et
1259 3176 1378 3240 filio
1400 3176 1584 3226 rectius
1607 3177 1710 3239 legi
1732 3184 1892 3240 putat.
1933 3214 1994 3224 ...
2029 3177 2196 3226 iterum
2217 3176 2505 3237 consulibus,
2531 3177 2581 3225 Β
2598 3179 2674 3230 ²d.

436 3230 507 3284 11
528 3242 826 3304 consulibus,
850 3246 900 3294 Β
917 3248 928 3277 ¹
945 3246 1007 3294 Τ.
1045 3243 1166 3305 eius,
1188 3245 1288 3293 Pa.
1717 3280 1720 3283 2

503 3300 534 3380 ᾗ
573 3311 652 3356 58.
699 3310 948 3371 adversis,
988 3312 1048 3359 P.
1095 3350 1159 3358 -..
1205 3319 1445 3373 spectare,
1489 3311 1577 3359 ad.
1624 3318 1898 3374 expectare,
1939 3312 2057 3360 ΒΡ.
2099 3350 2154 3359 .-
2206 3310 2479 3372 dodrantis,
2515 3308 2672 3361 ΤΡσ.

432 3362 580 3447 «Ἀξίίο
614 3371 897 3425 dodrantem
932 3386 999 3437 et,
1031 3393 1070 3425 r.
1109 3417 1172 3424 -
1209 3376 1527 3437 semiuncias,
1550 3376 1610 3426 P.
1654 3416 1707 3424 -
1749 3395 1797 3438 a,
1819 3379 1878 3427 P.
1916 3418 1978 3426 .-
2017 3376 2306 3439 adiiciente,
2330 3379 2449 3428 BP.
2485 3418 2550 3427 ..-
2588 3379 2671 3428 de-

429 3439 759 3502 minutionem,
786 3436 912 3492 Oad
946 3441 1203 3504 (Oudend.
1228 3444 1292 3489 ad
1315 3441 1455 3492 Suet.
1482 3443 1628 3492 Caes.
1654 3449 1699 3492 5.
1737 3459 1765 3493 e
1789 3447 1934 3495 codd.
1959 3442 2164 3507 Leidd.)
2209 3443 2577 3505 deminutiones,
2602 3445 2671 3495 Τ.

430 3492 810 3571 deminutionem,
833 3505 1047 3573 ΒΡβγ.
1088 3547 1149 3556 -.
1176 3516 1219 3556 et
1241 3525 1289 3569 a,
1315 3509 1363 3558 R
1379 3510 1455 3557 ²d.
1493 3518 1550 3569 et,
1574 3510 1623 3558 R
1641 3510 1764 3559 ¹Pa.
1801 3511 1965 3573 etiam,
1990 3507 2069 3561 Θι-
2090 3510 2243 3575 (liber
2265 3512 2478 3562 Salmas.
2504 3526 2668 3563 exerc.

428 3574 478 3630 ιλ
504 3572 621 3623 (508.
643 3590 689 3624 a.
706 3572 800 3637 D.)
822 3577 1062 3641 ÷fnlyor
1077 3572 1307 3636 interdiu,
1326 3575 1389 3624 Β.
1397 3573 1590 3642 sulqor.
1610 3574 1849 3640 Interdiu,
1870 3573 1926 3628 8.
1937 3577 2143 3643 fialyore
2158 3579 2382 3640 interdiu,
2399 3575 2669 3640 Pausi.-

423 3644 612 3700 mac,
648 3655 696 3690 σ.
736 3684 798 3692 -
838 3641 921 3693 die
962 3661 1040 3703 ac,
1072 3643 1172 3692 Ρσ.
1211 3658 1285 3701 ac,
1316 3637 1653 3708 RTGadrr.
1711 3646 1793 3696 De
1833 3646 1916 3696 diu
1947 3662 1994 3697 V.
2026 3648 2234 3698 Doderl.
2265 3647 2353 3696 lat.
2387 3646 2667 3710 Synonym.

430 3700 476 3751 Q.
505 3708 624 3756 888.
664 3750 726 3758 .-
757 3719 911 3771 nocte,
933 3711 991 3760 P.
1033 3749 1095 3759 -.
1132 3709 1302 3770 luceat,
1325 3710 1384 3758 P.
1425 3749 1488 3758 -
1527 3708 1732 3776 defectu,
1759 3707 1935 3763 θεᾶν.
1971 3714 2159 3778 defece,
2193 3716 2255 3764 Β.
2302 3713 2584 3777 defectibus,
2606 3710 2666 3775 β.

421 3764 611 3822 Qum.
638 3776 696 3825 Ρ.
736 3816 800 3826 -..
838 3778 968 3837 solis,
995 3793 1096 3826 om.
1120 3777 1181 3826 P.
2475 3808 2480 3813 ,

495 3830 525 3895 Q
557 3842 653 3907 Μ).ι
679 3840 907 3904 ᾰίκίηῑαε,
933 3844 1251 3896 RTPKad.
1288 3842 1507 3905 dicimuS,
1529 3839 1587 3905 β.
1635 3844 1752 3896 vid.
1777 3844 1808 3906 ἓ
1834 3854 2069 3898 32-34.
2113 3887 2169 3896 .-
2210 3849 2353 3909 sitas,
2379 3863 2481 3897 om.
2502 3849 2562 3900 P.
2603 3889 2662 3897 ..

416 3912 532 3949 ΜΝ
570 3924 641 3968 so,
675 3925 774 3960 om.
809 3913 908 3961 R'.
960 3952 1020 3960 -
1066 3910 1322 3972 mondino,
1357 3926 1457 3960 om.
1493 3913 1575 3961 (1¹.
1627 3952 1688 3960 -
1736 3910 2163 3977 &scandente-epo.
2220 3914 2582 3978 descendentes,
2617 3918 2664 3965 d.

410 4003 786 4135 sffmndentea,
811 4046 859 4093 R
882 4045 910 4092 ¹.
949 3994 1178 4106 descgtetne,
1203 4061 1247 4094 a.
1286 4044 1505 4108 discente,
1533 4047 1660 4097 liber
1682 4048 1905 4110 optimus
1929 4047 2085 4097 Salm.
2112 4064 2275 4099 exerc.
2312 4064 2361 4112 p.
2389 4054 2503 4100 508.
2527 4065 2575 4098 a.
2598 4051 2664 4100 A.

408 4154 416 4169 ἢ
473 4100 701 4168 &sn-voum,
726 4110 776 4158 Β
792 4114 825 4158 ².
864 4110 978 4162 Om.
1004 4111 1062 4160 P.
1090 4152 1150 4160 -
1175 4112 1411 4173 undenis5
1444 4114 1710 4164 duodecim
1737 4122 1902 4177 partes
1927 4116 2152 4167 tribuunt
2174 4116 2394 4167 Saturne
2418 4116 2665 4167 Fir-micus

412 4158 456 4213 *³
500 4166 572 4220 14η
616 4172 854 4225 Martian.
877 4177 1002 4241 Cap.
1030 4184 1076 4227 8.
1113 4177 1143 4237 ἓ
1180 4185 1295 4229 886.
1336 4221 1396 4229 ..
1434 4189 1659 4240 contactu,
1696 4180 1930 4231 Sabellio.
1964 4183 2166 4233 RPad.
2220 4193 2477 4245 contractu,
2512 4198 2561 4233 σ.
2603 4195 2662 4233 .·..

436 4242 674 4299 ΜΨἫΜ,
714 4238 989 4295 ΒΤθειᾱι·
1021 4243 1160 4305 (libri
1192 4246 1415 4296 Tumebi
1452 4251 1563 4297 εὰν.
1605 4255 1681 4306 18,
1718 4246 1823 4307 24.)
1860 4259 2093 4313 regnantur,
2128 4246 2236 4311 Ρβ.
2273 4252 2391 4301 Vid.
2426 4252 2661 4302 Martian.

966 4458 1081 4523 Ἣ
