2961 4861
439 369 645 412 vam
1366 368 1745 411 PRAEFATIO.

439 521 716 581 historiae
749 519 1009 581 intulisse
1047 520 1140 579 his
1183 520 1376 581 verbis
1411 523 1751 597 profitetur:
1798 521 2060 596 „Ingens
2086 519 2269 580 Plinii
2309 522 2710 583 historiarum

441 628 717 690 volumen
755 631 1187 706 elegantissime
1227 630 1513 706 scriptum
1549 677 1634 688 .-
1663 678 1747 689 -..
1775 678 1860 688 -
1900 635 1961 688 et
1998 638 2339 709 corruptum
2388 628 2706 691 correxit'?

441 733 536 820 (v.
567 736 843 798 Guiberti
881 739 1079 798 abbat.
1118 737 1193 796 de
1231 738 1571 813 Novigento
1601 756 1801 814 opera,
1831 757 1896 814 p.
1930 734 2100 810 716„
2140 748 2200 798 et
2236 757 2390 815 quae
2416 741 2543 818 ipse
2571 741 2708 799 dixi

440 849 504 906 in
531 848 730 906 diariis
759 846 1120 907 scholasticis
1152 842 1338 907 1833.
1382 866 1475 904 nr.
1508 841 1611 906 52.
1653 865 1716 922 p.
1745 840 1954 927 414.).
2005 845 2255 906 Praeter
2279 849 2391 908 hos
2420 868 2565 908 vero
2592 870 2704 909 er·-

440 974 603 1016 rores
641 956 805 1014 aliud
845 973 1050 1013 eorum
1091 972 1278 1031 genus
1319 953 1635 1013 maximam
1685 954 2159 1030 depravationem
2201 958 2520 1016 verborum
2556 956 2701 1016 Pli-

442 1065 751 1123 nianorum
802 1063 1017 1135 effecit,
1067 1063 1308 1122 lacunas
1358 1062 1517 1134 dico,
1569 1080 1819 1137 quarum
1856 1062 2081 1138 largior
2118 1066 2329 1123 messis
2379 1065 2484 1124 vix
2533 1069 2701 1143 apud

441 1173 634 1232 ullum
670 1173 850 1231 alium
888 1173 1230 1251 scriptorem
1266 1170 1546 1230 Latinum
1586 1172 1916 1243 invenitur3
1959 1192 1993 1231 e
2034 1170 2289 1232 Graecis
2330 1193 2486 1232 unus
2522 1173 2697 1234 Pau-

440 1283 638 1341 sanias
680 1282 792 1340 hoc
829 1282 1061 1341 nomine
1099 1300 1232 1340 cum
1272 1280 1470 1339 Plinio
1509 1281 1836 1356 comparari
1881 1287 2096 1356 potest.
2169 1280 2392 1341 Contra
2436 1284 2700 1343 liberum

440 1392 566 1451 fere
593 1410 656 1452 se
682 1393 871 1450 tenuit
896 1390 1287 1467 glossematis,
1309 1406 1509 1463 .quae,
1540 1388 1721 1446 sicubi
1743 1388 2143 1462 inveniuntur,
2172 1388 2357 1449 ferme
2387 1401 2529 1450 sunt
2555 1410 2698 1469 sup·

441 1503 739 1578 plementa
763 1500 1139 1558 librariorum
1168 1500 1244 1555 ad
1272 1497 1618 1574 explicanda
1649 1498 1948 1574 asyndeta,
1992 1500 2068 1555 ad
2106 1499 2526 1575 expediendam
2555 1520 2696 1560 con-

444 1612 827 1670 structionem
856 1603 1011 1667 κατὰ
1052 1602 1278 1666 σύνεσιν
1309 1600 1427 1687 (uti
1457 1602 1572 1679 34,
1622 1601 1765 1665 153.
1808 1606 2147 1666 eiiciendum
2185 1607 2297 1666 fuit
2323 1603 2599 1689 prodest)
2638 1619 2699 1669 et

447 1721 668 1780 similes
696 1739 793 1779 res
820 1719 1096 1779 minores.
1769 1736 1776 1743 ’

527 1831 631 1890 Ad
660 1831 903 1889 lacunas
930 1829 1109 1905 igitur
1136 1846 1270 1887 cum
1299 1828 1417 1886 iam
1444 1833 1800 1904 perventum
1829 1827 1925 1900 sit,
1955 1834 2091 1885 ante
2114 1826 2307 1885 omnia
2325 1826 2422 1885 hic
2441 1827 2694 1902 loquen—

444 1941 586 1999 dum
629 1945 721 1996 est
758 1939 832 1995 de
874 1937 1070 1994 codice
1106 1938 1517 2011 Bamberqensi
1553 1937 1670 1994 iam
1700 1954 1881 2012 supra
1908 1922 2232 2012 descripto,
2277 1936 2441 1994 cuius
2467 1936 2694 2012 prima-

444 2049 602 2106 rium
649 2047 924 2104 meritum
973 2046 1037 2102 in
1061 2044 1202 2120 ipsis
1249 2046 1369 2104 illis
1417 2045 1643 2102 lacunis
1693 2052 1752 2102 et
1800 2044 2264 2104 demonstrandis
2301 2052 2361 2103 et
2389 2046 2694 2122 explendis

448 2157 721 2215 cernitur.
762 2155 848 2212 Et
874 2161 964 2212 est
991 2154 1227 2228 quidem
1255 2154 1350 2211 hic
1376 2152 1566 2212 codex
1593 2154 1854 2211 omnium
1880 2152 2290 2212 Plinianorum
2315 2155 2490 2231 longe
2516 2174 2693 2231 prae-

448 2265 843 2324 stantissimus
860 2270 938 2335 et,
956 2262 1158 2337 quales
1185 2280 1323 2320 raro
1345 2261 1663 2321 editoribus
1685 2269 1951 2321 veterum
1977 2263 2327 2339 scriptorum
2352 2263 2692 2335 obveniunt,

446 2394 521 2435 ex
542 2373 859 2453 archetypo
881 2391 989 2432 suo
1011 2373 1087 2430 ab
1106 2371 1351 2430 librario
1371 2371 1456 2430 ita
1476 2371 1824 2448 descriptus,
1840 2378 1909 2429 ut
1929 2370 2021 2430 hic
2041 2372 2103 2429 in
2124 2372 2567 2432 transcribendo
2587 2381 2694 2432 aut

445 2503 674 2543 summa
693 2483 1052 2558 negligentia
1065 2490 1326 2540 uteretur
1344 2489 1448 2539 aut
1469 2482 1771 2557 archetypi
1784 2481 2135 2558 scripturam
2145 2499 2261 2540 non
2276 2482 2493 2556 ubique
2514 2483 2691 2541 intel-

445 2594 675 2669 ligeret.
703 2592 785 2650 Et
804 2593 935 2660 hoc,
961 2594 1119 2666 quod
1138 2600 1440 2667 postremo
1459 2591 1592 2648 loco
1613 2591 1755 2662 dixi,
1779 2591 1918 2649 huic
1935 2591 2179 2650 librario
2199 2609 2318 2649 non
2340 2591 2522 2649 semel
2543 2592 2692 2650 acci·

445 2702 606 2760 disse
633 2701 842 2758 docent
866 2700 982 2757 loci
1009 2700 1214 2774 quales
1242 2710 1380 2758 sunt
1406 2696 1513 2773 32,
1547 2695 1713 2771 140„
1743 2700 1848 2758 ubi
1870 2718 1981 2775 pro
2001 2701 2183 2759 Aiunt
2206 2703 2287 2758 ita
2308 2710 2537 2759 curatos
2556 2701 2618 2758 in
2636 2699 2691 2757 B

447 2810 664 2887 legitur
692 2811 859 2868 nunti
884 2818 937 2867 et
963 2818 1193 2868 curatos
1222 2811 1294 2880 εἰ,
1324 2807 1422 2866 vel
1438 2803 1556 2880 35,
1592 2806 1673 2880 7.,
1703 2808 1807 2866 ubi
1832 2827 1942 2885 pro
1972 2811 2280 2869 stimulatio
2307 2810 2368 2866 in
2395 2807 2452 2865 B
2475 2809 2693 2885 leg-itur

446 2921 776 2990 stemmatio,
818 2917 911 2976 vel
954 2911 1067 2989 35,
1103 2913 1184 2988 1.,
1213 2917 1318 2974 ubi
1348 2935 1483 2974 cum
1508 2916 1788 2975 librarius
1818 2917 2029 2976 codicis
2057 2916 2110 2974 Β
2137 2918 2364 2976 litteras
2391 2917 2451 2974 in
2479 2917 2689 2977 archc-

444 3038 586 3108 typo
614 3038 743 3089 cata
762 3046 949 3105 prope
975 3045 1092 3084 non
1121 3024 1373 3102 amplius
1401 3025 1595 3100 legere
1623 3033 1844 3101 posset,
1875 3027 2130 3102 spatium
2159 3044 2410 3085 vacuum
2429 3026 2688 3100 reliquit.

444 3138 640 3197 Multo
684 3138 916 3214 saepius
953 3145 1153 3194 tamen
1192 3134 1582 3212 negligentiae
1621 3134 1837 3193 crimen
1878 3136 1940 3194 in
1966 3135 2270 3194 librarium
2299 3135 2475 3207 cadit,
2521 3137 2689 3195 cuius

446 3249 716 3324 exempla
742 3246 855 3305 hoc
880 3247 1011 3304 loco
1041 3263 1495 3304 commemorare
1522 3263 1640 3302 non
1670 3262 1817 3320 opus
1840 3244 2090 3317 videtur,
2121 3263 2255 3302 cum
2277 3263 2353 3302 ex
2372 3244 2500 3319 ipsa
2526 3243 2688 3302 Iani

448 3349 760 3415 collatione
798 3354 953 3430 typis
991 3371 1274 3429 expressa
1310 3371 1488 3410 nemo
1525 3370 1644 3410 non
1681 3346 1908 3410 affatim
1952 3371 2022 3411 ea
2048 3360 2251 3429 petere
2276 3354 2484 3429 possit.
2527 3352 2688 3412 Hinc

446 3464 705 3537 ineptam
747 3479 986 3517 manum
1023 3461 1273 3536 primam
1310 3467 1520 3536 postea
1561 3460 1902 3536 corrigendo
1915 3503 1933 3532 ,
1974 3462 2267 3533 radendo,
2313 3480 2495 3538 supra
2536 3463 2685 3522 scri-

446 3572 641 3632 bendo
670 3569 1055 3640 emendatam,
1084 3574 1155 3625 ut
1179 3570 1422 3626 chartae
1450 3585 1775 3644 parcerem,
1802 3587 1919 3627 non
1946 3571 2164 3644 ubique
2192 3570 2548 3628 afferendam
2576 3591 2686 3647 pu·

446 3681 590 3753 tavi,
631 3679 738 3739 sed
764 3686 892 3737 tum
919 3677 1176 3748 demum,
1219 3662 1319 3734 ubi
1345 3675 1576 3734 referre
1605 3678 1935 3749 videbatur,
1964 3687 2213 3753 utraque
2239 3688 2366 3737 tum
2394 3698 2575 3737 manu
2600 3681 2687 3739 ita

449 3790 563 3849 sibi
581 3790 874 3865 apposita,
896 3795 964 3846 ut
992 3804 1094 3844 eas
1122 3803 1230 3861 per
1248 3783 1334 3841 Βι
1366 3792 1425 3842 et
1443 3785 1530 3843 Β2
1551 3785 1964 3860 discernerem,
1988 3805 2239 3861 quarum
2261 3789 2543 3862 siglarum
2566 3790 2686 3847 iam

448 3902 908 3958 consentaneum
938 3905 1032 3954 est
1056 3894 1249 3971 priore
1268 3894 1616 3971 plerumque
1638 3895 1986 3954 deteriorem
2008 3896 2335 3970 lectionem,
2358 3898 2684 3973 posteriore

452 4008 743 4068 veriorem
781 4005 1110 4081 significari.
1152 4005 1333 4063 Haud
1368 4023 1507 4062 raro
1544 4010 1741 4061 tamen
1777 4004 1910 4080 ipsa
1935 4024 2146 4064 manus
2173 4007 2363 4083 prima
2390 4007 2685 4064 veriorem

448 4116 763 4174 lectionem
805 4114 1059 4185 exhibet,
1089 4115 1178 4172 uti
1206 4109 1320 4184 32,
1354 4109 1476 4186 10.,
1509 4114 1609 4170 ubi
1637 4111 1722 4169 13¹
1750 4121 1909 4171 recte
1937 4113 2115 4173 habet
2141 4118 2366 4175 mitulos
2383 4157 2401 4186 ,
2429 4113 2519 4171 Β2
2547 4134 2683 4174 cum

450 4226 747 4304 plerisque
775 4224 1043 4285 omnibus
1071 4223 1238 4283 codd.
1261 4223 1486 4295 vitulos,
1510 4222 1669 4296 quod
1687 4221 2201 4298 interpolationem
2222 4209 2406 4300 vulgo
2426 4241 2683 4300 regnan-
