2961 4861
318 294 441 361 316
1011 312 1418 360 NATURALIS
1462 311 1852 360 ms'romAE

315 460 706 526 Exeundum
751 459 986 526 deinde
1026 471 1145 545 est,
1191 470 1265 525 ut
1295 470 1516 524 extera
1543 459 1844 546 Europae
1874 460 2168 527 dicantur
2197 472 2564 549 transgres-
2595 485 2669 529 ⁹4

318 563 532 646 sisque
581 560 864 648 Ripaeos
913 560 1147 625 montis
1195 559 1347 626 litus
1396 561 1622 631 oceani
1674 561 2185 647 septentrionalis
2234 563 2303 627 in
2352 565 2565 642 laeva,

317 664 525 729 donec
565 663 976 749 perveniatur
1020 659 1245 739 Gadis,
1288 661 1655 749 legendum.
1729 662 1985 729 Insulae
2041 665 2378 749 conplures
2423 666 2568 730 sine

315 763 677 829 nominibus
723 785 798 828 eo
843 763 968 826 situ
1012 759 1368 838 traduntur,
1423 783 1506 825 ex
1548 760 1783 846 quibus
1827 772 1974 827 ante
2019 761 2354 847 Scythiam
2397 787 2567 849 quae

318 865 677 950 appellatur
718 860 1056 927 Raunonia
1099 883 1292 925 unam
1335 859 1560 926 abesse
1605 862 1731 927 diei
1776 885 1989 942 cursa,
2044 864 2112 927 in
2156 886 2349 950 quam
2391 865 2566 929 Veris

320 977 605 1051 tempore
646 962 947 1028 fluctibus
993 963 1298 1028 electrum
1343 962 1631 1042 eiciatur,
1677 962 1983 1028 Timaeus
2024 965 2347 1050 prodidit3
2410 966 2561 1031 reli-

318 1087 445 1151 qua
494 1067 683 1131 litora
736 1064 980 1130 incerta
1042 1064 1293 1150 signata
1356 1063 1549 1129 fama.
1631 1060 2165 1149 septentrionalis
2250 1087 2559 1132 oceanus:

285 1172 298 1176 ”
315 1166 725 1232 Amalchium
767 1187 920 1230 eum
959 1163 1329 1230 Hecataeus
1372 1164 1655 1250 appellat
1696 1189 1735 1230 a
1760 1164 2155 1251 Parapaniso
2185 1189 2391 1245 amne,
2437 1188 2566 1250 qua

320 1265 658 1352 Scythiam
719 1265 943 1343 adluit,
1005 1263 1179 1348 quod
1234 1287 1467 1329 nomen
1523 1265 1659 1330 eius
1711 1265 1924 1351 gentis
1982 1265 2206 1353 lingua
2248 1266 2566 1354 significat

320 1369 727 1455 congelatum
738 1393 756 1446 ;
814 1366 1151 1433 Philemon
1202 1364 1691 1431 Morimarusam
1735 1390 1774 1430 a
1819 1365 2097 1432 Cimbris
2151 1368 2390 1444 vocari,
2445 1366 2566 1433 hoc

320 1479 419 1534 est
474 1479 798 1533 mortuum
853 1490 1060 1546 mare,
1120 1467 1272 1533 inde
1325 1488 1533 1552 usque
1591 1466 1673 1531 ad
1726 1467 2227 1552 promontorium
2279 1466 2563 1544 Rubeas,

319 1570 488 1655 ultra
532 1568 763 1632 deinde
794 1564 1121 1632 Cronium.
1173 1566 1544 1651 Xenophon
1569 1564 2056 1653 Lampsacenus
2099 1591 2138 1630 a
2179 1567 2364 1633 litore
2397 1565 2565 1652 Scy·
2593 1591 2661 1635 95
2764 1592 2775 1605 ·

321 1672 573 1735 tharum
625 1667 821 1732 tridui
876 1668 1284 1754 navigatione
1337 1666 1614 1733 insulam
1663 1689 1808 1733 esse
1860 1667 2187 1733 inmensae
2238 1668 2565 1756 magnitu-

323 1771 489 1836 dinis
531 1767 808 1834 Baltiam
852 1767 1065 1846 tradit,
1091 1784 1092 1787 ’
1114 1766 1383 1832 eandem
1408 1765 1694 1851 Pytheas
1722 1765 2029 1833 Basiliam
2071 1767 2378 1832 nominat.
2433 1768 2565 1834 Fe-

322 1883 552 1935 runtur
608 1880 672 1936 et
726 1868 951 1935 Oonae
1005 1868 1072 1932 in
1127 1867 1359 1952 quibus
1414 1867 1552 1933 ovis
1613 1868 1829 1933 avium
1887 1877 1951 1933 et
2002 1868 2267 1935 havenis
2323 1869 2565 1935 incolae

322 1972 572 2049 Vivant,
632 1971 793 2034 aliae
847 1970 915 2045 in
971 1967 1203 2050 quibus
1258 1968 1507 2053 equinis
1565 1968 1841 2055 pedibus
1883 1969 2170 2035 homines
2223 1981 2566 2036 nascantur

323 2070 752 2159 Hippopodes
795 2068 1119 2155 appellati,
1163 2067 1585 2133 Panotiorum
1627 2069 1787 2133 aliae
1829 2069 1897 2133 in
1940 2069 2173 2154 quibus
2201 2070 2377 2136 nuda
2403 2071 2563 2137 alio-

326 2173 482 2258 quin
525 2191 790 2257 corpora
833 2168 1267 2255 praegrandes
1309 2168 1594 2254 ipsorum
1638 2189 1825 2236 aures
1870 2180 2004 2235 tota
2046 2181 2408 2258 contegant.
2453 2171 2564 2236 In-
2593 2195 2658 2239 96

394 2384 424 2447 ξ
448 2387 529 2433 94.
556 2379 627 2432 ad
649 2377 866 2440 eundem,
888 2378 954 2428 K.
982 2416 1044 2427 ...
1070 2383 1283 2437 caetera,
1306 2391 1345 2425 r.
1375 2413 1436 2425 ....
1462 2374 1874 2439 transyressique,
1897 2376 2029 2427 Rob.
2056 2417 2117 2426 -,
2144 2376 2383 2443 Ripaeos,
2407 2378 2471 2427 R,
2497 2419 2559 2428 ,-

332 2448 513 2508 Gadis,
535 2448 648 2499 ΒΑ
671 2444 856 2509 (Rob.)
898 2444 1080 2504 Gades,
1106 2439 1249 2509 ᾶβγ.
1292 2483 1344 2491 -
1386 2441 1654 2493 Baunonia
1677 2458 1838 2504 unam,
1864 2446 1966 2494 Td.
2014 2444 2299 2495 Raunomsa
2321 2464 2478 2506 unam,
2500 2448 2564 2496 Β.

326 2517 585 2567 Baunonia
609 2532 768 2576 unam,
799 2509 891 2564 Gr.
943 2512 1207 2563 Baunonia
1232 2528 1393 2572 unam,
1416 2512 1484 2561 A.
1530 2509 1906 2572 Bannomanna,
1929 2507 1986 2572 β.
2043 2513 2162 2569 Vid,
2188 2514 2366 2564 Ukert.
2390 2528 2565 2577 geogr.

325 2592 424 2634 vet.
448 2585 543 2634 ΙΙΙ.
571 2589 618 2631 2.
642 2598 692 2645 p.
720 2587 834 2630 351.
875 2620 937 2629 -.
974 2579 1089 2640 diei,
1112 2578 1338 2628 RATd.
1377 2596 1410 2627 a
1436 2577 1640 2641 Scythia
1664 2575 1777 2638 diei,
1799 2574 1857 2639 β.
1894 2618 1956 2627 -.
1996 2595 2113 2642 qua,
2136 2581 2200 2629 Β.
2239 2620 2303 2630 ...
2339 2590 2566 2645 tempore,

324 2652 435 2701 ΒΑ
452 2643 638 2699 OTdr.
679 2646 924 2709 temperie,
945 2641 1002 2707 β.
1031 2686 1093 2694 .-
1128 2644 1349 2705 eiciatur,
1373 2645 1438 2693 Β.
1478 2645 1701 2705 ieciatur‚
1726 2645 1793 2694 A.
1830 2644 2072 2707 eiiciatur,
2097 2641 2240 2712 ᾶβγ.
2269 2687 2332 2697 ...
2376 2647 2568 2697 Timae-

327 2733 403 2778 us,
425 2716 661 2777 frag-mm.
686 2720 769 2763 33.
793 2715 870 2763 ed.
894 2713 1096 2764 Muner.
1150 2710 1390 2762 Ceterum
1410 2726 1457 2760 V.
1485 2715 1567 2773 37,
1592 2718 1673 2761 35.
1700 2718 1780 2761 36.
1809 2753 1872 2761 ..-
1907 2712 2099 2776 reliqua
2123 2713 2286 2775 litora,
2310 2713 2418 2764 Rd.
2456 2714 2567 2764 lito·

328 2799 392 2831 ra
425 2780 632 2845 reliqua,
664 2781 731 2830 A.
777 2779 939 2841 litora,
973 2780 1035 2830 Τ.
1074 2819 1137 2827 ...
1174 2778 1251 2826 sic
1285 2786 1423 2839 nata,
1457 2781 1505 2828 d.
1546 2818 1608 2827 .-
1657 2777 2082 2840 septentrionalem
2105 2797 2345 2843 oceanum,
2376 2781 2566 2831 Dicuil.

327 2865 486 2900 mens.
514 2850 619 2898 orb.
644 2848 765 2897 VH.
792 2853 838 2909 5,
865 2852 910 2897 1.
948 2887 1011 2896 ...
1047 2843 1340 2908 Amalcium,
1362 2846 1430 2896 A.
1466 2845 1574 2896 Sua
1595 2846 1718 2894 hinc
1739 2847 1956 2910 sumpsit
1980 2848 2140 2897 Solin.
2171 2854 2250 2909 19,
2275 2856 2323 2899 2.
2350 2889 2412 2898 -.
2449 2865 2567 2909 eum,

329 2918 493 2967 omitt.
517 2913 567 2964 R
591 2912 832 2977 (Dicuil.)
870 2955 933 2964 ...
968 2913 1265 2974 Hecataeus,
1288 2914 1496 2963 Barbar.
1521 2913 1631 2963 Ad.
1667 2912 1943 2975 Haecatez‘c,
1967 2916 2030 2964 Β.
2081 2914 2363 2977 Vecataeus,
2387 2929 2435 2964 σ.
2472 2915 2569 2966 Ce-

328 2994 492 3035 terum
513 2999 561 3034 V.
586 2984 829 3035 Hecataei
851 2982 1086 3045 fragmm.
1116 2986 1227 3031 160.
1253 2983 1329 3029 ed.
1353 2981 1555 3030 Muller.
1592 3020 1653 3029 -.
1692 2980 2022 3045 Parapaniso,
2045 2982 2112 3031 A.
2165 2980 2498 3044 Paropaniso,
2519 2995 2569 3031 σ.

326 3052 638 3117 Paropanso,
662 3053 726 3102 Β.
762 3049 1081 3114 Parapasino
1104 3057 1155 3098 et
1175 3047 1442 3108 Parasino,
1468 3049 1614 3096 codd.
1637 3048 1844 3098 Dicuili.
1897 3047 2237 3113 Paropamiso,
2260 3044 2363 3112 βγ.
2422 3050 2571 3100 Cete-

327 3136 441 3171 rum
462 3122 616 3171 Verba
639 3136 673 3169 a
693 3118 820 3169 Par.
840 3159 903 3168 ...
926 3115 1075 3168 alluit
1098 3131 1233 3180 pone
1257 3130 1464 3164 oceanus
1489 3115 1707 3164 collocat
1721 3115 1857 3164 Pint.
1882 3155 1945 3164 .-
1982 3115 2077 3180 qui,
2101 3116 2288 3165 Dicuil.
2308 3155 2375 3165 ...
2394 3116 2571 3178 abluit,

327 3189 378 3237 Β
398 3190 428 3235 ¹.
468 3227 530 3236 -
571 3185 730 3249 yemis
764 3184 939 3249 linqua
968 3183 1245 3249 siqniftcat,
1279 3183 1312 3232 d
1346 3178 1590 3244 (Dicuil.)
1643 3180 1802 3245 yentis
1835 3182 2110 3246 siqnificat,
2144 3184 2267 3233 ΒΤ.
2322 3182 2575 3246 siqnifi'cae

327 3252 499 3317 qentis,
524 3253 590 3300 A.
627 3290 691 3300 -.
723 3252 928 3314 ylemon,
953 3266 1002 3315 p.
1031 3292 1094 3301 ..
1132 3249 1249 3299 inde
1270 3265 1433 3313 usque,
1457 3250 1629 3313 por
1651 3245 1891 3310 (Dicuil.)
1926 3265 2095 3313 usque,
2119 3245 2337 3312 ΒΑβγ.
2365 3289 2426 3298 -
2461 3249 2573 3299 Ru-

331 3322 460 3378 beas,
483 3319 672 3367 Dicuil.
697 3325 750 3367 et
772 3318 934 3368 Solin.
983 3318 1224 3378 Rusbeas,
1248 3316 1461 3381 RAdp.
1502 3358 1564 3366 .-
1605 3313 1841 3378 Cronium,
1862 3317 2069 3368 Barbar.
2094 3318 2147 3368 A
2172 3314 2409 3381 (Dicuil.)
2455 3317 2572 3369 Cre·

330 3387 476 3445 nium,
499 3385 649 3434 Rda.
695 3382 927 3444 Gremum,
952 3398 1000 3446 p.

396 3454 426 3516 ξ
452 3457 532 3502 95.
568 3448 810 3512 Baltiam,
845 3450 1044 3501 Cluver.
1082 3451 1251 3501 Germ.
1286 3459 1388 3501 ant.
1421 3458 1468 3501 3.
1503 3466 1553 3514 p.
1594 3456 1706 3502 161.
1769 3449 2083 3503 Confirmant
2105 3450 2380 3514 (1(ΒὶοηὶΙί
2412 3453 2575 3502 codex

329 3518 504 3583 unus.)
539 3518 789 3578 Balciam,
822 3518 976 3581 RAp
1010 3516 1227 3580 (Dicuili
1260 3519 1422 3568 codex
1455 3516 1624 3581 alter.)
1663 3559 1725 3568 ....
1762 3516 1984 3579 tradidit,
2009 3521 2056 3568 d.
2096 3561 2158 3569 ,-
2195 3517 2385 3580 eadem,
2420 3533 2470 3582 p.
2508 3558 2575 3568 .-

330 3585 569 3653 Pytheas,
600 3586 792 3637 Dicuili
817 3585 982 3633 codex
1004 3599 1151 3634 unus.
1195 3582 1469 3651 Phytheas‚
1493 3586 1618 3635 ΒΑ.
1662 3584 1894 3650 Phyteas,
1919 3601 1953 3650 p
1977 3583 2191 3648 (Dicuili
2217 3589 2383 3636 codex
2406 3583 2575 3648 alter.)

330 3654 552 3715 Phiteas,
578 3657 625 3705 d.
660 3654 780 3704 vid.
804 3653 963 3703 Fuhr.
999 3649 1214 3717 Pytheas
1238 3667 1335 3699 aus
1360 3649 1628 3714 Massilia,
1652 3667 1701 3717 p.
1730 3657 1808 3703 75.
1844 3693 1907 3702 ...
1942 3651 2212 3715 Basiliam,
2235 3654 2439 3717 BApo’
2457 3650 2578 3715 (Di-

332 3724 454 3773 cuili
478 3726 643 3773 codex
672 3718 848 3783 unus.)
901 3717 1173 3776 Balisiam‚
1197 3721 1230 3770 d
1253 3716 1474 3782 (Vatic.)
1509 3721 1684 3785 Atque
1707 3721 1780 3769 ita
1799 3721 2043 3770 Letronn.
2078 3721 2130 3770 in
2155 3728 2370 3784 quaestt.
2397 3722 2459 3771 de
2480 3721 2578 3771 Di-

335 3792 470 3841 cuilo
493 3805 546 3855 p.
574 3795 654 3840 53.
683 3793 797 3839 147.
821 3789 1094 3852 legendum
1125 3801 1234 3837 esse
1258 3787 1469 3848 dixerat,
1496 3802 1648 3851 quam
1673 3789 1966 3851 opinionem
1988 3789 2096 3852 ipse
2118 3796 2300 3852 postea
2322 3789 2389 3837 ad
2410 3790 2578 3851 ipsum

333 3858 527 3908 Dicuili
558 3858 733 3908 locum
765 3856 1066 3907 retractavit.
1113 3851 1382 3914 Baletiam,
1415 3856 1543 3904 alter
1575 3856 1740 3905 codex
1759 3856 1969 3905 Dicuili.
2008 3896 2070 3905 ...
2106 3855 2372 3917 nominant,
2404 3856 2474 3905 A.
2513 3894 2578 3905 ....

341 3924 525 3987 Oonae,
547 3940 600 3990 p.
642 3922 846 3985 Oeonas,
868 3924 937 3975 A.
978 3921 1150 3984 Oeone,
1174 3922 1266 3973 Bd
1290 3919 1477 3984 (Rob.)
1528 3921 1760 3983 anones,
1785 3923 1925 3972 Mela
1947 3921 2046 3972 ΙΙΙ.
2074 3929 2122 3984 6,
2147 3929 2194 3973 8.
2230 3922 2395 3974 Solin.
2425 3928 2505 3983 19,
2531 3927 2578 3972 6.

342 3990 605 4055 Oeocenae,
635 3991 844 4053 Dicuil.,
878 3994 944 4041 ad
976 4006 1128 4056 quem
1159 4005 1206 4039 V.
1239 3990 1485 4041 Letronn.
1519 4004 1570 4054 p.
1608 3995 1722 4040 148.
1765 3988 2069 4051 anonaeae,
2092 3991 2252 4042 Hard.
2290 4030 2353 4039 ...
2390 3988 2442 4036 in
2473 3987 2581 4053 qui-

337 4059 444 4120 bus,
462 4074 512 4122 p.
551 4061 658 4124 quis
683 4075 731 4120 n,
755 4061 819 4109 Β.
867 4059 975 4122 quis
998 4058 1031 4120 i,
1056 4061 1103 4109 d.
1152 4057 1279 4121 quio,
1302 4058 1371 4109 A.
1416 4072 1640 4122 quarum,
1663 4057 1855 4107 Dicuil.
1895 4097 1957 4106 ....
1995 4057 2164 4108 avium
2197 4057 2501 4106 marinarum
2533 4063 2581 4105 et

337 4128 509 4176 avenis
543 4125 690 4189 vulqo
714 4125 1037 4187 nascentibus,
1072 4125 1233 4177 Solin.
1267 4133 1318 4175 et
1338 4125 1527 4176 Dicuil.
1556 4164 1618 4173 ...
1645 4122 1873 4185 advenis,
1898 4126 1980 4175 dr.
2019 4124 2177 4173 avium
2203 4122 2425 4174 advenae
2447 4131 2489 4172 et
2513 4124 2582 4172 in-

336 4190 490 4256 colae¹
511 4193 577 4245 K.
605 4233 669 4242 -
706 4191 894 4256 equinis
927 4232 990 4242 -
1024 4194 1074 4243 in
1101 4192 1275 4257 qm‘bus
1307 4207 1409 4242 om.
1444 4193 1510 4242 Β.
1549 4232 1611 4241 ...
1640 4191 1912 4257 ypopodes,
1948 4207 1998 4256 p.
2044 4192 2165 4243 vid.
2188 4192 2311 4243 Mel.
2347 4198 2399 4240 et
2420 4191 2580 4242 Solin.

335 4262 371 4313 1.
396 4261 432 4312 1.
471 4300 534 4312 ..
569 4257 896 4320 Panotiorum,
933 4259 1153 4310 Tui-neb.
1188 4261 1300 4330 ady.
1335 4264 1383 4321 6,
1420 4264 1498 4310 19.
1537 4273 1602 4309 ex
1625 4258 1807 4311 Isidori
1842 4260 2002 4324 origg.
2027 4259 2123 4312 XI.
2149 4266 2198 4320 3,
2226 4263 2304 4309 19.
2344 4258 2581 4310 Faue-sio-
