<?xml version="1.0" encoding="UTF-8"?>
<!DOCTYPE html PUBLIC "-//W3C//DTD XHTML 1.0 Transitional//EN"
    "http://www.w3.org/TR/xhtml1/DTD/xhtml1-transitional.dtd">
<html xmlns="http://www.w3.org/1999/xhtml" xml:lang="en" lang="en">
 <head>
  <title>
</title>
<meta http-equiv="Content-Type" content="text/html;charset=utf-8" />
  <meta name='ocr-system' content='tesseract 3.04.00' />
  <meta name='ocr-capabilities' content='ocr_page ocr_carea ocr_par ocr_line ocrx_word'/>
</head>
<body>
  <div class='ocr_page' id='page_1' title='image "./cplinisecundina00sillgoog_0103.png"; bbox 0 0 2961 4861; ppageno 0'>
   <div class='ocr_carea' id='block_1_1' title="bbox 1161 366 2467 412">
    <p class='ocr_par' dir='ltr' id='par_1_1' title="bbox 1161 366 2467 412">
     <span class='ocr_line' id='line_1_1' title="bbox 1161 366 2467 412; baseline -0.002 -1"><span class='ocrx_word' id='word_1_1' title='bbox 1161 366 1542 412; x_wconf 67' lang='lat' dir='ltr'>PRAEFATIO.</span> <span class='ocrx_word' id='word_1_2' title='bbox 2405 368 2467 409; x_wconf 79' lang='lat' dir='ltr'>u</span> 
     </span>
    </p>
   </div>
   <div class='ocr_carea' id='block_1_2' title="bbox 189 516 2770 4294">
    <p class='ocr_par' dir='ltr' id='par_1_2' title="bbox 189 516 2770 4294">
     <span class='ocr_line' id='line_1_2' title="bbox 194 516 2469 599; baseline -0.004 -15"><span class='ocrx_word' id='word_1_3' title='bbox 194 532 371 592; x_wconf 73' lang='lat' dir='ltr'>cam,-</span> <span class='ocrx_word' id='word_1_4' title='bbox 425 526 461 593; x_wconf 65' lang='grc' dir='ltr'>ἐ</span> <span class='ocrx_word' id='word_1_5' title='bbox 511 518 661 599; x_wconf 70' lang='lat'>151,</span> <span class='ocrx_word' id='word_1_6' title='bbox 701 538 936 597; x_wconf 86' lang='lat' dir='ltr'>gemma</span> <span class='ocrx_word' id='word_1_7' title='bbox 986 520 1225 598; x_wconf 76' lang='lat' dir='ltr'><strong>capnitis</strong></span> <span class='ocrx_word' id='word_1_8' title='bbox 1260 521 1477 581; x_wconf 80' lang='lat' dir='ltr'>dicitur</span> <span class='ocrx_word' id='word_1_9' title='bbox 1520 520 1805 596; x_wconf 72' lang='lat' dir='ltr'>pluribus.</span> <span class='ocrx_word' id='word_1_10' title='bbox 1838 516 2020 596; x_wconf 54' lang='lat' dir='ltr'>spiris</span> <span class='ocrx_word' id='word_1_11' title='bbox 2056 521 2318 595; x_wconf 79' lang='lat' dir='ltr'>fumida,</span> <span class='ocrx_word' id='word_1_12' title='bbox 2368 518 2469 578; x_wconf 89' lang='lat' dir='ltr'>ubi</span> 
     </span>
     <span class='ocr_line' id='line_1_3' title="bbox 195 628 2472 708; baseline -0.002 -17"><span class='ocrx_word' id='word_1_13' title='bbox 195 633 399 691; x_wconf 84' lang='lat' dir='ltr'>media</span> <span class='ocrx_word' id='word_1_14' title='bbox 440 650 576 691; x_wconf 81' lang='lat' dir='ltr'>vox</span> <span class='ocrx_word' id='word_1_15' title='bbox 608 631 673 690; x_wconf 89' lang='lat' dir='ltr'>in</span> <span class='ocrx_word' id='word_1_16' title='bbox 712 631 881 690; x_wconf 84' lang='lat' dir='ltr'><strong>codd.</strong></span> <span class='ocrx_word' id='word_1_17' title='bbox 915 630 977 689; x_wconf 91' lang='lat' dir='ltr'>in</span> <span class='ocrx_word' id='word_1_18' title='bbox 1018 632 1229 708; x_wconf 75' lang='lat' dir='ltr'>ispidis</span> <span class='ocrx_word' id='word_1_19' title='bbox 1264 636 1326 689; x_wconf 87' lang='lat' dir='ltr'>et</span> <span class='ocrx_word' id='word_1_20' title='bbox 1365 631 1616 706; x_wconf 75' lang='lat' dir='ltr'>hispidis</span> <span class='ocrx_word' id='word_1_21' title='bbox 1657 634 1934 705; x_wconf 88' lang='lat' dir='ltr'>corrupta</span> <span class='ocrx_word' id='word_1_22' title='bbox 1968 628 2201 705; x_wconf 86' lang='lat' dir='ltr'>ingenio</span> <span class='ocrx_word' id='word_1_23' title='bbox 2248 628 2472 687; x_wconf 84' lang='lat' dir='ltr'>librarii</span> 
     </span>
     <span class='ocr_line' id='line_1_4' title="bbox 191 716 2470 817; baseline -0.001 -18"><span class='ocrx_word' id='word_1_24' title='bbox 191 739 250 799; x_wconf 92' lang='lat' dir='ltr'>B</span> <span class='ocrx_word' id='word_1_25' title='bbox 288 716 548 800; x_wconf 80' lang='lat' dir='ltr'>transiit</span> <span class='ocrx_word' id='word_1_26' title='bbox 583 740 646 800; x_wconf 86' lang='lat' dir='ltr'>in</span> <span class='ocrx_word' id='word_1_27' title='bbox 683 741 961 817; x_wconf 78' lang='lat' dir='ltr'>iaspidis,</span> <span class='ocrx_word' id='word_1_28' title='bbox 1015 748 1076 799; x_wconf 87' lang='lat' dir='ltr'>et</span> <span class='ocrx_word' id='word_1_29' title='bbox 1110 739 1176 797; x_wconf 90' lang='lat' dir='ltr'>in</span> <span class='ocrx_word' id='word_1_30' title='bbox 1213 738 1347 816; x_wconf 88' lang='lat' dir='ltr'>ipsa</span> <span class='ocrx_word' id='word_1_31' title='bbox 1385 738 1757 816; x_wconf 80' lang='lat' dir='ltr'>peroratione</span> <span class='ocrx_word' id='word_1_32' title='bbox 1791 737 1972 796; x_wconf 84' lang='lat' dir='ltr'>totius</span> <span class='ocrx_word' id='word_1_33' title='bbox 2013 737 2206 813; x_wconf 84' lang='lat' dir='ltr'>operis</span> <span class='ocrx_word' id='word_1_34' title='bbox 2241 736 2470 796; x_wconf 88' lang='lat' dir='ltr'>Ianus</span> 
     </span>
     <span class='ocr_line' id='line_1_5' title="bbox 189 842 2473 929; baseline -0.001 -21"><span class='ocrx_word' id='word_1_35' title='bbox 189 868 255 926; x_wconf 86' lang='lat' dir='ltr'>p.</span> <span class='ocrx_word' id='word_1_36' title='bbox 286 845 448 909; x_wconf 81' lang='lat'><strong>467.</strong></span> <span class='ocrx_word' id='word_1_37' title='bbox 491 842 697 908; x_wconf 51' lang='lat' dir='ltr'>multa*</span> <span class='ocrx_word' id='word_1_38' title='bbox 725 848 1083 925; x_wconf 84' lang='lat' dir='ltr'>interpolata</span> <span class='ocrx_word' id='word_1_39' title='bbox 1124 842 1370 929; x_wconf 85' lang='lat' dir='ltr'>censet),</span> <span class='ocrx_word' id='word_1_40' title='bbox 1414 866 1620 906; x_wconf 86' lang='lat' dir='ltr'>verum</span> <span class='ocrx_word' id='word_1_41' title='bbox 1647 847 1905 905; x_wconf 86' lang='lat' dir='ltr'>maiores</span> <span class='ocrx_word' id='word_1_42' title='bbox 1934 846 2113 906; x_wconf 91' lang='lat' dir='ltr'>etiam</span> <span class='ocrx_word' id='word_1_43' title='bbox 2152 846 2473 923; x_wconf 87' lang='lat' dir='ltr'>interpola·</span> 
     </span>
     <span class='ocr_line' id='line_1_6' title="bbox 189 956 2469 1034; baseline -0.002 -16"><span class='ocrx_word' id='word_1_44' title='bbox 189 959 395 1018; x_wconf 86' lang='lat' dir='ltr'>tiones</span> <span class='ocrx_word' id='word_1_45' title='bbox 434 959 506 1017; x_wconf 87' lang='lat' dir='ltr'>in</span> <span class='ocrx_word' id='word_1_46' title='bbox 550 976 623 1016; x_wconf 90' lang='lat' dir='ltr'>eo</span> <span class='ocrx_word' id='word_1_47' title='bbox 661 957 1056 1031; x_wconf 82' lang='lat' dir='ltr'>inveniuntur,</span> <span class='ocrx_word' id='word_1_48' title='bbox 1097 957 1304 1033; x_wconf 88' lang='lat' dir='ltr'>quales</span> <span class='ocrx_word' id='word_1_49' title='bbox 1342 957 1497 1016; x_wconf 91' lang='lat' dir='ltr'>idem</span> <span class='ocrx_word' id='word_1_50' title='bbox 1535 958 1723 1016; x_wconf 82' lang='lat' dir='ltr'><strong>codex</strong></span> <span class='ocrx_word' id='word_1_51' title='bbox 1747 957 1811 1015; x_wconf 95' lang='lat' dir='ltr'>in</span> <span class='ocrx_word' id='word_1_52' title='bbox 1837 956 2132 1034; x_wconf 83' lang='lat' dir='ltr'>prioribus</span> <span class='ocrx_word' id='word_1_53' title='bbox 2159 956 2325 1015; x_wconf 90' lang='lat' dir='ltr'>libris</span> <span class='ocrx_word' id='word_1_54' title='bbox 2352 973 2469 1014; x_wconf 91' lang='lat' dir='ltr'>non</span> 
     </span>
     <span class='ocr_line' id='line_1_7' title="bbox 190 1060 2469 1143; baseline -0.001 -16"><span class='ocrx_word' id='word_1_55' title='bbox 190 1069 402 1127; x_wconf 86' lang='lat' dir='ltr'>habet.</span> <span class='ocrx_word' id='word_1_56' title='bbox 463 1066 569 1126; x_wconf 85' lang='lat' dir='ltr'>Ita</span> <span class='ocrx_word' id='word_1_57' title='bbox 610 1071 642 1138; x_wconf 66' lang='grc' dir='ltr'><strong>ξ</strong></span> <span class='ocrx_word' id='word_1_58' title='bbox 672 1061 775 1126; x_wconf 88' lang='grc'>90.</span> <span class='ocrx_word' id='word_1_59' title='bbox 812 1083 1103 1142; x_wconf 89' lang='lat' dir='ltr'>magnum-</span> <span class='ocrx_word' id='word_1_60' title='bbox 1135 1067 1432 1143; x_wconf 89' lang='lat' dir='ltr'>glossema</span> <span class='ocrx_word' id='word_1_61' title='bbox 1466 1066 1748 1124; x_wconf 82' lang='lat' dir='ltr'>insertum</span> <span class='ocrx_word' id='word_1_62' title='bbox 1784 1065 2030 1142; x_wconf 83' lang='lat' dir='ltr'>legitur,</span> <span class='ocrx_word' id='word_1_63' title='bbox 2071 1069 2101 1136; x_wconf 65' lang='grc' dir='ltr'><strong>ς</strong></span> <span class='ocrx_word' id='word_1_64' title='bbox 2133 1060 2277 1124; x_wconf 91' lang='grc'><strong>100.</strong></span> <span class='ocrx_word' id='word_1_65' title='bbox 2314 1065 2469 1124; x_wconf 85' lang='lat' dir='ltr'>alte-</span> 
     </span>
     <span class='ocr_line' id='line_1_8' title="bbox 189 1170 2470 1246; baseline -0.001 -10"><span class='ocrx_word' id='word_1_66' title='bbox 189 1195 334 1236; x_wconf 88' lang='lat' dir='ltr'>rum</span> <span class='ocrx_word' id='word_1_67' title='bbox 374 1176 636 1235; x_wconf 86' lang='lat' dir='ltr'>minoris</span> <span class='ocrx_word' id='word_1_68' title='bbox 673 1176 961 1246; x_wconf 87' lang='lat' dir='ltr'>ambitus;</span> <span class='ocrx_word' id='word_1_69' title='bbox 1005 1177 1035 1245; x_wconf 69' lang='grc'><strong>5</strong></span> <span class='ocrx_word' id='word_1_70' title='bbox 1067 1170 1210 1235; x_wconf 87' lang='grc'><strong>140.</strong></span> <span class='ocrx_word' id='word_1_71' title='bbox 1237 1174 1514 1234; x_wconf 86' lang='lat' dir='ltr'>librarius</span> <span class='ocrx_word' id='word_1_72' title='bbox 1552 1192 1688 1233; x_wconf 87' lang='lat' dir='ltr'>cum</span> <span class='ocrx_word' id='word_1_73' title='bbox 1724 1176 1908 1233; x_wconf 84' lang='lat' dir='ltr'>verba</span> <span class='ocrx_word' id='word_1_74' title='bbox 1946 1176 2060 1232; x_wconf 81' lang='lat' dir='ltr'>iam</span> <span class='ocrx_word' id='word_1_75' title='bbox 2088 1175 2326 1234; x_wconf 75' lang='lat' dir='ltr'><strong><em>hederae</em></strong></span> <span class='ocrx_word' id='word_1_76' title='bbox 2352 1184 2470 1234; x_wconf 77' lang='lat' dir='ltr'>sta·</span> 
     </span>
     <span class='ocr_line' id='line_1_9' title="bbox 191 1284 2466 1361; baseline -0.001 -17"><span class='ocrx_word' id='word_1_77' title='bbox 191 1288 382 1345; x_wconf 78' lang='lat' dir='ltr'>ticula</span> <span class='ocrx_word' id='word_1_78' title='bbox 425 1295 486 1345; x_wconf 77' lang='lat' dir='ltr'>et</span> <span class='ocrx_word' id='word_1_79' title='bbox 523 1304 798 1361; x_wconf 77' lang='lat' dir='ltr'>equorum</span> <span class='ocrx_word' id='word_1_80' title='bbox 837 1295 1165 1345; x_wconf 79' lang='lat' dir='ltr'>ornamenta</span> <span class='ocrx_word' id='word_1_81' title='bbox 1198 1285 1260 1343; x_wconf 93' lang='lat' dir='ltr'>in</span> <span class='ocrx_word' id='word_1_82' title='bbox 1300 1285 1499 1344; x_wconf 88' lang='lat' dir='ltr'>codice</span> <span class='ocrx_word' id='word_1_83' title='bbox 1534 1284 1652 1343; x_wconf 91' lang='lat' dir='ltr'>iam</span> <span class='ocrx_word' id='word_1_84' title='bbox 1680 1284 1931 1343; x_wconf 81' lang='lat' dir='ltr'>evanida</span> <span class='ocrx_word' id='word_1_85' title='bbox 1956 1301 2077 1342; x_wconf 92' lang='lat' dir='ltr'>non</span> <span class='ocrx_word' id='word_1_86' title='bbox 2101 1285 2298 1360; x_wconf 90' lang='lat' dir='ltr'>legere</span> <span class='ocrx_word' id='word_1_87' title='bbox 2325 1301 2466 1360; x_wconf 87' lang='lat' dir='ltr'>pos-</span> 
     </span>
     <span class='ocr_line' id='line_1_10' title="bbox 191 1389 2471 1470; baseline -0.001 -17"><span class='ocrx_word' id='word_1_88' title='bbox 191 1402 325 1466; x_wconf 89' lang='lat' dir='ltr'>set,</span> <span class='ocrx_word' id='word_1_89' title='bbox 379 1412 505 1470; x_wconf 91' lang='lat' dir='ltr'>pro</span> <span class='ocrx_word' id='word_1_90' title='bbox 551 1394 627 1453; x_wconf 90' lang='lat' dir='ltr'>iis</span> <span class='ocrx_word' id='word_1_91' title='bbox 667 1403 723 1453; x_wconf 76' lang='lat' dir='ltr'>et</span> <span class='ocrx_word' id='word_1_92' title='bbox 761 1396 1004 1453; x_wconf 79' lang='lat' dir='ltr'>aliorum</span> <span class='ocrx_word' id='word_1_93' title='bbox 1042 1393 1379 1464; x_wconf 81' lang='lat' dir='ltr'>substituit3</span> <span class='ocrx_word' id='word_1_94' title='bbox 1433 1395 1464 1463; x_wconf 66' lang='grc'><strong>5</strong></span> <span class='ocrx_word' id='word_1_95' title='bbox 1509 1389 1653 1453; x_wconf 86' lang='grc'><strong>151.</strong></span> <span class='ocrx_word' id='word_1_96' title='bbox 1696 1411 1805 1470; x_wconf 89' lang='lat' dir='ltr'>pro</span> <span class='ocrx_word' id='word_1_97' title='bbox 1854 1393 2100 1469; x_wconf 82' lang='lat' dir='ltr'>vulgato</span> <span class='ocrx_word' id='word_1_98' title='bbox 2148 1394 2340 1452; x_wconf 80' lang='lat' dir='ltr'>eadem</span> <span class='ocrx_word' id='word_1_99' title='bbox 2386 1402 2471 1452; x_wconf 76' lang='lat' dir='ltr'>est</span> 
     </span>
     <span class='ocr_line' id='line_1_11' title="bbox 192 1500 2469 1579; baseline -0.001 -18"><span class='ocrx_word' id='word_1_100' title='bbox 192 1522 381 1579; x_wconf 79' lang='lat' dir='ltr'>quam</span> <span class='ocrx_word' id='word_1_101' title='bbox 422 1505 727 1563; x_wconf 78' lang='lat' dir='ltr'>ostracitin</span> <span class='ocrx_word' id='word_1_102' title='bbox 760 1512 961 1562; x_wconf 77' lang='lat' dir='ltr'>vocant</span> <span class='ocrx_word' id='word_1_103' title='bbox 997 1502 1061 1560; x_wconf 92' lang='lat' dir='ltr'>in</span> <span class='ocrx_word' id='word_1_104' title='bbox 1087 1502 1141 1560; x_wconf 93' lang='lat' dir='ltr'>B</span> <span class='ocrx_word' id='word_1_105' title='bbox 1176 1501 1423 1561; x_wconf 86' lang='lat' dir='ltr'>maiores</span> <span class='ocrx_word' id='word_1_106' title='bbox 1460 1521 1568 1579; x_wconf 89' lang='lat' dir='ltr'>per</span> <span class='ocrx_word' id='word_1_107' title='bbox 1604 1503 1883 1576; x_wconf 76' lang='lat' dir='ltr'><strong>ambages</strong></span> <span class='ocrx_word' id='word_1_108' title='bbox 1913 1503 2232 1561; x_wconf 83' lang='lat' dir='ltr'>verborum</span> <span class='ocrx_word' id='word_1_109' title='bbox 2260 1500 2469 1560; x_wconf 85' lang='lat' dir='ltr'>scribi·</span> 
     </span>
     <span class='ocr_line' id='line_1_12' title="bbox 191 1611 2472 1689; baseline -0.001 -19"><span class='ocrx_word' id='word_1_110' title='bbox 191 1619 299 1670; x_wconf 84' lang='lat' dir='ltr'>tur</span> <span class='ocrx_word' id='word_1_111' title='bbox 342 1630 580 1689; x_wconf 80' lang='lat' dir='ltr'>quoque</span> <span class='ocrx_word' id='word_1_112' title='bbox 619 1631 763 1688; x_wconf 77' lang='lat' dir='ltr'>quae</span> <span class='ocrx_word' id='word_1_113' title='bbox 800 1614 993 1670; x_wconf 76' lang='lat' dir='ltr'>eadem</span> <span class='ocrx_word' id='word_1_114' title='bbox 1033 1620 1176 1671; x_wconf 77' lang='lat' dir='ltr'>esset</span> <span class='ocrx_word' id='word_1_115' title='bbox 1205 1613 1360 1686; x_wconf 81' lang='lat' dir='ltr'>quod</span> <span class='ocrx_word' id='word_1_116' title='bbox 1398 1621 1483 1670; x_wconf 78' lang='lat' dir='ltr'>est</span> <span class='ocrx_word' id='word_1_117' title='bbox 1511 1630 1657 1686; x_wconf 81' lang='lat' dir='ltr'>quae</span> <span class='ocrx_word' id='word_1_118' title='bbox 1685 1613 1974 1670; x_wconf 70' lang='lat' dir='ltr'><em>ostracitis</em></span> <span class='ocrx_word' id='word_1_119' title='bbox 2013 1622 2266 1671; x_wconf 77' lang='lat' dir='ltr'>vocatur.</span> <span class='ocrx_word' id='word_1_120' title='bbox 2311 1611 2472 1669; x_wconf 87' lang='lat' dir='ltr'>Hinc</span> 
     </span>
     <span class='ocr_line' id='line_1_13' title="bbox 193 1716 2467 1797; baseline -0.001 -19"><span class='ocrx_word' id='word_1_121' title='bbox 193 1738 423 1780; x_wconf 88' lang='lat' dir='ltr'>rursus</span> <span class='ocrx_word' id='word_1_122' title='bbox 454 1728 528 1778; x_wconf 90' lang='lat' dir='ltr'>ut</span> <span class='ocrx_word' id='word_1_123' title='bbox 561 1720 640 1779; x_wconf 88' lang='lat' dir='ltr'>ad</span> <span class='ocrx_word' id='word_1_124' title='bbox 677 1719 901 1797; x_wconf 79' lang='lat' dir='ltr'>priores</span> <span class='ocrx_word' id='word_1_125' title='bbox 929 1717 1113 1777; x_wconf 90' lang='lat' dir='ltr'>libros</span> <span class='ocrx_word' id='word_1_126' title='bbox 1141 1718 1469 1789; x_wconf 85' lang='lat' dir='ltr'>redeamus,</span> <span class='ocrx_word' id='word_1_127' title='bbox 1507 1718 1568 1774; x_wconf 92' lang='lat' dir='ltr'>id</span> <span class='ocrx_word' id='word_1_128' title='bbox 1595 1718 1669 1774; x_wconf 92' lang='lat' dir='ltr'>de</span> <span class='ocrx_word' id='word_1_129' title='bbox 1697 1718 1894 1775; x_wconf 86' lang='lat' dir='ltr'>codice</span> <span class='ocrx_word' id='word_1_130' title='bbox 1919 1716 1972 1774; x_wconf 91' lang='lat' dir='ltr'><strong>B</strong></span> <span class='ocrx_word' id='word_1_131' title='bbox 2000 1727 2092 1775; x_wconf 85' lang='lat' dir='ltr'>est</span> <span class='ocrx_word' id='word_1_132' title='bbox 2116 1720 2467 1789; x_wconf 80' lang='lat' dir='ltr'>addendum,</span> 
     </span>
     <span class='ocr_line' id='line_1_14' title="bbox 191 1818 2470 1900; baseline -0.002 -12"><span class='ocrx_word' id='word_1_133' title='bbox 191 1829 257 1888; x_wconf 93' lang='lat' dir='ltr'>in</span> <span class='ocrx_word' id='word_1_134' title='bbox 287 1847 366 1888; x_wconf 91' lang='lat' dir='ltr'>eo</span> <span class='ocrx_word' id='word_1_135' title='bbox 397 1828 705 1888; x_wconf 78' lang='lat' dir='ltr'>interdum</span> <span class='ocrx_word' id='word_1_136' title='bbox 731 1828 919 1886; x_wconf 83' lang='lat' dir='ltr'>verba</span> <span class='ocrx_word' id='word_1_137' title='bbox 943 1825 1234 1884; x_wconf 81' lang='lat' dir='ltr'>immerito</span> <span class='ocrx_word' id='word_1_138' title='bbox 1264 1824 1471 1896; x_wconf 89' lang='lat' dir='ltr'>omitti,</span> <span class='ocrx_word' id='word_1_139' title='bbox 1501 1824 1592 1881; x_wconf 88' lang='lat' dir='ltr'>uti</span> <span class='ocrx_word' id='word_1_140' title='bbox 1619 1819 1725 1894; x_wconf 79' lang='grc'>32,</span> <span class='ocrx_word' id='word_1_141' title='bbox 1754 1818 1857 1882; x_wconf 83' lang='grc'>40.</span> <span class='ocrx_word' id='word_1_142' title='bbox 1887 1843 2141 1900; x_wconf 75' lang='lat' dir='ltr'>aeqrum,</span> <span class='ocrx_word' id='word_1_143' title='bbox 2185 1819 2291 1896; x_wconf 80' lang='lat'>32,</span> <span class='ocrx_word' id='word_1_144' title='bbox 2323 1820 2470 1885; x_wconf 80' lang='lat'>128.</span> 
     </span>
     <span class='ocr_line' id='line_1_15' title="bbox 193 1930 2471 2011; baseline -0.003 -12"><span class='ocrx_word' id='word_1_145' title='bbox 193 1940 570 2009; x_wconf 69' lang='lat' dir='ltr'>scabritiam,</span> <span class='ocrx_word' id='word_1_146' title='bbox 600 1931 706 2007; x_wconf 84' lang='lat'>34,</span> <span class='ocrx_word' id='word_1_147' title='bbox 737 1930 841 1994; x_wconf 91' lang='lat'>11.</span> <span class='ocrx_word' id='word_1_148' title='bbox 871 1937 1034 1993; x_wconf 75' lang='lat' dir='ltr'>iussu</span> <span class='ocrx_word' id='word_1_149' title='bbox 1054 1935 1382 2011; x_wconf 76' lang='lat' dir='ltr'>praeconis,</span> <span class='ocrx_word' id='word_1_150' title='bbox 1410 1938 1470 1991; x_wconf 90' lang='lat' dir='ltr'>et</span> <span class='ocrx_word' id='word_1_151' title='bbox 1496 1932 1738 1991; x_wconf 81' lang='lat' dir='ltr'>lacunas</span> <span class='ocrx_word' id='word_1_152' title='bbox 1765 1932 2029 2004; x_wconf 88' lang='lat' dir='ltr'>inveniri,</span> <span class='ocrx_word' id='word_1_153' title='bbox 2060 1951 2210 2008; x_wconf 88' lang='lat' dir='ltr'>quae</span> <span class='ocrx_word' id='word_1_154' title='bbox 2238 1934 2314 1991; x_wconf 86' lang='lat' dir='ltr'>ab</span> <span class='ocrx_word' id='word_1_155' title='bbox 2339 1934 2471 1993; x_wconf 88' lang='lat' dir='ltr'>aliis</span> 
     </span>
     <span class='ocr_line' id='line_1_16' title="bbox 194 2041 2468 2122; baseline -0.002 -16"><span class='ocrx_word' id='word_1_156' title='bbox 194 2046 380 2106; x_wconf 86' lang='lat' dir='ltr'>libris</span> <span class='ocrx_word' id='word_1_157' title='bbox 425 2044 772 2122; x_wconf 81' lang='lat' dir='ltr'>explentur,</span> <span class='ocrx_word' id='word_1_158' title='bbox 815 2060 995 2117; x_wconf 91' lang='lat' dir='ltr'>quam</span> <span class='ocrx_word' id='word_1_159' title='bbox 1029 2060 1136 2119; x_wconf 92' lang='lat' dir='ltr'>per</span> <span class='ocrx_word' id='word_1_160' title='bbox 1173 2041 1643 2100; x_wconf 83' lang='lat' dir='ltr'>observationem</span> <span class='ocrx_word' id='word_1_161' title='bbox 1680 2042 1756 2100; x_wconf 90' lang='lat' dir='ltr'>ad</span> <span class='ocrx_word' id='word_1_162' title='bbox 1791 2061 1915 2100; x_wconf 90' lang='lat' dir='ltr'>rem</span> <span class='ocrx_word' id='word_1_163' title='bbox 1952 2042 2132 2117; x_wconf 88' lang='lat' dir='ltr'>paulo</span> <span class='ocrx_word' id='word_1_164' title='bbox 2171 2061 2351 2120; x_wconf 89' lang='lat' dir='ltr'>supra</span> <span class='ocrx_word' id='word_1_165' title='bbox 2393 2043 2468 2101; x_wconf 87' lang='lat' dir='ltr'>si·</span> 
     </span>
     <span class='ocr_line' id='line_1_17' title="bbox 197 2149 2466 2232; baseline -0.002 -17"><span class='ocrx_word' id='word_1_166' title='bbox 197 2157 558 2232; x_wconf 83' lang='lat' dir='ltr'>gnificatam</span> <span class='ocrx_word' id='word_1_167' title='bbox 597 2172 731 2213; x_wconf 90' lang='lat' dir='ltr'>sum</span> <span class='ocrx_word' id='word_1_168' title='bbox 766 2169 1096 2227; x_wconf 78' lang='lat' dir='ltr'>regressus.</span> <span class='ocrx_word' id='word_1_169' title='bbox 1148 2149 1343 2209; x_wconf 89' lang='lat' dir='ltr'>Plinio</span> <span class='ocrx_word' id='word_1_170' title='bbox 1387 2150 1610 2209; x_wconf 84' lang='lat' dir='ltr'>scilicet</span> <span class='ocrx_word' id='word_1_171' title='bbox 1649 2149 1796 2210; x_wconf 89' lang='lat' dir='ltr'>haec</span> <span class='ocrx_word' id='word_1_172' title='bbox 1833 2169 1962 2209; x_wconf 88' lang='lat' dir='ltr'>sors</span> <span class='ocrx_word' id='word_1_173' title='bbox 1999 2152 2200 2225; x_wconf 89' lang='lat' dir='ltr'>iniqua</span> <span class='ocrx_word' id='word_1_174' title='bbox 2242 2152 2466 2223; x_wconf 83' lang='lat' dir='ltr'>cecidit,</span> 
     </span>
     <span class='ocr_line' id='line_1_18' title="bbox 198 2259 2470 2338; baseline -0.001 -16"><span class='ocrx_word' id='word_1_175' title='bbox 198 2270 275 2323; x_wconf 84' lang='lat' dir='ltr'>ut</span> <span class='ocrx_word' id='word_1_176' title='bbox 300 2263 538 2337; x_wconf 85' lang='lat' dir='ltr'>nullus,</span> <span class='ocrx_word' id='word_1_177' title='bbox 580 2280 657 2322; x_wconf 91' lang='lat' dir='ltr'>ne</span> <span class='ocrx_word' id='word_1_178' title='bbox 683 2259 1108 2338; x_wconf 88' lang='lat' dir='ltr'>Bambergensi</span> <span class='ocrx_word' id='word_1_179' title='bbox 1136 2260 1369 2335; x_wconf 88' lang='lat' dir='ltr'>quidem</span> <span class='ocrx_word' id='word_1_180' title='bbox 1397 2268 1665 2335; x_wconf 85' lang='lat' dir='ltr'>excepto,</span> <span class='ocrx_word' id='word_1_181' title='bbox 1705 2260 1831 2319; x_wconf 89' lang='lat' dir='ltr'>eius</span> <span class='ocrx_word' id='word_1_182' title='bbox 1861 2261 2050 2318; x_wconf 80' lang='lat' dir='ltr'>codex</span> <span class='ocrx_word' id='word_1_183' title='bbox 2074 2260 2226 2320; x_wconf 90' lang='lat' dir='ltr'>liber</span> <span class='ocrx_word' id='word_1_184' title='bbox 2252 2262 2329 2319; x_wconf 89' lang='lat' dir='ltr'>sit</span> <span class='ocrx_word' id='word_1_185' title='bbox 2354 2263 2470 2321; x_wconf 86' lang='lat' dir='ltr'>hoc</span> 
     </span>
     <span class='ocr_line' id='line_1_19' title="bbox 200 2368 2469 2449; baseline -0.003 -17"><span class='ocrx_word' id='word_1_186' title='bbox 200 2389 431 2449; x_wconf 85' lang='lat' dir='ltr'>genere</span> <span class='ocrx_word' id='word_1_187' title='bbox 457 2372 757 2432; x_wconf 86' lang='lat' dir='ltr'>vitiorum.</span> <span class='ocrx_word' id='word_1_188' title='bbox 809 2371 968 2429; x_wconf 87' lang='lat' dir='ltr'>Hinc</span> <span class='ocrx_word' id='word_1_189' title='bbox 1004 2370 1297 2449; x_wconf 86' lang='lat' dir='ltr'>plurimae</span> <span class='ocrx_word' id='word_1_190' title='bbox 1333 2369 1585 2427; x_wconf 85' lang='lat' dir='ltr'>lacunae</span> <span class='ocrx_word' id='word_1_191' title='bbox 1621 2368 1999 2427; x_wconf 88' lang='lat' dir='ltr'>inveniuntur</span> <span class='ocrx_word' id='word_1_192' title='bbox 2026 2370 2087 2427; x_wconf 89' lang='lat' dir='ltr'>in</span> <span class='ocrx_word' id='word_1_193' title='bbox 2114 2370 2469 2427; x_wconf 82' lang='lat' dir='ltr'>editionibus</span> 
     </span>
     <span class='ocr_line' id='line_1_20' title="bbox 201 2477 2470 2554; baseline -0.002 -15"><span class='ocrx_word' id='word_1_194' title='bbox 201 2488 353 2539; x_wconf 83' lang='lat' dir='ltr'>ante</span> <span class='ocrx_word' id='word_1_195' title='bbox 391 2481 773 2539; x_wconf 87' lang='lat' dir='ltr'>Harduinum</span> <span class='ocrx_word' id='word_1_196' title='bbox 822 2479 1023 2552; x_wconf 89' lang='lat' dir='ltr'>editis,</span> <span class='ocrx_word' id='word_1_197' title='bbox 1079 2497 1330 2554; x_wconf 90' lang='lat' dir='ltr'>quarum</span> <span class='ocrx_word' id='word_1_198' title='bbox 1384 2477 1592 2535; x_wconf 88' lang='lat' dir='ltr'>ultima</span> <span class='ocrx_word' id='word_1_199' title='bbox 1641 2484 2099 2537; x_wconf 89' lang='lat' dir='ltr'>commemoratu</span> <span class='ocrx_word' id='word_1_200' title='bbox 2149 2479 2331 2552; x_wconf 90' lang='lat' dir='ltr'>digna</span> <span class='ocrx_word' id='word_1_201' title='bbox 2378 2485 2470 2536; x_wconf 88' lang='lat' dir='ltr'>est</span> 
     </span>
     <span class='ocr_line' id='line_1_21' title="bbox 201 2583 2465 2668; baseline -0.001 -21"><span class='ocrx_word' id='word_1_202' title='bbox 201 2589 684 2666; x_wconf 85' lang='lat' dir='ltr'>Dalecampiana</span> <span class='ocrx_word' id='word_1_203' title='bbox 712 2583 841 2668; x_wconf 83' lang='grc' dir='ltr'>(β);</span> <span class='ocrx_word' id='word_1_204' title='bbox 879 2589 1081 2664; x_wconf 87' lang='lat' dir='ltr'>plures</span> <span class='ocrx_word' id='word_1_205' title='bbox 1123 2587 1300 2644; x_wconf 89' lang='lat' dir='ltr'>etiam</span> <span class='ocrx_word' id='word_1_206' title='bbox 1328 2586 1519 2645; x_wconf 82' lang='lat' dir='ltr'>factae</span> <span class='ocrx_word' id='word_1_207' title='bbox 1549 2593 1688 2644; x_wconf 90' lang='lat' dir='ltr'>sunt</span> <span class='ocrx_word' id='word_1_208' title='bbox 1715 2588 1791 2645; x_wconf 87' lang='lat' dir='ltr'>ab</span> <span class='ocrx_word' id='word_1_209' title='bbox 1819 2585 2151 2657; x_wconf 83' lang='lat' dir='ltr'>Harduino‚</span> <span class='ocrx_word' id='word_1_210' title='bbox 2193 2587 2317 2660; x_wconf 86' lang='lat' dir='ltr'>qui,</span> <span class='ocrx_word' id='word_1_211' title='bbox 2359 2586 2465 2645; x_wconf 84' lang='lat' dir='ltr'>sic-</span> 
     </span>
     <span class='ocr_line' id='line_1_22' title="bbox 198 2694 2466 2767; baseline -0.001 -11"><span class='ocrx_word' id='word_1_212' title='bbox 198 2700 311 2758; x_wconf 89' lang='lat' dir='ltr'>ubi</span> <span class='ocrx_word' id='word_1_213' title='bbox 339 2700 410 2758; x_wconf 89' lang='lat' dir='ltr'>in</span> <span class='ocrx_word' id='word_1_214' title='bbox 435 2717 554 2757; x_wconf 91' lang='lat' dir='ltr'>uno</span> <span class='ocrx_word' id='word_1_215' title='bbox 583 2698 846 2756; x_wconf 86' lang='lat' dir='ltr'>alterove</span> <span class='ocrx_word' id='word_1_216' title='bbox 873 2714 1117 2755; x_wconf 87' lang='lat' dir='ltr'>suorum</span> <span class='ocrx_word' id='word_1_217' title='bbox 1146 2696 1410 2753; x_wconf 88' lang='lat' dir='ltr'>codicum</span> <span class='ocrx_word' id='word_1_218' title='bbox 1438 2696 1620 2754; x_wconf 88' lang='lat' dir='ltr'>verba</span> <span class='ocrx_word' id='word_1_219' title='bbox 1645 2694 1932 2754; x_wconf 88' lang='lat' dir='ltr'>nonnulla</span> <span class='ocrx_word' id='word_1_220' title='bbox 1970 2696 2187 2754; x_wconf 89' lang='lat' dir='ltr'>omissa</span> <span class='ocrx_word' id='word_1_221' title='bbox 2223 2694 2466 2767; x_wconf 87' lang='lat' dir='ltr'>invenit,</span> 
     </span>
     <span class='ocr_line' id='line_1_23' title="bbox 200 2803 2464 2883; baseline -0.003 -15"><span class='ocrx_word' id='word_1_222' title='bbox 200 2825 278 2867; x_wconf 83' lang='lat' dir='ltr'>ea</span> <span class='ocrx_word' id='word_1_223' title='bbox 303 2817 614 2883; x_wconf 81' lang='lat' dir='ltr'>tamquam</span> <span class='ocrx_word' id='word_1_224' title='bbox 641 2806 968 2864; x_wconf 90' lang='lat' dir='ltr'>adulterina</span> <span class='ocrx_word' id='word_1_225' title='bbox 993 2804 1116 2863; x_wconf 80' lang='lat' dir='ltr'>iere</span> <span class='ocrx_word' id='word_1_226' title='bbox 1142 2804 1358 2878; x_wconf 90' lang='lat' dir='ltr'>ubique</span> <span class='ocrx_word' id='word_1_227' title='bbox 1386 2803 1583 2875; x_wconf 81' lang='lat' dir='ltr'>eiecit3</span> <span class='ocrx_word' id='word_1_228' title='bbox 1611 2822 1815 2880; x_wconf 78' lang='lat' dir='ltr'>presse</span> <span class='ocrx_word' id='word_1_229' title='bbox 1842 2823 1978 2863; x_wconf 87' lang='lat' dir='ltr'>eum</span> <span class='ocrx_word' id='word_1_230' title='bbox 2002 2805 2064 2864; x_wconf 91' lang='lat' dir='ltr'>in</span> <span class='ocrx_word' id='word_1_231' title='bbox 2090 2808 2203 2864; x_wconf 91' lang='lat' dir='ltr'>hac</span> <span class='ocrx_word' id='word_1_232' title='bbox 2230 2823 2464 2880; x_wconf 83' lang='lat' dir='ltr'>quoque</span> 
     </span>
     <span class='ocr_line' id='line_1_24' title="bbox 202 2907 2463 2992; baseline -0.002 -17"><span class='ocrx_word' id='word_1_233' title='bbox 202 2935 274 2975; x_wconf 89' lang='lat' dir='ltr'>re</span> <span class='ocrx_word' id='word_1_234' title='bbox 303 2925 400 2977; x_wconf 87' lang='lat' dir='ltr'>est</span> <span class='ocrx_word' id='word_1_235' title='bbox 427 2922 663 2976; x_wconf 87' lang='lat' dir='ltr'>secutus</span> <span class='ocrx_word' id='word_1_236' title='bbox 691 2914 989 2974; x_wconf 86' lang='lat' dir='ltr'>Broterius</span> <span class='ocrx_word' id='word_1_237' title='bbox 1020 2907 1134 2992; x_wconf 82' lang='grc' dir='ltr'><strong>(γ).</strong></span> <span class='ocrx_word' id='word_1_238' title='bbox 1190 2912 1390 2972; x_wconf 88' lang='lat' dir='ltr'>Huius</span> <span class='ocrx_word' id='word_1_239' title='bbox 1431 2914 1519 2972; x_wconf 90' lang='lat' dir='ltr'>rei</span> <span class='ocrx_word' id='word_1_240' title='bbox 1559 2923 1627 2972; x_wconf 86' lang='lat' dir='ltr'>ut</span> <span class='ocrx_word' id='word_1_241' title='bbox 1653 2914 1889 2991; x_wconf 88' lang='lat' dir='ltr'>plenam</span> <span class='ocrx_word' id='word_1_242' title='bbox 1931 2916 2201 2973; x_wconf 88' lang='lat' dir='ltr'>notitiam</span> <span class='ocrx_word' id='word_1_243' title='bbox 2238 2915 2463 2991; x_wconf 87' lang='lat' dir='ltr'>accipe·</span> 
     </span>
     <span class='ocr_line' id='line_1_25' title="bbox 202 3021 2464 3098; baseline -0.002 -15"><span class='ocrx_word' id='word_1_244' title='bbox 202 3042 411 3083; x_wconf 89' lang='lat' dir='ltr'>remus</span> <span class='ocrx_word' id='word_1_245' title='bbox 450 3042 642 3098; x_wconf 88' lang='lat' dir='ltr'>neque</span> <span class='ocrx_word' id='word_1_246' title='bbox 680 3024 935 3082; x_wconf 82' lang='lat' dir='ltr'>incertae</span> <span class='ocrx_word' id='word_1_247' title='bbox 973 3022 1320 3082; x_wconf 80' lang='lat' dir='ltr'>dubitationi</span> <span class='ocrx_word' id='word_1_248' title='bbox 1355 3023 1432 3081; x_wconf 90' lang='lat' dir='ltr'>de</span> <span class='ocrx_word' id='word_1_249' title='bbox 1472 3021 1820 3096; x_wconf 86' lang='lat' dir='ltr'>recipiendis</span> <span class='ocrx_word' id='word_1_250' title='bbox 1862 3022 2231 3079; x_wconf 88' lang='lat' dir='ltr'>eiiciendisve</span> <span class='ocrx_word' id='word_1_251' title='bbox 2267 3022 2464 3079; x_wconf 83' lang='lat' dir='ltr'>verbis</span> 
     </span>
     <span class='ocr_line' id='line_1_26' title="bbox 203 3127 2464 3209; baseline -0.003 -19"><span class='ocrx_word' id='word_1_252' title='bbox 203 3133 272 3190; x_wconf 92' lang='lat' dir='ltr'>in</span> <span class='ocrx_word' id='word_1_253' title='bbox 316 3151 440 3191; x_wconf 90' lang='lat' dir='ltr'>uno</span> <span class='ocrx_word' id='word_1_254' title='bbox 480 3139 586 3191; x_wconf 91' lang='lat' dir='ltr'>aut</span> <span class='ocrx_word' id='word_1_255' title='bbox 619 3132 889 3209; x_wconf 90' lang='lat' dir='ltr'>pluribus</span> <span class='ocrx_word' id='word_1_256' title='bbox 929 3132 1099 3191; x_wconf 90' lang='lat' dir='ltr'>libris</span> <span class='ocrx_word' id='word_1_257' title='bbox 1144 3130 1378 3188; x_wconf 88' lang='lat' dir='ltr'>omissis</span> <span class='ocrx_word' id='word_1_258' title='bbox 1422 3127 1662 3186; x_wconf 86' lang='lat' dir='ltr'>obnoxii</span> <span class='ocrx_word' id='word_1_259' title='bbox 1690 3143 1974 3198; x_wconf 75' lang='lat' dir='ltr'>essemu8‚</span> <span class='ocrx_word' id='word_1_260' title='bbox 2016 3129 2130 3185; x_wconf 86' lang='lat' dir='ltr'>hoc</span> <span class='ocrx_word' id='word_1_261' title='bbox 2165 3133 2258 3185; x_wconf 89' lang='lat' dir='ltr'>est</span> <span class='ocrx_word' id='word_1_262' title='bbox 2298 3145 2464 3185; x_wconf 88' lang='lat' dir='ltr'>sum-</span> 
     </span>
     <span class='ocr_line' id='line_1_27' title="bbox 204 3232 2464 3310; baseline -0.003 -11"><span class='ocrx_word' id='word_1_263' title='bbox 204 3259 378 3301; x_wconf 84' lang='lat' dir='ltr'>mum</span> <span class='ocrx_word' id='word_1_264' title='bbox 414 3260 524 3301; x_wconf 86' lang='lat' dir='ltr'>nec</span> <span class='ocrx_word' id='word_1_265' title='bbox 562 3242 705 3301; x_wconf 86' lang='lat' dir='ltr'>satis</span> <span class='ocrx_word' id='word_1_266' title='bbox 741 3239 1169 3299; x_wconf 83' lang='lat' dir='ltr'>aestimandum</span> <span class='ocrx_word' id='word_1_267' title='bbox 1206 3234 1477 3293; x_wconf 87' lang='lat' dir='ltr'>meritum</span> <span class='ocrx_word' id='word_1_268' title='bbox 1520 3233 1732 3291; x_wconf 87' lang='lat' dir='ltr'>codicis</span> <span class='ocrx_word' id='word_1_269' title='bbox 1773 3232 1854 3305; x_wconf 87' lang='lat' dir='ltr'>B,</span> <span class='ocrx_word' id='word_1_270' title='bbox 1908 3235 2011 3291; x_wconf 86' lang='lat' dir='ltr'>sed</span> <span class='ocrx_word' id='word_1_271' title='bbox 2058 3235 2172 3293; x_wconf 87' lang='lat' dir='ltr'>hac</span> <span class='ocrx_word' id='word_1_272' title='bbox 2224 3234 2353 3310; x_wconf 89' lang='lat' dir='ltr'>ipsa</span> <span class='ocrx_word' id='word_1_273' title='bbox 2390 3235 2464 3293; x_wconf 89' lang='lat' dir='ltr'>de</span> 
     </span>
     <span class='ocr_line' id='line_1_28' title="bbox 208 3341 2464 3423; baseline -0.001 -17"><span class='ocrx_word' id='word_1_274' title='bbox 208 3367 397 3408; x_wconf 88' lang='lat' dir='ltr'>causa</span> <span class='ocrx_word' id='word_1_275' title='bbox 436 3349 702 3423; x_wconf 85' lang='lat' dir='ltr'>sequitur</span> <span class='ocrx_word' id='word_1_276' title='bbox 743 3356 967 3407; x_wconf 86' lang='lat' dir='ltr'>certum</span> <span class='ocrx_word' id='word_1_277' title='bbox 1009 3347 1084 3405; x_wconf 92' lang='lat' dir='ltr'>de</span> <span class='ocrx_word' id='word_1_278' title='bbox 1121 3344 1236 3402; x_wconf 88' lang='lat' dir='ltr'>hac</span> <span class='ocrx_word' id='word_1_279' title='bbox 1271 3360 1342 3401; x_wconf 89' lang='lat' dir='ltr'>re</span> <span class='ocrx_word' id='word_1_280' title='bbox 1376 3341 1653 3401; x_wconf 86' lang='lat' dir='ltr'>iudicium</span> <span class='ocrx_word' id='word_1_281' title='bbox 1690 3359 1798 3400; x_wconf 88' lang='lat' dir='ltr'>nos</span> <span class='ocrx_word' id='word_1_282' title='bbox 1832 3343 2007 3402; x_wconf 87' lang='lat' dir='ltr'>modo</span> <span class='ocrx_word' id='word_1_283' title='bbox 2045 3344 2108 3402; x_wconf 92' lang='lat' dir='ltr'>in</span> <span class='ocrx_word' id='word_1_284' title='bbox 2147 3343 2318 3403; x_wconf 90' lang='lat' dir='ltr'>libris</span> <span class='ocrx_word' id='word_1_285' title='bbox 2356 3361 2464 3403; x_wconf 84' lang='lat' dir='ltr'>sex</span> 
     </span>
     <span class='ocr_line' id='line_1_29' title="bbox 210 3450 2461 3533; baseline 0 -21"><span class='ocrx_word' id='word_1_286' title='bbox 210 3455 554 3514; x_wconf 86' lang='lat' dir='ltr'>novissimis</span> <span class='ocrx_word' id='word_1_287' title='bbox 594 3456 746 3514; x_wconf 83' lang='lat' dir='ltr'>ferre</span> <span class='ocrx_word' id='word_1_288' title='bbox 780 3472 978 3533; x_wconf 87' lang='lat' dir='ltr'>posse.</span> <span class='ocrx_word' id='word_1_289' title='bbox 1038 3451 1413 3528; x_wconf 82' lang='lat' dir='ltr'>Quantopere</span> <span class='ocrx_word' id='word_1_290' title='bbox 1450 3452 1631 3528; x_wconf 87' lang='lat' dir='ltr'>igitur</span> <span class='ocrx_word' id='word_1_291' title='bbox 1665 3450 2038 3512; x_wconf 88' lang='lat' dir='ltr'>librariorum</span> <span class='ocrx_word' id='word_1_292' title='bbox 2066 3455 2129 3512; x_wconf 92' lang='lat' dir='ltr'>in</span> <span class='ocrx_word' id='word_1_293' title='bbox 2156 3456 2267 3512; x_wconf 85' lang='lat' dir='ltr'>hac</span> <span class='ocrx_word' id='word_1_294' title='bbox 2294 3471 2361 3512; x_wconf 90' lang='lat' dir='ltr'>re</span> <span class='ocrx_word' id='word_1_295' title='bbox 2388 3453 2461 3512; x_wconf 89' lang='lat' dir='ltr'>li-</span> 
     </span>
     <span class='ocr_line' id='line_1_30' title="bbox 214 3561 2462 3638; baseline -0.001 -16"><span class='ocrx_word' id='word_1_296' title='bbox 214 3564 407 3622; x_wconf 81' lang='lat' dir='ltr'>centia</span> <span class='ocrx_word' id='word_1_297' title='bbox 454 3579 564 3638; x_wconf 91' lang='lat' dir='ltr'>per</span> <span class='ocrx_word' id='word_1_298' title='bbox 611 3564 721 3621; x_wconf 90' lang='lat' dir='ltr'>hos</span> <span class='ocrx_word' id='word_1_299' title='bbox 768 3562 952 3621; x_wconf 87' lang='lat' dir='ltr'>libros</span> <span class='ocrx_word' id='word_1_300' title='bbox 1001 3569 1273 3637; x_wconf 85' lang='lat' dir='ltr'>grassata</span> <span class='ocrx_word' id='word_1_301' title='bbox 1309 3561 1405 3633; x_wconf 88' lang='lat' dir='ltr'>sit,</span> <span class='ocrx_word' id='word_1_302' title='bbox 1455 3561 1782 3620; x_wconf 83' lang='lat' dir='ltr'>accuratius</span> <span class='ocrx_word' id='word_1_303' title='bbox 1833 3562 2353 3622; x_wconf 87' lang='lat' dir='ltr'>demonstrandum</span> <span class='ocrx_word' id='word_1_304' title='bbox 2401 3572 2462 3621; x_wconf 87' lang='lat' dir='ltr'>et</span> 
     </span>
     <span class='ocr_line' id='line_1_31' title="bbox 210 3653 2458 3749; baseline -0 -18"><span class='ocrx_word' id='word_1_305' title='bbox 210 3673 384 3749; x_wconf 88' lang='lat' dir='ltr'>ipsae</span> <span class='ocrx_word' id='word_1_306' title='bbox 422 3669 672 3729; x_wconf 90' lang='lat' dir='ltr'>lacunae</span> <span class='ocrx_word' id='word_1_307' title='bbox 689 3670 770 3728; x_wconf 64' lang='lat' dir='ltr'>,in</span> <span class='ocrx_word' id='word_1_308' title='bbox 808 3671 1097 3745; x_wconf 86' lang='lat' dir='ltr'>quasdam</span> <span class='ocrx_word' id='word_1_309' title='bbox 1137 3671 1355 3729; x_wconf 87' lang='lat' dir='ltr'>classes</span> <span class='ocrx_word' id='word_1_310' title='bbox 1392 3653 1842 3742; x_wconf 83' lang='lat' dir='ltr'>distribuendae,</span> <span class='ocrx_word' id='word_1_311' title='bbox 1893 3672 2049 3730; x_wconf 90' lang='lat' dir='ltr'>unde</span> <span class='ocrx_word' id='word_1_312' title='bbox 2099 3673 2299 3730; x_wconf 86' lang='lat' dir='ltr'>statim</span> <span class='ocrx_word' id='word_1_313' title='bbox 2347 3690 2458 3748; x_wconf 88' lang='lat' dir='ltr'>ap—</span> 
     </span>
     <span class='ocr_line' id='line_1_32' title="bbox 212 3779 2770 3886; baseline -0 -47"><span class='ocrx_word' id='word_1_314' title='bbox 212 3782 442 3857; x_wconf 86' lang='lat' dir='ltr'>parebit</span> <span class='ocrx_word' id='word_1_315' title='bbox 482 3796 583 3837; x_wconf 84' lang='lat' dir='ltr'>eas</span> <span class='ocrx_word' id='word_1_316' title='bbox 622 3779 723 3838; x_wconf 90' lang='lat' dir='ltr'>uni</span> <span class='ocrx_word' id='word_1_317' title='bbox 758 3779 1074 3839; x_wconf 81' lang='lat' dir='ltr'>temeritati</span> <span class='ocrx_word' id='word_1_318' title='bbox 1110 3786 1170 3837; x_wconf 90' lang='lat' dir='ltr'>et</span> <span class='ocrx_word' id='word_1_319' title='bbox 1212 3779 1597 3854; x_wconf 82' lang='lat' dir='ltr'>negligentiae</span> <span class='ocrx_word' id='word_1_320' title='bbox 1645 3779 2017 3838; x_wconf 87' lang='lat' dir='ltr'>librariorum</span> <span class='ocrx_word' id='word_1_321' title='bbox 2060 3781 2285 3852; x_wconf 89' lang='lat' dir='ltr'>deberi,</span> <span class='ocrx_word' id='word_1_322' title='bbox 2341 3799 2459 3840; x_wconf 87' lang='lat' dir='ltr'>non</span> <span class='ocrx_word' id='word_1_323' title='bbox 2551 3813 2770 3886; x_wconf 43' lang='lat' dir='ltr'>1—ss</span> 
     </span>
     <span class='ocr_line' id='line_1_33' title="bbox 214 3887 2478 3952; baseline 0 -2"><span class='ocrx_word' id='word_1_324' title='bbox 214 3909 345 3950; x_wconf 89' lang='lat' dir='ltr'>esse</span> <span class='ocrx_word' id='word_1_325' title='bbox 371 3891 715 3949; x_wconf 86' lang='lat' dir='ltr'>tribuendas</span> <span class='ocrx_word' id='word_1_326' title='bbox 741 3890 948 3948; x_wconf 83' lang='lat' dir='ltr'>doctae</span> <span class='ocrx_word' id='word_1_327' title='bbox 976 3888 1277 3947; x_wconf 51' lang='lat' dir='ltr'>sedulitati¹</span> <span class='ocrx_word' id='word_1_328' title='bbox 1305 3889 1533 3947; x_wconf 90' lang='lat' dir='ltr'>librarii</span> <span class='ocrx_word' id='word_1_329' title='bbox 1571 3889 1820 3947; x_wconf 88' lang='lat' dir='ltr'>alicuius</span> <span class='ocrx_word' id='word_1_330' title='bbox 1845 3887 2110 3947; x_wconf 89' lang='lat' dir='ltr'>Plinium</span> <span class='ocrx_word' id='word_1_331' title='bbox 2153 3891 2478 3952; x_wconf 83' lang='lat' dir='ltr'>emendare.</span> 
     </span>
     <span class='ocr_line' id='line_1_34' title="bbox 214 3995 2458 4075; baseline 0 -18"><span class='ocrx_word' id='word_1_332' title='bbox 214 3998 489 4072; x_wconf 82' lang='lat' dir='ltr'>volentis,</span> <span class='ocrx_word' id='word_1_333' title='bbox 534 4016 669 4057; x_wconf 87' lang='lat' dir='ltr'>cum</span> <span class='ocrx_word' id='word_1_334' title='bbox 705 3999 769 4057; x_wconf 91' lang='lat' dir='ltr'>in</span> <span class='ocrx_word' id='word_1_335' title='bbox 806 3997 1054 4057; x_wconf 83' lang='lat' dir='ltr'>diversis</span> <span class='ocrx_word' id='word_1_336' title='bbox 1092 3997 1420 4075; x_wconf 86' lang='lat' dir='ltr'>promiscue</span> <span class='ocrx_word' id='word_1_337' title='bbox 1458 3995 1756 4054; x_wconf 83' lang='lat' dir='ltr'>codicibus</span> <span class='ocrx_word' id='word_1_338' title='bbox 1783 3997 2190 4068; x_wconf 83' lang='lat' dir='ltr'>inveniantur3</span> <span class='ocrx_word' id='word_1_339' title='bbox 2230 3999 2458 4057; x_wconf 59' lang='lat' dir='ltr'>addita·</span> 
     </span>
     <span class='ocr_line' id='line_1_35' title="bbox 215 4084 2459 4206; baseline -0 -38"><span class='ocrx_word' id='word_1_340' title='bbox 215 4113 416 4168; x_wconf 88' lang='lat' dir='ltr'>menta</span> <span class='ocrx_word' id='word_1_341' title='bbox 453 4125 618 4180; x_wconf 85' lang='lat' dir='ltr'>vero,</span> <span class='ocrx_word' id='word_1_342' title='bbox 661 4108 874 4183; x_wconf 88' lang='lat' dir='ltr'>quibus</span> <span class='ocrx_word' id='word_1_343' title='bbox 909 4107 971 4166; x_wconf 91' lang='lat' dir='ltr'>in</span> <span class='ocrx_word' id='word_1_344' title='bbox 1007 4106 1135 4165; x_wconf 91' lang='lat' dir='ltr'>aliis</span> <span class='ocrx_word' id='word_1_345' title='bbox 1161 4084 1328 4164; x_wconf 77' lang='lat' dir='ltr'>libris</span> <span class='ocrx_word' id='word_1_346' title='bbox 1353 4104 1495 4162; x_wconf 91' lang='lat' dir='ltr'>illae</span> <span class='ocrx_word' id='word_1_347' title='bbox 1523 4104 1768 4163; x_wconf 86' lang='lat' dir='ltr'>lacunae</span> <span class='ocrx_word' id='word_1_348' title='bbox 1795 4105 2125 4183; x_wconf 82' lang='lat' dir='ltr'>explentur,</span> <span class='ocrx_word' id='word_1_349' title='bbox 2139 4125 2285 4206; x_wconf 57' lang='lat' dir='ltr'>ff·-</span> <span class='ocrx_word' id='word_1_350' title='bbox 2329 4126 2459 4167; x_wconf 56' lang='lat' dir='ltr'>”se</span> 
     </span>
     <span class='ocr_line' id='line_1_36' title="bbox 218 4212 2119 4294; baseline 0.001 -19"><span class='ocrx_word' id='word_1_351' title='bbox 218 4217 607 4291; x_wconf 87' lang='lat' dir='ltr'>glossemata,</span> <span class='ocrx_word' id='word_1_352' title='bbox 673 4218 775 4277; x_wconf 85' lang='lat' dir='ltr'>sed</span> <span class='ocrx_word' id='word_1_353' title='bbox 821 4217 951 4294; x_wconf 87' lang='lat' dir='ltr'>ipsa</span> <span class='ocrx_word' id='word_1_354' title='bbox 1007 4217 1189 4276; x_wconf 83' lang='lat' dir='ltr'>verba</span> <span class='ocrx_word' id='word_1_355' title='bbox 1241 4212 1515 4272; x_wconf 88' lang='lat' dir='ltr'>Pliniana</span> <span class='ocrx_word' id='word_1_356' title='bbox 1556 4214 1846 4289; x_wconf 87' lang='lat' dir='ltr'>intelliget</span> <span class='ocrx_word' id='word_1_357' title='bbox 1896 4216 1999 4291; x_wconf 88' lang='lat' dir='ltr'>qui</span> <span class='ocrx_word' id='word_1_358' title='bbox 2037 4215 2119 4276; x_wconf 70' lang='lat' dir='ltr'>‘sir</span> 
     </span>
    </p>
   </div>
  </div>
 </body>
</html>
