<?xml version="1.0" encoding="UTF-8"?>
<!DOCTYPE html PUBLIC "-//W3C//DTD XHTML 1.0 Transitional//EN"
    "http://www.w3.org/TR/xhtml1/DTD/xhtml1-transitional.dtd">
<html xmlns="http://www.w3.org/1999/xhtml" xml:lang="en" lang="en">
 <head>
  <title>
</title>
<meta http-equiv="Content-Type" content="text/html;charset=utf-8" />
  <meta name='ocr-system' content='tesseract 3.04.00' />
  <meta name='ocr-capabilities' content='ocr_page ocr_carea ocr_par ocr_line ocrx_word'/>
</head>
<body>
  <div class='ocr_page' id='page_1' title='image "./cplinisecundina00sillgoog_0381.png"; bbox 0 0 2961 4861; ppageno 0'>
   <div class='ocr_carea' id='block_1_1' title="bbox 793 314 2574 380">
    <p class='ocr_par' dir='ltr' id='par_1_1' title="bbox 793 314 2574 380">
     <span class='ocr_line' id='line_1_1' title="bbox 793 314 2574 380; baseline 0.002 -5"><span class='ocrx_word' id='word_1_1' title='bbox 793 330 933 376; x_wconf 80' lang='lat' dir='ltr'><strong>Lm.</strong></span> <span class='ocrx_word' id='word_1_2' title='bbox 966 330 1040 376; x_wconf 91' lang='lat'><strong>11.</strong></span> <span class='ocrx_word' id='word_1_3' title='bbox 1100 330 1255 377; x_wconf 80' lang='lat' dir='ltr'><strong>CAP.</strong></span> <span class='ocrx_word' id='word_1_4' title='bbox 1288 328 1668 377; x_wconf 73' lang='lat' dir='ltr'><strong>xcl-XOV.</strong></span> <span class='ocrx_word' id='word_1_5' title='bbox 1731 330 1925 377; x_wconf 73' lang='lat' dir='ltr'><strong>snc&#39;r.</strong></span> <span class='ocrx_word' id='word_1_6' title='bbox 1958 332 2139 377; x_wconf 82' lang='lat'><strong>93-96.</strong></span> <span class='ocrx_word' id='word_1_7' title='bbox 2454 314 2574 380; x_wconf 86' lang='grc'><strong>187</strong></span> 
     </span>
    </p>
   </div>
   <div class='ocr_carea' id='block_1_2' title="bbox 344 479 2704 2481">
    <p class='ocr_par' dir='ltr' id='par_1_2' title="bbox 344 479 2704 1877">
     <span class='ocr_line' id='line_1_2' title="bbox 348 479 2575 569; baseline -0.001 -21"><span class='ocrx_word' id='word_1_8' title='bbox 348 482 724 559; x_wconf 85' lang='lat' dir='ltr'><strong>excludens,</strong></span> <span class='ocrx_word' id='word_1_9' title='bbox 778 480 1240 546; x_wconf 83' lang='lat' dir='ltr'>medicatorum</span> <span class='ocrx_word' id='word_1_10' title='bbox 1282 479 1557 545; x_wconf 86' lang='lat' dir='ltr'><strong>fontium</strong></span> <span class='ocrx_word' id='word_1_11' title='bbox 1598 480 1726 559; x_wconf 87' lang='lat' dir='ltr'><strong>vis,</strong></span> <span class='ocrx_word' id='word_1_12' title='bbox 1783 480 2030 569; x_wconf 89' lang='lat' dir='ltr'><strong>ignium</strong></span> <span class='ocrx_word' id='word_1_13' title='bbox 2083 489 2180 545; x_wconf 87' lang='lat' dir='ltr'><strong>tot</strong></span> <span class='ocrx_word' id='word_1_14' title='bbox 2218 480 2371 546; x_wconf 89' lang='lat' dir='ltr'><strong>locis</strong></span> <span class='ocrx_word' id='word_1_15' title='bbox 2416 482 2575 547; x_wconf 91' lang='lat' dir='ltr'><strong>emi-</strong></span> 
     </span>
     <span class='ocr_line' id='line_1_3' title="bbox 348 581 2576 669; baseline -0.001 -22"><span class='ocrx_word' id='word_1_16' title='bbox 348 583 627 647; x_wconf 80' lang='lat' dir='ltr'><strong>cantium</strong></span> <span class='ocrx_word' id='word_1_17' title='bbox 654 592 968 669; x_wconf 88' lang='lat' dir='ltr'><strong>perpetua</strong></span> <span class='ocrx_word' id='word_1_18' title='bbox 1006 593 1100 647; x_wconf 90' lang='lat' dir='ltr'><strong>tot</strong></span> <span class='ocrx_word' id='word_1_19' title='bbox 1140 582 1410 648; x_wconf 87' lang='lat' dir='ltr'><strong>saeculis</strong></span> <span class='ocrx_word' id='word_1_20' title='bbox 1451 581 1765 659; x_wconf 90' lang='lat' dir='ltr'><strong>incendia,</strong></span> <span class='ocrx_word' id='word_1_21' title='bbox 1813 581 2075 665; x_wconf 89' lang='lat' dir='ltr'><strong>spiritus</strong></span> <span class='ocrx_word' id='word_1_22' title='bbox 2117 581 2339 647; x_wconf 80' lang='lat' dir='ltr'>letales</span> <span class='ocrx_word' id='word_1_23' title='bbox 2381 582 2576 648; x_wconf 86' lang='lat' dir='ltr'><strong>aliubi</strong></span> 
     </span>
     <span class='ocr_line' id='line_1_4' title="bbox 346 682 2576 768; baseline 0 -21"><span class='ocrx_word' id='word_1_24' title='bbox 346 694 458 748; x_wconf 88' lang='lat' dir='ltr'><strong>aut</strong></span> <span class='ocrx_word' id='word_1_25' title='bbox 500 683 842 752; x_wconf 85' lang='lat' dir='ltr'><strong>scrobibus</strong></span> <span class='ocrx_word' id='word_1_26' title='bbox 888 683 1105 749; x_wconf 77' lang='lat' dir='ltr'><strong>emissi</strong></span> <span class='ocrx_word' id='word_1_27' title='bbox 1146 693 1259 748; x_wconf 91' lang='lat' dir='ltr'><strong>aut</strong></span> <span class='ocrx_word' id='word_1_28' title='bbox 1308 682 1449 768; x_wconf 88' lang='lat' dir='ltr'><strong>ipso</strong></span> <span class='ocrx_word' id='word_1_29' title='bbox 1491 682 1615 748; x_wconf 90' lang='lat' dir='ltr'><strong>loci</strong></span> <span class='ocrx_word' id='word_1_30' title='bbox 1657 682 1785 747; x_wconf 86' lang='lat' dir='ltr'><strong>situ</strong></span> <span class='ocrx_word' id='word_1_31' title='bbox 1825 682 2169 760; x_wconf 86' lang='lat' dir='ltr'><strong>mortiferi,</strong></span> <span class='ocrx_word' id='word_1_32' title='bbox 2225 682 2422 747; x_wconf 82' lang='lat' dir='ltr'><strong>aliubi</strong></span> <span class='ocrx_word' id='word_1_33' title='bbox 2464 704 2576 748; x_wconf 86' lang='lat' dir='ltr'><strong>vo-</strong></span> 
     </span>
     <span class='ocr_line' id='line_1_5' title="bbox 344 781 2577 868; baseline -0.001 -18"><span class='ocrx_word' id='word_1_34' title='bbox 344 784 628 850; x_wconf 91' lang='lat' dir='ltr'><strong>lucribus</strong></span> <span class='ocrx_word' id='word_1_35' title='bbox 673 793 922 851; x_wconf 89' lang='lat' dir='ltr'><strong>tantum</strong></span> <span class='ocrx_word' id='word_1_36' title='bbox 962 795 1037 848; x_wconf 90' lang='lat' dir='ltr'><strong>ut</strong></span> <span class='ocrx_word' id='word_1_37' title='bbox 1075 781 1339 848; x_wconf 82' lang='lat' dir='ltr'>Soracte</span> <span class='ocrx_word' id='word_1_38' title='bbox 1381 783 1591 848; x_wconf 88' lang='lat' dir='ltr'><strong>vicino</strong></span> <span class='ocrx_word' id='word_1_39' title='bbox 1631 782 1778 847; x_wconf 87' lang='lat' dir='ltr'><strong>urbi</strong></span> <span class='ocrx_word' id='word_1_40' title='bbox 1822 792 2051 861; x_wconf 88' lang='lat' dir='ltr'><strong>tractu,</strong></span> <span class='ocrx_word' id='word_1_41' title='bbox 2096 781 2292 847; x_wconf 86' lang='lat' dir='ltr'><strong>aliubi</strong></span> <span class='ocrx_word' id='word_1_42' title='bbox 2319 793 2577 868; x_wconf 87' lang='lat' dir='ltr'><strong>praeter</strong></span> 
     </span>
     <span class='ocr_line' id='line_1_6' title="bbox 344 882 2576 967; baseline -0.001 -19"><span class='ocrx_word' id='word_1_43' title='bbox 344 884 666 950; x_wconf 90' lang='lat' dir='ltr'><strong>hominem</strong></span> <span class='ocrx_word' id='word_1_44' title='bbox 709 884 937 951; x_wconf 85' lang='lat' dir='ltr'><strong>ceteris</strong></span> <span class='ocrx_word' id='word_1_45' title='bbox 981 884 1437 962; x_wconf 87' lang='lat' dir='ltr'><strong>animantibus,</strong></span> <span class='ocrx_word' id='word_1_46' title='bbox 1483 902 1956 967; x_wconf 85' lang='lat' dir='ltr'><strong>nonnumquam</strong></span> <span class='ocrx_word' id='word_1_47' title='bbox 2001 892 2067 946; x_wconf 88' lang='lat' dir='ltr'><strong>et</strong></span> <span class='ocrx_word' id='word_1_48' title='bbox 2108 882 2347 947; x_wconf 92' lang='lat' dir='ltr'><strong>homini</strong></span> <span class='ocrx_word' id='word_1_49' title='bbox 2390 893 2466 947; x_wconf 89' lang='lat' dir='ltr'><strong>ut</strong></span> <span class='ocrx_word' id='word_1_50' title='bbox 2506 883 2576 947; x_wconf 92' lang='lat' dir='ltr'><strong>in</strong></span> 
     </span>
     <span class='ocr_line' id='line_1_7' title="bbox 347 980 2704 1073; baseline 0 -24"><span class='ocrx_word' id='word_1_51' title='bbox 347 983 736 1051; x_wconf 80' lang='lat' dir='ltr'><strong>Sinuessano</strong></span> <span class='ocrx_word' id='word_1_52' title='bbox 778 1008 933 1073; x_wconf 85' lang='lat' dir='ltr'><strong>agro</strong></span> <span class='ocrx_word' id='word_1_53' title='bbox 978 996 1042 1050; x_wconf 91' lang='lat' dir='ltr'><strong>et</strong></span> <span class='ocrx_word' id='word_1_54' title='bbox 1082 985 1470 1062; x_wconf 84' lang='lat' dir='ltr'><strong>Puteolan03</strong></span> <span class='ocrx_word' id='word_1_55' title='bbox 1525 984 1840 1069; x_wconf 87' lang='lat' dir='ltr'><strong>spiracula</strong></span> <span class='ocrx_word' id='word_1_56' title='bbox 1881 993 2133 1061; x_wconf 88' lang='lat' dir='ltr'><strong>vocant,</strong></span> <span class='ocrx_word' id='word_1_57' title='bbox 2179 983 2286 1047; x_wconf 85' lang='lat' dir='ltr'><strong>alii</strong></span> <span class='ocrx_word' id='word_1_58' title='bbox 2331 980 2576 1047; x_wconf 89' lang='lat' dir='ltr'><strong>Charo-</strong></span> <span class='ocrx_word' id='word_1_59' title='bbox 2605 1005 2704 1049; x_wconf 81' lang='lat'><strong>208</strong></span> 
     </span>
     <span class='ocr_line' id='line_1_8' title="bbox 346 1082 2578 1171; baseline -0 -22"><span class='ocrx_word' id='word_1_60' title='bbox 346 1107 469 1151; x_wconf 88' lang='lat' dir='ltr'><strong>nea</strong></span> <span class='ocrx_word' id='word_1_61' title='bbox 511 1085 750 1151; x_wconf 90' lang='lat' dir='ltr'><strong>scrobis</strong></span> <span class='ocrx_word' id='word_1_62' title='bbox 792 1086 1192 1151; x_wconf 87' lang='lat' dir='ltr'><strong>mortiferum</strong></span> <span class='ocrx_word' id='word_1_63' title='bbox 1235 1086 1531 1171; x_wconf 90' lang='lat' dir='ltr'><strong>spiritum</strong></span> <span class='ocrx_word' id='word_1_64' title='bbox 1575 1082 1948 1161; x_wconf 88' lang='lat' dir='ltr'><strong>exhalantis,</strong></span> <span class='ocrx_word' id='word_1_65' title='bbox 1992 1085 2147 1149; x_wconf 90' lang='lat' dir='ltr'><strong>item</strong></span> <span class='ocrx_word' id='word_1_66' title='bbox 2190 1084 2258 1146; x_wconf 91' lang='lat' dir='ltr'><strong>in</strong></span> <span class='ocrx_word' id='word_1_67' title='bbox 2283 1082 2578 1168; x_wconf 87' lang='lat' dir='ltr'><strong>Hirpinis</strong></span> 
     </span>
     <span class='ocr_line' id='line_1_9' title="bbox 345 1185 2579 1273; baseline 0 -23"><span class='ocrx_word' id='word_1_68' title='bbox 345 1186 727 1272; x_wconf 83' lang='lat' dir='ltr'><strong>Ampsancti</strong></span> <span class='ocrx_word' id='word_1_69' title='bbox 776 1188 863 1253; x_wconf 88' lang='lat' dir='ltr'><strong>ad</strong></span> <span class='ocrx_word' id='word_1_70' title='bbox 912 1187 1226 1273; x_wconf 90' lang='lat' dir='ltr'><strong>Mephitis</strong></span> <span class='ocrx_word' id='word_1_71' title='bbox 1280 1188 1506 1252; x_wconf 90' lang='lat' dir='ltr'><strong>aedem</strong></span> <span class='ocrx_word' id='word_1_72' title='bbox 1556 1188 1799 1263; x_wconf 90' lang='lat' dir='ltr'><strong>locum,</strong></span> <span class='ocrx_word' id='word_1_73' title='bbox 1856 1206 2048 1269; x_wconf 93' lang='lat' dir='ltr'><strong>quem</strong></span> <span class='ocrx_word' id='word_1_74' title='bbox 2101 1186 2210 1269; x_wconf 91' lang='lat' dir='ltr'><strong>qui</strong></span> <span class='ocrx_word' id='word_1_75' title='bbox 2260 1185 2579 1250; x_wconf 86' lang='lat' dir='ltr'><strong>intravere</strong></span> 
     </span>
     <span class='ocr_line' id='line_1_10' title="bbox 345 1284 2579 1373; baseline -0 -22"><span class='ocrx_word' id='word_1_76' title='bbox 345 1288 731 1367; x_wconf 85' lang='lat' dir='ltr'><strong>moriuntur,</strong></span> <span class='ocrx_word' id='word_1_77' title='bbox 798 1290 985 1355; x_wconf 89' lang='lat' dir='ltr'><strong>simili</strong></span> <span class='ocrx_word' id='word_1_78' title='bbox 1040 1290 1232 1355; x_wconf 91' lang='lat' dir='ltr'><strong>modo</strong></span> <span class='ocrx_word' id='word_1_79' title='bbox 1286 1288 1623 1373; x_wconf 84' lang='lat' dir='ltr'><strong>Hierapoli</strong></span> <span class='ocrx_word' id='word_1_80' title='bbox 1673 1287 1740 1350; x_wconf 88' lang='lat' dir='ltr'><strong>in</strong></span> <span class='ocrx_word' id='word_1_81' title='bbox 1790 1287 1986 1365; x_wconf 90' lang='lat' dir='ltr'><strong>Asia,</strong></span> <span class='ocrx_word' id='word_1_82' title='bbox 2042 1284 2273 1350; x_wconf 77' lang='lat' dir='ltr'><strong>Matris</strong></span> <span class='ocrx_word' id='word_1_83' title='bbox 2330 1296 2579 1350; x_wconf 87' lang='lat' dir='ltr'><strong>tantum</strong></span> 
     </span>
     <span class='ocr_line' id='line_1_11' title="bbox 345 1386 2578 1475; baseline 0 -24"><span class='ocrx_word' id='word_1_84' title='bbox 345 1386 626 1475; x_wconf 84' lang='lat' dir='ltr'><strong>Magnae</strong></span> <span class='ocrx_word' id='word_1_85' title='bbox 669 1389 980 1457; x_wconf 86' lang='lat' dir='ltr'><strong>sacerdoti</strong></span> <span class='ocrx_word' id='word_1_86' title='bbox 1020 1390 1366 1455; x_wconf 85' lang='lat' dir='ltr'><strong>innoxium.</strong></span> <span class='ocrx_word' id='word_1_87' title='bbox 1431 1388 1658 1454; x_wconf 91' lang='lat' dir='ltr'><strong>Aliubi</strong></span> <span class='ocrx_word' id='word_1_88' title='bbox 1700 1387 1948 1452; x_wconf 81' lang='lat' dir='ltr'><strong>fatidici</strong></span> <span class='ocrx_word' id='word_1_89' title='bbox 1994 1407 2223 1472; x_wconf 83' lang='lat' dir='ltr'><strong>specus</strong></span> <span class='ocrx_word' id='word_1_90' title='bbox 2239 1434 2258 1464; x_wconf 93' lang='lat'><strong>,</strong></span> <span class='ocrx_word' id='word_1_91' title='bbox 2307 1407 2578 1469; x_wconf 89' lang='lat' dir='ltr'><strong>quorum</strong></span> 
     </span>
     <span class='ocr_line' id='line_1_12' title="bbox 347 1487 2575 1575; baseline -0.001 -22"><span class='ocrx_word' id='word_1_92' title='bbox 347 1489 741 1555; x_wconf 86' lang='lat' dir='ltr'><strong>exhalatione</strong></span> <span class='ocrx_word' id='word_1_93' title='bbox 785 1490 1114 1556; x_wconf 90' lang='lat' dir='ltr'><strong>temulenti</strong></span> <span class='ocrx_word' id='word_1_94' title='bbox 1167 1491 1386 1555; x_wconf 84' lang='lat' dir='ltr'><strong>futura</strong></span> <span class='ocrx_word' id='word_1_95' title='bbox 1425 1489 1828 1575; x_wconf 84' lang='lat' dir='ltr'><strong>praecinant,</strong></span> <span class='ocrx_word' id='word_1_96' title='bbox 1883 1498 1957 1553; x_wconf 91' lang='lat' dir='ltr'><strong>ut</strong></span> <span class='ocrx_word' id='word_1_97' title='bbox 1994 1487 2271 1573; x_wconf 89' lang='lat' dir='ltr'><strong>Delphis</strong></span> <span class='ocrx_word' id='word_1_98' title='bbox 2313 1487 2575 1554; x_wconf 90' lang='lat' dir='ltr'><strong>nobilis-</strong></span> 
     </span>
     <span class='ocr_line' id='line_1_13' title="bbox 348 1589 2575 1675; baseline -0.001 -22"><span class='ocrx_word' id='word_1_99' title='bbox 348 1589 508 1655; x_wconf 88' lang='lat' dir='ltr'><strong>simo</strong></span> <span class='ocrx_word' id='word_1_100' title='bbox 550 1590 824 1655; x_wconf 88' lang='lat' dir='ltr'><strong>oracu10.</strong></span> <span class='ocrx_word' id='word_1_101' title='bbox 882 1589 1137 1671; x_wconf 76' lang='lat' dir='ltr'><strong>Quibus</strong></span> <span class='ocrx_word' id='word_1_102' title='bbox 1176 1591 1247 1655; x_wconf 87' lang='lat' dir='ltr'><strong>in</strong></span> <span class='ocrx_word' id='word_1_103' title='bbox 1286 1589 1479 1656; x_wconf 92' lang='lat' dir='ltr'><strong>rebus</strong></span> <span class='ocrx_word' id='word_1_104' title='bbox 1524 1589 1680 1673; x_wconf 90' lang='lat' dir='ltr'><strong>quid</strong></span> <span class='ocrx_word' id='word_1_105' title='bbox 1720 1590 1927 1675; x_wconf 89' lang='lat' dir='ltr'><strong>possit</strong></span> <span class='ocrx_word' id='word_1_106' title='bbox 1967 1589 2142 1655; x_wconf 88' lang='lat' dir='ltr'><strong>aliud</strong></span> <span class='ocrx_word' id='word_1_107' title='bbox 2185 1611 2417 1653; x_wconf 90' lang='lat' dir='ltr'><strong>causae</strong></span> <span class='ocrx_word' id='word_1_108' title='bbox 2460 1589 2575 1651; x_wconf 89' lang='lat' dir='ltr'><strong>ad-</strong></span> 
     </span>
     <span class='ocr_line' id='line_1_14' title="bbox 346 1687 2578 1777; baseline 0 -24"><span class='ocrx_word' id='word_1_109' title='bbox 346 1687 515 1755; x_wconf 85' lang='lat' dir='ltr'><strong>ferre</strong></span> <span class='ocrx_word' id='word_1_110' title='bbox 568 1691 930 1757; x_wconf 85' lang='lat' dir='ltr'><strong>mortalium</strong></span> <span class='ocrx_word' id='word_1_111' title='bbox 982 1690 1299 1777; x_wconf 88' lang='lat' dir='ltr'><strong>quispiam</strong></span> <span class='ocrx_word' id='word_1_112' title='bbox 1349 1711 1546 1774; x_wconf 90' lang='lat' dir='ltr'><strong>quam</strong></span> <span class='ocrx_word' id='word_1_113' title='bbox 1598 1689 1870 1755; x_wconf 85' lang='lat' dir='ltr'><strong>diffusae</strong></span> <span class='ocrx_word' id='word_1_114' title='bbox 1921 1711 2039 1774; x_wconf 90' lang='lat' dir='ltr'><strong>per</strong></span> <span class='ocrx_word' id='word_1_115' title='bbox 2088 1711 2273 1753; x_wconf 91' lang='lat' dir='ltr'><strong>omne</strong></span> <span class='ocrx_word' id='word_1_116' title='bbox 2314 1699 2578 1754; x_wconf 88' lang='lat' dir='ltr'><strong>naturae</strong></span> 
     </span>
     <span class='ocr_line' id='line_1_15' title="bbox 350 1789 2010 1877; baseline -0.001 -22"><span class='ocrx_word' id='word_1_117' title='bbox 350 1789 621 1856; x_wconf 85' lang='lat' dir='ltr'><strong>subinde</strong></span> <span class='ocrx_word' id='word_1_118' title='bbox 663 1791 848 1857; x_wconf 88' lang='lat' dir='ltr'><strong>aliter</strong></span> <span class='ocrx_word' id='word_1_119' title='bbox 889 1801 1080 1875; x_wconf 88' lang='lat' dir='ltr'><strong>atque</strong></span> <span class='ocrx_word' id='word_1_120' title='bbox 1122 1791 1307 1858; x_wconf 89' lang='lat' dir='ltr'><strong>aliter</strong></span> <span class='ocrx_word' id='word_1_121' title='bbox 1348 1813 1585 1855; x_wconf 89' lang='lat' dir='ltr'><strong>numen</strong></span> <span class='ocrx_word' id='word_1_122' title='bbox 1629 1790 2010 1877; x_wconf 77' lang='lat' dir='ltr'><strong>erumpens?</strong></span> 
     </span>
    </p>

    <p class='ocr_par' dir='ltr' id='par_1_3' title="bbox 347 1889 2576 2175">
     <span class='ocr_line' id='line_1_16' title="bbox 427 1889 2575 1978; baseline -0.001 -24"><span class='ocrx_word' id='word_1_123' title='bbox 427 1889 681 1957; x_wconf 87' lang='lat' dir='ltr'>XCIV.</span> <span class='ocrx_word' id='word_1_124' title='bbox 758 1891 860 1955; x_wconf 90' lang='grc'><strong>96.</strong></span> <span class='ocrx_word' id='word_1_125' title='bbox 917 1890 1255 1973; x_wconf 81' lang='lat' dir='ltr'><strong>Quaedam</strong></span> <span class='ocrx_word' id='word_1_126' title='bbox 1311 1913 1464 1956; x_wconf 86' lang='lat' dir='ltr'><strong>vero</strong></span> <span class='ocrx_word' id='word_1_127' title='bbox 1520 1900 1725 1956; x_wconf 87' lang='lat' dir='ltr'><strong>terrae</strong></span> <span class='ocrx_word' id='word_1_128' title='bbox 1779 1891 1865 1955; x_wconf 86' lang='lat' dir='ltr'><strong>ad</strong></span> <span class='ocrx_word' id='word_1_129' title='bbox 1904 1891 2231 1978; x_wconf 84' lang='lat' dir='ltr'><strong>ingressus</strong></span> <span class='ocrx_word' id='word_1_130' title='bbox 2275 1897 2575 1967; x_wconf 90' lang='lat' dir='ltr'><strong>tremunt,</strong></span> 
     </span>
     <span class='ocr_line' id='line_1_17' title="bbox 347 1989 2576 2079; baseline -0 -24"><span class='ocrx_word' id='word_1_131' title='bbox 347 1991 515 2056; x_wconf 89' lang='lat' dir='ltr'><strong>sicut</strong></span> <span class='ocrx_word' id='word_1_132' title='bbox 552 1992 623 2055; x_wconf 92' lang='lat' dir='ltr'><strong>in</strong></span> <span class='ocrx_word' id='word_1_133' title='bbox 666 1989 979 2058; x_wconf 87' lang='lat' dir='ltr'><strong>Gabiensi</strong></span> <span class='ocrx_word' id='word_1_134' title='bbox 1032 2014 1189 2079; x_wconf 86' lang='lat' dir='ltr'><strong>agro</strong></span> <span class='ocrx_word' id='word_1_135' title='bbox 1231 2014 1359 2057; x_wconf 92' lang='lat' dir='ltr'><strong>non</strong></span> <span class='ocrx_word' id='word_1_136' title='bbox 1399 1991 1624 2077; x_wconf 90' lang='lat' dir='ltr'><strong>procul</strong></span> <span class='ocrx_word' id='word_1_137' title='bbox 1663 1990 1825 2056; x_wconf 90' lang='lat' dir='ltr'><strong>urbe</strong></span> <span class='ocrx_word' id='word_1_138' title='bbox 1864 1989 2070 2056; x_wconf 87' lang='lat' dir='ltr'><strong>Roma</strong></span> <span class='ocrx_word' id='word_1_139' title='bbox 2109 1989 2333 2077; x_wconf 88' lang='lat' dir='ltr'><strong>iugera</strong></span> <span class='ocrx_word' id='word_1_140' title='bbox 2374 1989 2576 2054; x_wconf 87' lang='lat' dir='ltr'><strong>ferme</strong></span> 
     </span>
     <span class='ocr_line' id='line_1_18' title="bbox 351 2090 2122 2175; baseline 0.001 -21"><span class='ocrx_word' id='word_1_141' title='bbox 351 2091 629 2156; x_wconf 86' lang='lat' dir='ltr'><strong>ducenta</strong></span> <span class='ocrx_word' id='word_1_142' title='bbox 671 2092 1092 2175; x_wconf 87' lang='lat' dir='ltr'><strong>equitantium</strong></span> <span class='ocrx_word' id='word_1_143' title='bbox 1136 2114 1349 2171; x_wconf 88' lang='lat' dir='ltr'><strong>eursu,</strong></span> <span class='ocrx_word' id='word_1_144' title='bbox 1396 2091 1684 2157; x_wconf 90' lang='lat' dir='ltr'><strong>similiter</strong></span> <span class='ocrx_word' id='word_1_145' title='bbox 1722 2092 1791 2156; x_wconf 90' lang='lat' dir='ltr'><strong>in</strong></span> <span class='ocrx_word' id='word_1_146' title='bbox 1831 2090 2122 2157; x_wconf 86' lang='lat' dir='ltr'><strong>Reatino.</strong></span> 
     </span>
    </p>

    <p class='ocr_par' dir='ltr' id='par_1_4' title="bbox 346 2189 2702 2481">
     <span class='ocr_line' id='line_1_19' title="bbox 427 2189 2702 2277; baseline -0.001 -21"><span class='ocrx_word' id='word_1_147' title='bbox 427 2189 649 2258; x_wconf 87' lang='lat' dir='ltr'>XCV.</span> <span class='ocrx_word' id='word_1_148' title='bbox 718 2191 1058 2274; x_wconf 81' lang='lat' dir='ltr'><strong>Quaedam</strong></span> <span class='ocrx_word' id='word_1_149' title='bbox 1097 2194 1339 2260; x_wconf 89' lang='lat' dir='ltr'><strong>insulae</strong></span> <span class='ocrx_word' id='word_1_150' title='bbox 1383 2214 1636 2277; x_wconf 91' lang='lat' dir='ltr'><strong>semper</strong></span> <span class='ocrx_word' id='word_1_151' title='bbox 1674 2191 2022 2270; x_wconf 86' lang='lat' dir='ltr'><strong>fluctuant,</strong></span> <span class='ocrx_word' id='word_1_152' title='bbox 2084 2191 2251 2256; x_wconf 90' lang='lat' dir='ltr'><strong>sicut</strong></span> <span class='ocrx_word' id='word_1_153' title='bbox 2300 2192 2368 2255; x_wconf 93' lang='lat' dir='ltr'><strong>in</strong></span> <span class='ocrx_word' id='word_1_154' title='bbox 2422 2213 2577 2277; x_wconf 88' lang='lat' dir='ltr'><strong>agro</strong></span> <span class='ocrx_word' id='word_1_155' title='bbox 2604 2208 2702 2254; x_wconf 82' lang='lat'><strong>209</strong></span> 
     </span>
     <span class='ocr_line' id='line_1_20' title="bbox 349 2289 2574 2372; baseline -0.001 -14"><span class='ocrx_word' id='word_1_156' title='bbox 349 2289 651 2358; x_wconf 90' lang='lat' dir='ltr'><strong>Caecubo</strong></span> <span class='ocrx_word' id='word_1_157' title='bbox 698 2303 761 2357; x_wconf 93' lang='lat' dir='ltr'><strong>et</strong></span> <span class='ocrx_word' id='word_1_158' title='bbox 805 2294 1031 2360; x_wconf 90' lang='lat' dir='ltr'><strong>eodem</strong></span> <span class='ocrx_word' id='word_1_159' title='bbox 1069 2294 1372 2372; x_wconf 89' lang='lat' dir='ltr'><strong>Reatino,</strong></span> <span class='ocrx_word' id='word_1_160' title='bbox 1416 2291 1796 2371; x_wconf 89' lang='lat' dir='ltr'><strong>Mutinensi,</strong></span> <span class='ocrx_word' id='word_1_161' title='bbox 1842 2291 2255 2358; x_wconf 86' lang='lat' dir='ltr'><strong>Statoniensi.</strong></span> <span class='ocrx_word' id='word_1_162' title='bbox 2316 2291 2397 2356; x_wconf 91' lang='lat' dir='ltr'><strong>In</strong></span> <span class='ocrx_word' id='word_1_163' title='bbox 2436 2291 2574 2356; x_wconf 87' lang='lat' dir='ltr'><strong>Va-</strong></span> 
     </span>
     <span class='ocr_line' id='line_1_21' title="bbox 346 2393 2574 2481; baseline -0.002 -21"><span class='ocrx_word' id='word_1_164' title='bbox 346 2393 616 2460; x_wconf 89' lang='lat' dir='ltr'><strong>dimonis</strong></span> <span class='ocrx_word' id='word_1_165' title='bbox 666 2394 815 2461; x_wconf 91' lang='lat' dir='ltr'><strong>lacu</strong></span> <span class='ocrx_word' id='word_1_166' title='bbox 866 2405 934 2462; x_wconf 92' lang='lat' dir='ltr'><strong>et</strong></span> <span class='ocrx_word' id='word_1_167' title='bbox 984 2396 1070 2461; x_wconf 88' lang='lat' dir='ltr'><strong>ad</strong></span> <span class='ocrx_word' id='word_1_168' title='bbox 1123 2393 1394 2461; x_wconf 89' lang='lat' dir='ltr'><strong>Cutilias</strong></span> <span class='ocrx_word' id='word_1_169' title='bbox 1447 2415 1647 2478; x_wconf 88' lang='lat' dir='ltr'><strong>aquas</strong></span> <span class='ocrx_word' id='word_1_170' title='bbox 1701 2415 1902 2481; x_wconf 88' lang='lat' dir='ltr'><strong>opaca</strong></span> <span class='ocrx_word' id='word_1_171' title='bbox 1955 2393 2116 2459; x_wconf 87' lang='lat' dir='ltr'><strong>silva</strong></span> <span class='ocrx_word' id='word_1_172' title='bbox 2168 2412 2334 2476; x_wconf 91' lang='lat' dir='ltr'><strong>quae</strong></span> <span class='ocrx_word' id='word_1_173' title='bbox 2386 2413 2574 2456; x_wconf 90' lang='lat' dir='ltr'><strong>num-</strong></span> 
     </span>
    </p>
   </div>
   <div class='ocr_carea' id='block_1_3' title="bbox 332 2587 2578 3461">
    <p class='ocr_par' dir='ltr' id='par_1_5' title="bbox 332 2587 2578 3461">
     <span class='ocr_line' id='line_1_22' title="bbox 343 2587 2573 2656; baseline -0.003 -15"><span class='ocrx_word' id='word_1_174' title='bbox 343 2601 486 2643; x_wconf 84' lang='lat' dir='ltr'><strong>mant</strong></span> <span class='ocrx_word' id='word_1_175' title='bbox 507 2596 557 2644; x_wconf 99' lang='grc' dir='ltr'>Β</span> <span class='ocrx_word' id='word_1_176' title='bbox 572 2596 589 2629; x_wconf 87' lang='lat'><strong>¹</strong></span> <span class='ocrx_word' id='word_1_177' title='bbox 604 2595 673 2644; x_wconf 98' lang='lat' dir='ltr'><strong>A.</strong></span> <span class='ocrx_word' id='word_1_178' title='bbox 722 2590 1022 2654; x_wconf 70' lang='lat' dir='ltr'><strong>Charonea-9,</strong></span> <span class='ocrx_word' id='word_1_179' title='bbox 1045 2594 1130 2642; x_wconf 78' lang='lat' dir='ltr'><strong>R²</strong></span> <span class='ocrx_word' id='word_1_180' title='bbox 1144 2588 1268 2654; x_wconf 67' lang='lat' dir='ltr'><strong>adss</strong></span> <span class='ocrx_word' id='word_1_181' title='bbox 1278 2607 1329 2656; x_wconf 79' lang='lat' dir='ltr'><strong>r.</strong></span> <span class='ocrx_word' id='word_1_182' title='bbox 1371 2592 1462 2642; x_wconf 85' lang='lat' dir='ltr'><strong>Uti</strong></span> <span class='ocrx_word' id='word_1_183' title='bbox 1498 2592 1801 2643; x_wconf 86' lang='lat' dir='ltr'><strong>Casaubono</strong></span> <span class='ocrx_word' id='word_1_184' title='bbox 1835 2590 2084 2641; x_wconf 85' lang='lat' dir='ltr'><strong>assentior</strong></span> <span class='ocrx_word' id='word_1_185' title='bbox 2121 2587 2404 2639; x_wconf 72' lang='lat' dir='ltr'><strong>Charoneas</strong></span> <span class='ocrx_word' id='word_1_186' title='bbox 2439 2607 2573 2642; x_wconf 76' lang='lat' dir='ltr'><strong>scro-</strong></span> 
     </span>
     <span class='ocr_line' id='line_1_23' title="bbox 344 2658 2572 2724; baseline 0 -17"><span class='ocrx_word' id='word_1_187' title='bbox 344 2661 425 2709; x_wconf 81' lang='lat' dir='ltr'><strong>bes</strong></span> <span class='ocrx_word' id='word_1_188' title='bbox 446 2661 590 2722; x_wconf 87' lang='lat' dir='ltr'><strong>iungi</strong></span> <span class='ocrx_word' id='word_1_189' title='bbox 611 2676 717 2710; x_wconf 91' lang='lat' dir='ltr'><strong>non</strong></span> <span class='ocrx_word' id='word_1_190' title='bbox 739 2675 903 2724; x_wconf 85' lang='lat' dir='ltr'><strong>posse,</strong></span> <span class='ocrx_word' id='word_1_191' title='bbox 938 2662 1025 2710; x_wconf 89' lang='lat' dir='ltr'><strong>sed</strong></span> <span class='ocrx_word' id='word_1_192' title='bbox 1054 2662 1247 2709; x_wconf 78' lang='lat' dir='ltr'><strong>scrobes</strong></span> <span class='ocrx_word' id='word_1_193' title='bbox 1278 2658 1597 2709; x_wconf 86' lang='lat' dir='ltr'><strong>referendum</strong></span> <span class='ocrx_word' id='word_1_194' title='bbox 1620 2674 1729 2709; x_wconf 85' lang='lat' dir='ltr'><strong>esse</strong></span> <span class='ocrx_word' id='word_1_195' title='bbox 1751 2661 1817 2709; x_wconf 85' lang='lat' dir='ltr'><strong>ad</strong></span> <span class='ocrx_word' id='word_1_196' title='bbox 1839 2658 2115 2721; x_wconf 85' lang='lat' dir='ltr'><strong>sequentia,</strong></span> <span class='ocrx_word' id='word_1_197' title='bbox 2140 2658 2216 2707; x_wconf 86' lang='lat' dir='ltr'><strong>ita</strong></span> <span class='ocrx_word' id='word_1_198' title='bbox 2247 2658 2420 2707; x_wconf 88' lang='lat' dir='ltr'><strong>locum</strong></span> <span class='ocrx_word' id='word_1_199' title='bbox 2442 2672 2572 2707; x_wconf 89' lang='lat' dir='ltr'><strong>non-</strong></span> 
     </span>
     <span class='ocr_line' id='line_1_24' title="bbox 344 2722 2575 2790; baseline -0 -14"><span class='ocrx_word' id='word_1_200' title='bbox 344 2730 465 2776; x_wconf 89' lang='lat' dir='ltr'><strong>dum</strong></span> <span class='ocrx_word' id='word_1_201' title='bbox 494 2737 817 2790; x_wconf 86' lang='lat' dir='ltr'><strong>persanatum</strong></span> <span class='ocrx_word' id='word_1_202' title='bbox 848 2728 1100 2779; x_wconf 62' lang='lat' dir='ltr'><strong>existima</strong></span> <span class='ocrx_word' id='word_1_203' title='bbox 1145 2728 1280 2777; x_wconf 86' lang='lat' dir='ltr'><strong>Tam</strong></span> <span class='ocrx_word' id='word_1_204' title='bbox 1314 2729 1437 2776; x_wconf 88' lang='lat' dir='ltr'><strong>dure</strong></span> <span class='ocrx_word' id='word_1_205' title='bbox 1468 2728 1603 2776; x_wconf 91' lang='lat' dir='ltr'><strong>enim</strong></span> <span class='ocrx_word' id='word_1_206' title='bbox 1634 2728 1786 2776; x_wconf 86' lang='lat' dir='ltr'><strong>verba</strong></span> <span class='ocrx_word' id='word_1_207' title='bbox 1816 2728 2010 2775; x_wconf 76' lang='lat' dir='ltr'><strong>scrobes</strong></span> <span class='ocrx_word' id='word_1_208' title='bbox 2036 2766 2101 2775; x_wconf 83' lang='lat'><em>-</em></span> <span class='ocrx_word' id='word_1_209' title='bbox 2130 2722 2420 2775; x_wconf 75' lang='lat' dir='ltr'><strong>exhalantes</strong></span> <span class='ocrx_word' id='word_1_210' title='bbox 2455 2734 2575 2776; x_wconf 84' lang='lat' dir='ltr'><strong>sunt</strong></span> 
     </span>
     <span class='ocr_line' id='line_1_25' title="bbox 344 2793 2572 2858; baseline 0 -15"><span class='ocrx_word' id='word_1_211' title='bbox 344 2795 492 2856; x_wconf 83' lang='lat' dir='ltr'><strong>dicta,</strong></span> <span class='ocrx_word' id='word_1_212' title='bbox 516 2803 624 2845; x_wconf 86' lang='lat' dir='ltr'><strong>tam</strong></span> <span class='ocrx_word' id='word_1_213' title='bbox 644 2796 883 2858; x_wconf 85' lang='lat' dir='ltr'><strong>languide</strong></span> <span class='ocrx_word' id='word_1_214' title='bbox 906 2796 1091 2856; x_wconf 81' lang='lat' dir='ltr'><strong>addita,</strong></span> <span class='ocrx_word' id='word_1_215' title='bbox 1114 2802 1172 2844; x_wconf 83' lang='lat' dir='ltr'><strong>ut</strong></span> <span class='ocrx_word' id='word_1_216' title='bbox 1194 2796 1318 2844; x_wconf 86' lang='lat' dir='ltr'><strong>talia</strong></span> <span class='ocrx_word' id='word_1_217' title='bbox 1349 2795 1576 2844; x_wconf 91' lang='lat' dir='ltr'><strong>Plinium</strong></span> <span class='ocrx_word' id='word_1_218' title='bbox 1598 2793 1855 2856; x_wconf 83' lang='lat' dir='ltr'><strong>scripsisse</strong></span> <span class='ocrx_word' id='word_1_219' title='bbox 1876 2808 2157 2857; x_wconf 82' lang='lat' dir='ltr'><strong>numquam</strong></span> <span class='ocrx_word' id='word_1_220' title='bbox 2177 2794 2307 2843; x_wconf 88' lang='lat' dir='ltr'><strong>mihi</strong></span> <span class='ocrx_word' id='word_1_221' title='bbox 2340 2794 2438 2842; x_wconf 88' lang='lat' dir='ltr'><strong>sim</strong></span> <span class='ocrx_word' id='word_1_222' title='bbox 2458 2808 2572 2856; x_wconf 85' lang='lat' dir='ltr'><strong>per-</strong></span> 
     </span>
     <span class='ocr_line' id='line_1_26' title="bbox 342 2859 2573 2925; baseline -0 -14"><span class='ocrx_word' id='word_1_223' title='bbox 342 2877 594 2912; x_wconf 87' lang='lat' dir='ltr'><strong>suasurus.</strong></span> <span class='ocrx_word' id='word_1_224' title='bbox 619 2863 736 2913; x_wconf 87' lang='lat' dir='ltr'><strong>Huc</strong></span> <span class='ocrx_word' id='word_1_225' title='bbox 759 2863 966 2922; x_wconf 80' lang='lat' dir='ltr'><strong>accedit,</strong></span> <span class='ocrx_word' id='word_1_226' title='bbox 992 2863 1131 2925; x_wconf 89' lang='lat' dir='ltr'><strong>quod</strong></span> <span class='ocrx_word' id='word_1_227' title='bbox 1154 2877 1358 2924; x_wconf 87' lang='lat' dir='ltr'><strong>prorsus</strong></span> <span class='ocrx_word' id='word_1_228' title='bbox 1382 2865 1558 2912; x_wconf 87' lang='lat' dir='ltr'><strong>eadem</strong></span> <span class='ocrx_word' id='word_1_229' title='bbox 1581 2863 1733 2924; x_wconf 83' lang='lat' dir='ltr'><strong>paulo</strong></span> <span class='ocrx_word' id='word_1_230' title='bbox 1758 2876 1910 2924; x_wconf 87' lang='lat' dir='ltr'><strong>supra</strong></span> <span class='ocrx_word' id='word_1_231' title='bbox 1930 2862 2195 2923; x_wconf 81' lang='lat' dir='ltr'><strong>leguntur:</strong></span> <span class='ocrx_word' id='word_1_232' title='bbox 2222 2859 2427 2923; x_wconf 77' lang='lat' dir='ltr'><strong>spiritus</strong></span> <span class='ocrx_word' id='word_1_233' title='bbox 2452 2859 2573 2910; x_wconf 78' lang='lat' dir='ltr'><strong>leta·</strong></span> 
     </span>
     <span class='ocr_line' id='line_1_27' title="bbox 344 2926 2567 2991; baseline 0 -16"><span class='ocrx_word' id='word_1_234' title='bbox 344 2926 416 2976; x_wconf 80' lang='lat' dir='ltr'><strong>les</strong></span> <span class='ocrx_word' id='word_1_235' title='bbox 438 2928 689 2978; x_wconf 76' lang='lat' dir='ltr'><strong>scrobibus</strong></span> <span class='ocrx_word' id='word_1_236' title='bbox 712 2928 888 2989; x_wconf 81' lang='lat' dir='ltr'><strong>emissi,</strong></span> <span class='ocrx_word' id='word_1_237' title='bbox 913 2943 1042 2991; x_wconf 87' lang='lat' dir='ltr'><strong>quae</strong></span> <span class='ocrx_word' id='word_1_238' title='bbox 1058 2930 1315 2991; x_wconf 88' lang='lat' dir='ltr'><strong>repetendi</strong></span> <span class='ocrx_word' id='word_1_239' title='bbox 1335 2930 1504 2978; x_wconf 88' lang='lat' dir='ltr'><strong>Plinio</strong></span> <span class='ocrx_word' id='word_1_240' title='bbox 1530 2930 1628 2978; x_wconf 87' lang='lat' dir='ltr'><strong>hoc</strong></span> <span class='ocrx_word' id='word_1_241' title='bbox 1651 2930 1770 2978; x_wconf 91' lang='lat' dir='ltr'><strong>loco</strong></span> <span class='ocrx_word' id='word_1_242' title='bbox 1793 2942 1901 2977; x_wconf 89' lang='lat' dir='ltr'><strong>non</strong></span> <span class='ocrx_word' id='word_1_243' title='bbox 1921 2927 2020 2976; x_wconf 84' lang='lat' dir='ltr'><strong>fuit</strong></span> <span class='ocrx_word' id='word_1_244' title='bbox 2044 2941 2209 2976; x_wconf 81' lang='lat' dir='ltr'><strong>causa.</strong></span> <span class='ocrx_word' id='word_1_245' title='bbox 2255 2927 2392 2975; x_wconf 86' lang='lat' dir='ltr'><strong>Hinc</strong></span> <span class='ocrx_word' id='word_1_246' title='bbox 2413 2929 2567 2976; x_wconf 82' lang='lat' dir='ltr'><strong>verba.</strong></span> 
     </span>
     <span class='ocr_line' id='line_1_28' title="bbox 342 2993 2578 3060; baseline -0.002 -15"><span class='ocrx_word' id='word_1_247' title='bbox 342 2997 407 3045; x_wconf 89' lang='lat' dir='ltr'><strong>de</strong></span> <span class='ocrx_word' id='word_1_248' title='bbox 430 2996 613 3057; x_wconf 90' lang='lat' dir='ltr'><strong>quibus</strong></span> <span class='ocrx_word' id='word_1_249' title='bbox 646 2995 814 3058; x_wconf 85' lang='lat' dir='ltr'><strong>agitur</strong></span> <span class='ocrx_word' id='word_1_250' title='bbox 845 3009 952 3044; x_wconf 91' lang='lat' dir='ltr'><strong>non</strong></span> <span class='ocrx_word' id='word_1_251' title='bbox 984 3012 1016 3046; x_wconf 84' lang='lat' dir='ltr'><strong>a</strong></span> <span class='ocrx_word' id='word_1_252' title='bbox 1036 2997 1208 3046; x_wconf 90' lang='lat' dir='ltr'><strong>Plinio</strong></span> <span class='ocrx_word' id='word_1_253' title='bbox 1238 2996 1482 3060; x_wconf 81' lang='lat' dir='ltr'><strong>profecta,</strong></span> <span class='ocrx_word' id='word_1_254' title='bbox 1518 2998 1607 3045; x_wconf 89' lang='lat' dir='ltr'><strong>sed</strong></span> <span class='ocrx_word' id='word_1_255' title='bbox 1641 3013 1673 3045; x_wconf 84' lang='lat' dir='ltr'><strong>a</strong></span> <span class='ocrx_word' id='word_1_256' title='bbox 1703 2995 1907 3044; x_wconf 86' lang='lat' dir='ltr'><strong>librario</strong></span> <span class='ocrx_word' id='word_1_257' title='bbox 1934 2993 2107 3056; x_wconf 85' lang='lat' dir='ltr'><strong>aliquo</strong></span> <span class='ocrx_word' id='word_1_258' title='bbox 2133 2993 2385 3042; x_wconf 87' lang='lat' dir='ltr'><strong>lemmatis</strong></span> <span class='ocrx_word' id='word_1_259' title='bbox 2418 2993 2578 3041; x_wconf 84' lang='lat' dir='ltr'><strong>instar</strong></span> 
     </span>
     <span class='ocr_line' id='line_1_29' title="bbox 342 3058 2573 3127; baseline -0.001 -17"><span class='ocrx_word' id='word_1_260' title='bbox 342 3062 559 3124; x_wconf 86' lang='lat' dir='ltr'><strong>margini</strong></span> <span class='ocrx_word' id='word_1_261' title='bbox 590 3064 839 3126; x_wconf 83' lang='lat' dir='ltr'><strong>adscripta</strong></span> <span class='ocrx_word' id='word_1_262' title='bbox 869 3077 1067 3124; x_wconf 78' lang='lat' dir='ltr'><strong>censen,</strong></span> <span class='ocrx_word' id='word_1_263' title='bbox 1097 3066 1232 3113; x_wconf 86' lang='lat' dir='ltr'><strong>unde</strong></span> <span class='ocrx_word' id='word_1_264' title='bbox 1261 3071 1441 3127; x_wconf 83' lang='lat' dir='ltr'><strong>postea</strong></span> <span class='ocrx_word' id='word_1_265' title='bbox 1471 3064 1527 3111; x_wconf 91' lang='lat' dir='ltr'><strong>in</strong></span> <span class='ocrx_word' id='word_1_266' title='bbox 1558 3063 1779 3110; x_wconf 85' lang='lat' dir='ltr'><strong>mediam</strong></span> <span class='ocrx_word' id='word_1_267' title='bbox 1803 3058 2084 3109; x_wconf 82' lang='lat' dir='ltr'><strong>orationem</strong></span> <span class='ocrx_word' id='word_1_268' title='bbox 2107 3066 2226 3107; x_wconf 87' lang='lat' dir='ltr'><strong>sunt</strong></span> <span class='ocrx_word' id='word_1_269' title='bbox 2255 3065 2473 3119; x_wconf 86' lang='lat' dir='ltr'><strong>recepta.</strong></span> <span class='ocrx_word' id='word_1_270' title='bbox 2509 3098 2573 3106; x_wconf 81' lang='grc'><strong>.-</strong></span> 
     </span>
     <span class='ocr_line' id='line_1_30' title="bbox 341 3119 2571 3256; baseline -0.002 -10"><span class='ocrx_word' id='word_1_271' title='bbox 341 3129 1027 3248; x_wconf 44' lang='grc' dir='ltr'><strong>.στψῖῆεαῑ-βςεττ.»</strong></span> <span class='ocrx_word' id='word_1_272' title='bbox 1049 3132 1246 3246; x_wconf 50' lang='grc' dir='ltr'><strong>ἢ...</strong></span> <span class='ocrx_word' id='word_1_273' title='bbox 1269 3123 2027 3256; x_wconf 46' lang='lat' dir='ltr'><strong>expetissem}</strong></span> <span class='ocrx_word' id='word_1_274' title='bbox 2051 3126 2101 3174; x_wconf 60' lang='grc' dir='ltr'>Β</span> <span class='ocrx_word' id='word_1_275' title='bbox 2116 3127 2139 3159; x_wconf 73' lang='lat'><strong>²</strong></span> <span class='ocrx_word' id='word_1_276' title='bbox 2153 3119 2571 3255; x_wconf 51' lang='lat' dir='ltr'><strong>anim</strong></span> 
     </span>
     <span class='ocr_line' id='line_1_31' title="bbox 343 3213 2573 3330; baseline -0 -20"><span class='ocrx_word' id='word_1_277' title='bbox 343 3260 560 3326; x_wconf 64' lang='lat' dir='ltr'><strong>Mffetis,</strong></span> <span class='ocrx_word' id='word_1_278' title='bbox 583 3266 651 3315; x_wconf 88' lang='lat' dir='ltr'><strong>A.</strong></span> <span class='ocrx_word' id='word_1_279' title='bbox 683 3214 1013 3330; x_wconf 47' lang='lat' dir='ltr'><strong>’Ilfeplztiig&#39;m</strong></span> <span class='ocrx_word' id='word_1_280' title='bbox 1044 3213 1115 3312; x_wconf 51' lang='lat' dir='ltr'><strong>IL.</strong></span> <span class='ocrx_word' id='word_1_281' title='bbox 1152 3278 1303 3325; x_wconf 83' lang='lat' dir='ltr'><strong>quem,</strong></span> <span class='ocrx_word' id='word_1_282' title='bbox 1327 3262 1477 3311; x_wconf 90' lang='lat' dir='ltr'><strong>Aad.</strong></span> <span class='ocrx_word' id='word_1_283' title='bbox 1516 3278 1588 3324; x_wconf 83' lang='lat' dir='ltr'><strong>q,·,</strong></span> <span class='ocrx_word' id='word_1_284' title='bbox 1610 3263 1674 3312; x_wconf 83' lang='lat' dir='ltr'><strong>R.</strong></span> <span class='ocrx_word' id='word_1_285' title='bbox 1712 3300 1776 3309; x_wconf 78' lang='grc'><strong>-..</strong></span> <span class='ocrx_word' id='word_1_286' title='bbox 1811 3256 2081 3323; x_wconf 82' lang='lat' dir='ltr'><strong>Hierapoli</strong></span> <span class='ocrx_word' id='word_1_287' title='bbox 2103 3257 2171 3320; x_wconf 87' lang='lat' dir='ltr'><strong>in,</strong></span> <span class='ocrx_word' id='word_1_288' title='bbox 2194 3260 2347 3309; x_wconf 83' lang='lat' dir='ltr'><strong>Aad.</strong></span> <span class='ocrx_word' id='word_1_289' title='bbox 2383 3228 2573 3309; x_wconf 65' lang='lat' dir='ltr'><strong>H’iera-</strong></span> 
     </span>
     <span class='ocr_line' id='line_1_32' title="bbox 333 3322 2573 3393; baseline -0.001 -15"><span class='ocrx_word' id='word_1_290' title='bbox 333 3329 485 3393; x_wconf 86' lang='lat' dir='ltr'><strong>polin,</strong></span> <span class='ocrx_word' id='word_1_291' title='bbox 509 3333 558 3380; x_wconf 90' lang='grc' dir='ltr'>Β</span> <span class='ocrx_word' id='word_1_292' title='bbox 582 3329 675 3392; x_wconf 85' lang='lat' dir='ltr'><strong>(lin</strong></span> <span class='ocrx_word' id='word_1_293' title='bbox 697 3347 764 3381; x_wconf 87' lang='lat' dir='ltr'><strong>ex</strong></span> <span class='ocrx_word' id='word_1_294' title='bbox 787 3327 943 3391; x_wconf 88' lang='lat' dir='ltr'><strong>corr.)</strong></span> <span class='ocrx_word' id='word_1_295' title='bbox 969 3369 1034 3378; x_wconf 91' lang='grc'><strong>....</strong></span> <span class='ocrx_word' id='word_1_296' title='bbox 1056 3327 1245 3390; x_wconf 83' lang='lat' dir='ltr'><strong>Aliubi,</strong></span> <span class='ocrx_word' id='word_1_297' title='bbox 1278 3323 1395 3378; x_wconf 87' lang='grc' dir='ltr'><strong>ΒΘ.</strong></span> <span class='ocrx_word' id='word_1_298' title='bbox 1431 3326 1587 3388; x_wconf 83' lang='lat' dir='ltr'><strong>Alibi,</strong></span> <span class='ocrx_word' id='word_1_299' title='bbox 1609 3322 1857 3390; x_wconf 68' lang='lat' dir='ltr'><strong>Aadssr.</strong></span> <span class='ocrx_word' id='word_1_300' title='bbox 1885 3366 1947 3374; x_wconf 86' lang='grc'>-</span> <span class='ocrx_word' id='word_1_301' title='bbox 1967 3327 2278 3388; x_wconf 82' lang='lat' dir='ltr'><strong>praecinant,</strong></span> <span class='ocrx_word' id='word_1_302' title='bbox 2302 3327 2573 3376; x_wconf 88' lang='lat' dir='ltr'><strong>RATad.</strong></span> 
     </span>
     <span class='ocr_line' id='line_1_33' title="bbox 332 3395 2572 3461; baseline -0.002 -16"><span class='ocrx_word' id='word_1_303' title='bbox 332 3399 639 3460; x_wconf 79' lang='lat' dir='ltr'><strong>praecinunt,</strong></span> <span class='ocrx_word' id='word_1_304' title='bbox 669 3395 771 3461; x_wconf 77' lang='grc' dir='ltr'><strong>βγ.</strong></span> <span class='ocrx_word' id='word_1_305' title='bbox 809 3439 873 3446; x_wconf 84' lang='grc'><strong>-.</strong></span> <span class='ocrx_word' id='word_1_306' title='bbox 908 3404 980 3457; x_wconf 85' lang='lat' dir='ltr'><strong>ut,</strong></span> <span class='ocrx_word' id='word_1_307' title='bbox 1017 3411 1117 3445; x_wconf 91' lang='lat' dir='ltr'><strong>om.</strong></span> <span class='ocrx_word' id='word_1_308' title='bbox 1150 3397 1247 3446; x_wconf 65' lang='lat'><strong>12¹.</strong></span> <span class='ocrx_word' id='word_1_309' title='bbox 1286 3436 1351 3446; x_wconf 83' lang='lat'><strong>-..</strong></span> <span class='ocrx_word' id='word_1_310' title='bbox 1386 3395 1529 3455; x_wconf 76' lang='lat' dir='ltr'><strong>aliut,</strong></span> <span class='ocrx_word' id='word_1_311' title='bbox 1560 3396 1629 3445; x_wconf 83' lang='lat' dir='ltr'><strong>A.</strong></span> <span class='ocrx_word' id='word_1_312' title='bbox 1673 3436 1738 3445; x_wconf 82' lang='lat'><em>-</em></span> <span class='ocrx_word' id='word_1_313' title='bbox 1783 3397 1983 3460; x_wconf 83' lang='lat' dir='ltr'><strong>afferre,</strong></span> <span class='ocrx_word' id='word_1_314' title='bbox 2017 3395 2318 3444; x_wconf 85' lang='lat' dir='ltr'><strong>RATadr.</strong></span> <span class='ocrx_word' id='word_1_315' title='bbox 2377 3398 2572 3460; x_wconf 75' lang='lat' dir='ltr'><strong>efferre,</strong></span> 
     </span>
    </p>
   </div>
   <div class='ocr_carea' id='block_1_4' title="bbox 337 3461 2572 3659">
    <p class='ocr_par' dir='ltr' id='par_1_6' title="bbox 337 3461 2572 3659">
     <span class='ocr_line' id='line_1_34' title="bbox 338 3461 2572 3528; baseline -0.001 -16"><span class='ocrx_word' id='word_1_316' title='bbox 338 3461 397 3524; x_wconf 81' lang='grc' dir='ltr'><strong>β.</strong></span> <span class='ocrx_word' id='word_1_317' title='bbox 432 3504 497 3513; x_wconf 86' lang='grc'>-</span> <span class='ocrx_word' id='word_1_318' title='bbox 529 3480 620 3528; x_wconf 85' lang='lat' dir='ltr'><strong>per</strong></span> <span class='ocrx_word' id='word_1_319' title='bbox 650 3479 794 3525; x_wconf 83' lang='lat' dir='ltr'><strong>omne,</strong></span> <span class='ocrx_word' id='word_1_320' title='bbox 815 3466 923 3514; x_wconf 89' lang='lat' dir='ltr'><strong>Aa.</strong></span> <span class='ocrx_word' id='word_1_321' title='bbox 968 3479 1136 3524; x_wconf 79' lang='lat' dir='ltr'><strong>omnes,</strong></span> <span class='ocrx_word' id='word_1_322' title='bbox 1159 3465 1265 3514; x_wconf 87' lang='lat' dir='ltr'><strong>Rd.</strong></span> <span class='ocrx_word' id='word_1_323' title='bbox 1303 3503 1367 3512; x_wconf 89' lang='grc'><strong>..-</strong></span> <span class='ocrx_word' id='word_1_324' title='bbox 1395 3461 1618 3528; x_wconf 83' lang='lat' dir='ltr'><strong>perinde,</strong></span> <span class='ocrx_word' id='word_1_325' title='bbox 1649 3466 1753 3514; x_wconf 88' lang='lat' dir='ltr'><strong>Ra.</strong></span> <span class='ocrx_word' id='word_1_326' title='bbox 1790 3502 1855 3511; x_wconf 92' lang='lat'><strong>....</strong></span> <span class='ocrx_word' id='word_1_327' title='bbox 1889 3477 2062 3521; x_wconf 85' lang='lat' dir='ltr'><strong>nomen,</strong></span> <span class='ocrx_word' id='word_1_328' title='bbox 2095 3463 2144 3511; x_wconf 91' lang='grc' dir='ltr'>Β</span> <span class='ocrx_word' id='word_1_329' title='bbox 2161 3465 2196 3511; x_wconf 83' lang='lat'><strong>².</strong></span> <span class='ocrx_word' id='word_1_330' title='bbox 2241 3463 2386 3511; x_wconf 89' lang='lat' dir='ltr'><strong>Idem</strong></span> <span class='ocrx_word' id='word_1_331' title='bbox 2415 3461 2572 3512; x_wconf 82' lang='lat' dir='ltr'><strong>fuisse</strong></span> 
     </span>
     <span class='ocr_line' id='line_1_35' title="bbox 337 3530 2571 3593; baseline -0 -15"><span class='ocrx_word' id='word_1_332' title='bbox 337 3531 535 3580; x_wconf 86' lang='lat' dir='ltr'><strong>videtur</strong></span> <span class='ocrx_word' id='word_1_333' title='bbox 564 3531 619 3579; x_wconf 91' lang='lat' dir='ltr'><strong>in</strong></span> <span class='ocrx_word' id='word_1_334' title='bbox 658 3532 727 3580; x_wconf 91' lang='lat' dir='ltr'><strong>A.</strong></span> <span class='ocrx_word' id='word_1_335' title='bbox 755 3570 818 3579; x_wconf 85' lang='grc'><strong>..</strong></span> <span class='ocrx_word' id='word_1_336' title='bbox 843 3540 993 3590; x_wconf 80' lang='lat' dir='ltr'><strong>utero,</strong></span> <span class='ocrx_word' id='word_1_337' title='bbox 1036 3533 1098 3581; x_wconf 92' lang='grc' dir='ltr'><strong>Β.</strong></span> <span class='ocrx_word' id='word_1_338' title='bbox 1125 3571 1188 3579; x_wconf 82' lang='grc'>-</span> <span class='ocrx_word' id='word_1_339' title='bbox 1213 3539 1428 3592; x_wconf 80' lang='lat' dir='ltr'><strong>tremunt,</strong></span> <span class='ocrx_word' id='word_1_340' title='bbox 1453 3532 1594 3583; x_wconf 53' lang='grc' dir='ltr'><strong>ΑΒ).</strong></span> <span class='ocrx_word' id='word_1_341' title='bbox 1689 3539 1853 3590; x_wconf 78' lang='lat' dir='ltr'><strong>emunt,</strong></span> <span class='ocrx_word' id='word_1_342' title='bbox 1877 3532 1939 3580; x_wconf 96' lang='grc' dir='ltr'><strong>Β.</strong></span> <span class='ocrx_word' id='word_1_343' title='bbox 1958 3538 2256 3593; x_wconf 80' lang='lat' dir='ltr'><strong>premuntur,</strong></span> <span class='ocrx_word' id='word_1_344' title='bbox 2281 3530 2386 3579; x_wconf 93' lang='lat' dir='ltr'><strong>Td.</strong></span> <span class='ocrx_word' id='word_1_345' title='bbox 2419 3545 2571 3592; x_wconf 88' lang='lat' dir='ltr'><strong>prae-</strong></span> 
     </span>
     <span class='ocr_line' id='line_1_36' title="bbox 339 3593 2571 3659; baseline -0.001 -12"><span class='ocrx_word' id='word_1_346' title='bbox 339 3604 550 3659; x_wconf 78' lang='lat' dir='ltr'><strong>muntur,</strong></span> <span class='ocrx_word' id='word_1_347' title='bbox 584 3613 616 3646; x_wconf 90' lang='lat' dir='ltr'><strong>a</strong></span> <span class='ocrx_word' id='word_1_348' title='bbox 633 3599 663 3645; x_wconf 82' lang='lat'><strong>¹.</strong></span> <span class='ocrx_word' id='word_1_349' title='bbox 701 3637 767 3646; x_wconf 82' lang='lat'><strong>..</strong></span> <span class='ocrx_word' id='word_1_350' title='bbox 808 3594 1060 3658; x_wconf 79' lang='lat' dir='ltr'><strong>Gabiensi,</strong></span> <span class='ocrx_word' id='word_1_351' title='bbox 1084 3613 1129 3648; x_wconf 88' lang='lat' dir='ltr'><strong>a.</strong></span> <span class='ocrx_word' id='word_1_352' title='bbox 1183 3594 1437 3659; x_wconf 68' lang='lat' dir='ltr'><strong>Gavimsi,</strong></span> <span class='ocrx_word' id='word_1_353' title='bbox 1460 3599 1530 3649; x_wconf 85' lang='lat' dir='ltr'><strong>A.</strong></span> <span class='ocrx_word' id='word_1_354' title='bbox 1633 3597 1858 3659; x_wconf 75' lang='lat' dir='ltr'><strong>raviensi,</strong></span> <span class='ocrx_word' id='word_1_355' title='bbox 1889 3599 1939 3647; x_wconf 98' lang='grc' dir='ltr'>Β</span> <span class='ocrx_word' id='word_1_356' title='bbox 1962 3594 2016 3658; x_wconf 85' lang='grc' dir='ltr'><strong>(υ</strong></span> <span class='ocrx_word' id='word_1_357' title='bbox 2047 3611 2114 3646; x_wconf 83' lang='lat' dir='ltr'><strong>ex</strong></span> <span class='ocrx_word' id='word_1_358' title='bbox 2150 3593 2301 3658; x_wconf 87' lang='lat' dir='ltr'><strong>corr.)</strong></span> <span class='ocrx_word' id='word_1_359' title='bbox 2337 3597 2384 3644; x_wconf 94' lang='lat' dir='ltr'><strong>d.</strong></span> <span class='ocrx_word' id='word_1_360' title='bbox 2428 3593 2571 3645; x_wconf 80' lang='lat' dir='ltr'><strong>Gali-</strong></span> 
     </span>
    </p>
   </div>
   <div class='ocr_carea' id='block_1_5' title="bbox 338 3662 2570 4332">
    <p class='ocr_par' dir='ltr' id='par_1_7' title="bbox 339 3662 2569 3793">
     <span class='ocr_line' id='line_1_37' title="bbox 340 3662 2569 3731; baseline -0.001 -19"><span class='ocrx_word' id='word_1_361' title='bbox 340 3663 491 3724; x_wconf 79' lang='lat' dir='ltr'><strong>nensi,</strong></span> <span class='ocrx_word' id='word_1_362' title='bbox 522 3666 669 3715; x_wconf 83' lang='lat' dir='ltr'><strong>codd.</strong></span> <span class='ocrx_word' id='word_1_363' title='bbox 700 3665 852 3715; x_wconf 83' lang='lat' dir='ltr'><strong>Rezz.</strong></span> <span class='ocrx_word' id='word_1_364' title='bbox 889 3704 953 3714; x_wconf 87' lang='grc'><strong>.-.</strong></span> <span class='ocrx_word' id='word_1_365' title='bbox 988 3665 1123 3728; x_wconf 85' lang='lat' dir='ltr'><strong>urbi,</strong></span> <span class='ocrx_word' id='word_1_366' title='bbox 1144 3667 1213 3717; x_wconf 90' lang='lat' dir='ltr'><strong>A.</strong></span> <span class='ocrx_word' id='word_1_367' title='bbox 1251 3705 1315 3714; x_wconf 79' lang='grc'><strong>-</strong></span> <span class='ocrx_word' id='word_1_368' title='bbox 1349 3664 1522 3731; x_wconf 77' lang='lat' dir='ltr'><strong>iuyico,</strong></span> <span class='ocrx_word' id='word_1_369' title='bbox 1544 3668 1595 3717; x_wconf 83' lang='lat' dir='ltr'>R</span> <span class='ocrx_word' id='word_1_370' title='bbox 1613 3668 1644 3714; x_wconf 92' lang='lat'><strong>¹.</strong></span> <span class='ocrx_word' id='word_1_371' title='bbox 1680 3705 1745 3716; x_wconf 90' lang='lat'><strong>....</strong></span> <span class='ocrx_word' id='word_1_372' title='bbox 1790 3665 1978 3716; x_wconf 81' lang='lat' dir='ltr'><strong>ducenti</strong></span> <span class='ocrx_word' id='word_1_373' title='bbox 2007 3662 2372 3726; x_wconf 78' lang='lat' dir='ltr'><strong>aequitantium,</strong></span> <span class='ocrx_word' id='word_1_374' title='bbox 2405 3665 2467 3713; x_wconf 87' lang='grc' dir='ltr'><strong>Β.</strong></span> <span class='ocrx_word' id='word_1_375' title='bbox 2506 3701 2569 3710; x_wconf 77' lang='grc'><strong>..-</strong></span> 
     </span>
     <span class='ocr_line' id='line_1_38' title="bbox 339 3732 1021 3793; baseline 0.001 -12"><span class='ocrx_word' id='word_1_376' title='bbox 339 3748 532 3793; x_wconf 72' lang='lat' dir='ltr'><strong>cuv-sus,</strong></span> <span class='ocrx_word' id='word_1_377' title='bbox 557 3734 621 3782; x_wconf 94' lang='grc' dir='ltr'><strong>Β.</strong></span> <span class='ocrx_word' id='word_1_378' title='bbox 660 3773 724 3782; x_wconf 88' lang='grc'><strong>-.</strong></span> <span class='ocrx_word' id='word_1_379' title='bbox 761 3740 807 3781; x_wconf 80' lang='lat' dir='ltr'><strong>et</strong></span> <span class='ocrx_word' id='word_1_380' title='bbox 830 3732 895 3792; x_wconf 90' lang='lat' dir='ltr'><strong>in,</strong></span> <span class='ocrx_word' id='word_1_381' title='bbox 919 3734 969 3782; x_wconf 98' lang='grc' dir='ltr'>Β</span> <span class='ocrx_word' id='word_1_382' title='bbox 985 3734 1021 3782; x_wconf 83' lang='lat'><strong>².</strong></span> 
     </span>
    </p>

    <p class='ocr_par' dir='ltr' id='par_1_8' title="bbox 338 3792 2570 4332">
     <span class='ocr_line' id='line_1_39' title="bbox 407 3792 2567 3863; baseline -0.001 -15"><span class='ocrx_word' id='word_1_383' title='bbox 407 3797 438 3858; x_wconf 63' lang='grc' dir='ltr'><strong>ἓ</strong></span> <span class='ocrx_word' id='word_1_384' title='bbox 463 3806 577 3850; x_wconf 83' lang='grc'><strong>209.</strong></span> <span class='ocrx_word' id='word_1_385' title='bbox 597 3798 861 3861; x_wconf 79' lang='lat' dir='ltr'><strong>fluctuant,</strong></span> <span class='ocrx_word' id='word_1_386' title='bbox 883 3799 1007 3849; x_wconf 87' lang='grc' dir='ltr'><strong>ΒΑ.</strong></span> <span class='ocrx_word' id='word_1_387' title='bbox 1027 3799 1359 3862; x_wconf 82' lang='lat' dir='ltr'><strong>fluctuantur,</strong></span> <span class='ocrx_word' id='word_1_388' title='bbox 1384 3801 1471 3850; x_wconf 90' lang='lat' dir='ltr'><strong>ad.</strong></span> <span class='ocrx_word' id='word_1_389' title='bbox 1491 3799 1723 3863; x_wconf 80' lang='lat' dir='ltr'><strong>fluitant,</strong></span> <span class='ocrx_word' id='word_1_390' title='bbox 1746 3800 1883 3850; x_wconf 85' lang='lat' dir='ltr'><strong>Pint.</strong></span> <span class='ocrx_word' id='word_1_391' title='bbox 1908 3799 1974 3849; x_wconf 89' lang='lat' dir='ltr'><strong>K.</strong></span> <span class='ocrx_word' id='word_1_392' title='bbox 2001 3837 2065 3847; x_wconf 87' lang='lat'><strong>....</strong></span> <span class='ocrx_word' id='word_1_393' title='bbox 2103 3792 2354 3855; x_wconf 79' lang='lat' dir='ltr'><strong>Caecubio,</strong></span> <span class='ocrx_word' id='word_1_394' title='bbox 2380 3797 2477 3847; x_wconf 55' lang='grc' dir='ltr'><strong>ΒΞ.</strong></span> <span class='ocrx_word' id='word_1_395' title='bbox 2504 3836 2567 3845; x_wconf 79' lang='grc'><strong>.-</strong></span> 
     </span>
     <span class='ocr_line' id='line_1_40' title="bbox 340 3858 2569 3930; baseline -0.001 -15"><span class='ocrx_word' id='word_1_396' title='bbox 340 3873 384 3915; x_wconf 76' lang='lat' dir='ltr'><strong>et</strong></span> <span class='ocrx_word' id='word_1_397' title='bbox 404 3864 591 3926; x_wconf 75' lang='lat' dir='ltr'><strong>eodem3</strong></span> <span class='ocrx_word' id='word_1_398' title='bbox 614 3867 742 3916; x_wconf 86' lang='lat' dir='ltr'><strong>haec</strong></span> <span class='ocrx_word' id='word_1_399' title='bbox 764 3875 881 3917; x_wconf 89' lang='lat' dir='ltr'><strong>sunt</strong></span> <span class='ocrx_word' id='word_1_400' title='bbox 904 3875 1154 3929; x_wconf 84' lang='lat' dir='ltr'><strong>corrupta,</strong></span> <span class='ocrx_word' id='word_1_401' title='bbox 1187 3882 1304 3916; x_wconf 91' lang='lat' dir='ltr'><strong>cum</strong></span> <span class='ocrx_word' id='word_1_402' title='bbox 1326 3865 1488 3916; x_wconf 86' lang='lat' dir='ltr'><strong>eodem</strong></span> <span class='ocrx_word' id='word_1_403' title='bbox 1509 3882 1674 3930; x_wconf 89' lang='lat' dir='ltr'><strong>neque</strong></span> <span class='ocrx_word' id='word_1_404' title='bbox 1697 3869 1764 3916; x_wconf 89' lang='lat' dir='ltr'><strong>ad</strong></span> <span class='ocrx_word' id='word_1_405' title='bbox 1787 3882 1908 3930; x_wconf 73' lang='lat' dir='ltr'><strong>ayro</strong></span> <span class='ocrx_word' id='word_1_406' title='bbox 1930 3878 2097 3926; x_wconf 89' lang='lat' dir='ltr'><strong>neque</strong></span> <span class='ocrx_word' id='word_1_407' title='bbox 2119 3865 2185 3912; x_wconf 85' lang='lat' dir='ltr'><strong>ad</strong></span> <span class='ocrx_word' id='word_1_408' title='bbox 2211 3858 2430 3914; x_wconf 83' lang='lat' dir='ltr'><strong>Caecubo</strong></span> <span class='ocrx_word' id='word_1_409' title='bbox 2452 3878 2569 3927; x_wconf 86' lang='lat' dir='ltr'><strong>pos-</strong></span> 
     </span>
     <span class='ocr_line' id='line_1_41' title="bbox 339 3929 2570 3998; baseline -0.001 -16"><span class='ocrx_word' id='word_1_410' title='bbox 339 3932 406 3982; x_wconf 88' lang='lat' dir='ltr'><strong>sit</strong></span> <span class='ocrx_word' id='word_1_411' title='bbox 425 3933 612 3984; x_wconf 84' lang='lat' dir='ltr'><strong>referri.</strong></span> <span class='ocrx_word' id='word_1_412' title='bbox 648 3934 927 3998; x_wconf 86' lang='lat' dir='ltr'><strong>Scripserat</strong></span> <span class='ocrx_word' id='word_1_413' title='bbox 948 3934 1146 3983; x_wconf 87' lang='lat' dir='ltr'><strong>Plinius</strong></span> <span class='ocrx_word' id='word_1_414' title='bbox 1176 3948 1367 3983; x_wconf 88' lang='lat' dir='ltr'><strong>nomen</strong></span> <span class='ocrx_word' id='word_1_415' title='bbox 1389 3935 1555 3998; x_wconf 85' lang='lat' dir='ltr'><strong>quinti</strong></span> <span class='ocrx_word' id='word_1_416' title='bbox 1577 3935 1790 3983; x_wconf 85' lang='lat' dir='ltr'><strong>alicuius</strong></span> <span class='ocrx_word' id='word_1_417' title='bbox 1814 3933 1923 3994; x_wconf 88' lang='lat' dir='ltr'><strong>agri</strong></span> <span class='ocrx_word' id='word_1_418' title='bbox 1955 3931 2137 3989; x_wconf 86' lang='lat' dir='ltr'><strong>Italici,</strong></span> <span class='ocrx_word' id='word_1_419' title='bbox 2171 3929 2225 3978; x_wconf 91' lang='lat' dir='ltr'><strong>in</strong></span> <span class='ocrx_word' id='word_1_420' title='bbox 2249 3945 2350 3993; x_wconf 91' lang='lat' dir='ltr'><strong>quo</strong></span> <span class='ocrx_word' id='word_1_421' title='bbox 2373 3931 2570 3980; x_wconf 84' lang='lat' dir='ltr'><strong>insulae</strong></span> 
     </span>
     <span class='ocr_line' id='line_1_42' title="bbox 338 3994 2562 4059; baseline -0.001 -10"><span class='ocrx_word' id='word_1_422' title='bbox 338 4001 665 4051; x_wconf 83' lang='lat' dir='ltr'><strong>fluctuabant.</strong></span> <span class='ocrx_word' id='word_1_423' title='bbox 699 4003 750 4051; x_wconf 89' lang='grc' dir='ltr'><strong>Β</strong></span> <span class='ocrx_word' id='word_1_424' title='bbox 771 4002 959 4052; x_wconf 87' lang='lat' dir='ltr'><strong>habere</strong></span> <span class='ocrx_word' id='word_1_425' title='bbox 980 4001 1177 4050; x_wconf 84' lang='lat' dir='ltr'><strong>videtur</strong></span> <span class='ocrx_word' id='word_1_426' title='bbox 1200 3998 1390 4050; x_wconf 86' lang='lat' dir='ltr'><strong>eondem</strong></span> <span class='ocrx_word' id='word_1_427' title='bbox 1412 4017 1445 4051; x_wconf 79' lang='lat' dir='ltr'><strong>a</strong></span> <span class='ocrx_word' id='word_1_428' title='bbox 1464 4015 1622 4050; x_wconf 86' lang='lat' dir='ltr'><strong>manu</strong></span> <span class='ocrx_word' id='word_1_429' title='bbox 1645 4001 1880 4049; x_wconf 85' lang='lat' dir='ltr'><strong>secunda.</strong></span> <span class='ocrx_word' id='word_1_430' title='bbox 1902 4037 1966 4046; x_wconf 92' lang='lat'><strong>....</strong></span> <span class='ocrx_word' id='word_1_431' title='bbox 2002 3994 2288 4059; x_wconf 79' lang='lat' dir='ltr'><strong>Mutinensi,</strong></span> <span class='ocrx_word' id='word_1_432' title='bbox 2313 4000 2405 4047; x_wconf 88' lang='lat' dir='ltr'><strong>ad.</strong></span> <span class='ocrx_word' id='word_1_433' title='bbox 2443 3995 2562 4047; x_wconf 81' lang='lat' dir='ltr'><strong>Mu-</strong></span> 
     </span>
     <span class='ocr_line' id='line_1_43' title="bbox 339 4063 2567 4129; baseline 0.001 -15"><span class='ocrx_word' id='word_1_434' title='bbox 339 4066 499 4128; x_wconf 78' lang='lat' dir='ltr'><strong>tiensi,</strong></span> <span class='ocrx_word' id='word_1_435' title='bbox 521 4063 636 4129; x_wconf 78' lang='grc' dir='ltr'><strong>Ββ.</strong></span> <span class='ocrx_word' id='word_1_436' title='bbox 682 4066 992 4129; x_wconf 70' lang='lat' dir='ltr'><strong>Mutinensis,</strong></span> <span class='ocrx_word' id='word_1_437' title='bbox 1016 4069 1083 4118; x_wconf 90' lang='lat' dir='ltr'><strong>A.</strong></span> <span class='ocrx_word' id='word_1_438' title='bbox 1129 4065 1431 4129; x_wconf 78' lang='lat' dir='ltr'><strong>Multinensi,</strong></span> <span class='ocrx_word' id='word_1_439' title='bbox 1454 4068 1517 4117; x_wconf 87' lang='grc' dir='ltr'><strong>Τ.</strong></span> <span class='ocrx_word' id='word_1_440' title='bbox 1555 4106 1619 4115; x_wconf 87' lang='grc'><strong>.-</strong></span> <span class='ocrx_word' id='word_1_441' title='bbox 1657 4064 1962 4126; x_wconf 79' lang='lat' dir='ltr'><strong>Statoniensi,</strong></span> <span class='ocrx_word' id='word_1_442' title='bbox 1985 4065 2035 4115; x_wconf 86' lang='grc' dir='ltr'><strong>Β</strong></span> <span class='ocrx_word' id='word_1_443' title='bbox 2051 4068 2085 4113; x_wconf 85' lang='lat'><strong>².</strong></span> <span class='ocrx_word' id='word_1_444' title='bbox 2131 4063 2446 4127; x_wconf 71' lang='lat' dir='ltr'><strong>Stationem,</strong></span> <span class='ocrx_word' id='word_1_445' title='bbox 2469 4067 2518 4116; x_wconf 92' lang='grc' dir='ltr'><strong>Β</strong></span> <span class='ocrx_word' id='word_1_446' title='bbox 2535 4066 2567 4115; x_wconf 85' lang='lat'><strong>¹.</strong></span> 
     </span>
     <span class='ocr_line' id='line_1_44' title="bbox 339 4128 2566 4200; baseline 0.001 -18"><span class='ocrx_word' id='word_1_447' title='bbox 339 4130 647 4197; x_wconf 79' lang='lat' dir='ltr'><strong>Stationensi,</strong></span> <span class='ocrx_word' id='word_1_448' title='bbox 678 4136 787 4200; x_wconf 80' lang='lat' dir='ltr'><strong>AT</strong></span> <span class='ocrx_word' id='word_1_449' title='bbox 806 4128 939 4185; x_wconf 80' lang='grc' dir='ltr'><strong>θᾶσ</strong></span> <span class='ocrx_word' id='word_1_450' title='bbox 972 4132 1142 4196; x_wconf 86' lang='lat' dir='ltr'><strong>(codd.</strong></span> <span class='ocrx_word' id='word_1_451' title='bbox 1176 4132 1427 4197; x_wconf 80' lang='lat' dir='ltr'><strong>Bezzon.)</strong></span> <span class='ocrx_word' id='word_1_452' title='bbox 1487 4130 1818 4192; x_wconf 79' lang='lat' dir='ltr'><strong>Stadionensi,</strong></span> <span class='ocrx_word' id='word_1_453' title='bbox 1850 4149 1896 4183; x_wconf 87' lang='lat' dir='ltr'><strong>a.</strong></span> <span class='ocrx_word' id='word_1_454' title='bbox 1954 4129 2258 4195; x_wconf 69' lang='lat' dir='ltr'><strong>Statiniensi,</strong></span> <span class='ocrx_word' id='word_1_455' title='bbox 2290 4133 2466 4184; x_wconf 85' lang='lat' dir='ltr'><strong>Dalec.</strong></span> <span class='ocrx_word' id='word_1_456' title='bbox 2502 4173 2566 4183; x_wconf 84' lang='grc'><strong>...-</strong></span> 
     </span>
     <span class='ocr_line' id='line_1_45' title="bbox 351 4191 2566 4265; baseline -0 -14"><span class='ocrx_word' id='word_1_457' title='bbox 351 4200 649 4265; x_wconf 67' lang='grc' dir='ltr'><em>Ῡαάίηιοηίε,</em></span> <span class='ocrx_word' id='word_1_458' title='bbox 670 4198 822 4253; x_wconf 78' lang='lat' dir='ltr'><strong>Aad.</strong></span> <span class='ocrx_word' id='word_1_459' title='bbox 872 4201 1189 4264; x_wconf 80' lang='lat' dir='ltr'><strong>Vadimoniis,</strong></span> <span class='ocrx_word' id='word_1_460' title='bbox 1211 4203 1262 4253; x_wconf 91' lang='grc' dir='ltr'>Β</span> <span class='ocrx_word' id='word_1_461' title='bbox 1283 4198 1376 4263; x_wconf 80' lang='lat' dir='ltr'><strong>(iis</strong></span> <span class='ocrx_word' id='word_1_462' title='bbox 1401 4214 1467 4252; x_wconf 87' lang='lat' dir='ltr'><strong>ex</strong></span> <span class='ocrx_word' id='word_1_463' title='bbox 1491 4198 1646 4263; x_wconf 83' lang='lat' dir='ltr'><strong>corr.)</strong></span> <span class='ocrx_word' id='word_1_464' title='bbox 1670 4200 1732 4251; x_wconf 82' lang='lat' dir='ltr'><strong>T.</strong></span> <span class='ocrx_word' id='word_1_465' title='bbox 1783 4197 2099 4261; x_wconf 61' lang='lat' dir='ltr'><strong>Vadimontiav,</strong></span> <span class='ocrx_word' id='word_1_466' title='bbox 2123 4191 2181 4249; x_wconf 79' lang='grc' dir='ltr'><strong>θ.</strong></span> <span class='ocrx_word' id='word_1_467' title='bbox 2209 4240 2272 4251; x_wconf 87' lang='grc'><strong>.-</strong></span> <span class='ocrx_word' id='word_1_468' title='bbox 2296 4209 2354 4265; x_wconf 75' lang='lat' dir='ltr'><strong>et,</strong></span> <span class='ocrx_word' id='word_1_469' title='bbox 2376 4216 2477 4252; x_wconf 90' lang='lat' dir='ltr'><strong>om.</strong></span> <span class='ocrx_word' id='word_1_470' title='bbox 2501 4202 2566 4251; x_wconf 92' lang='grc' dir='ltr'><strong>Β.</strong></span> 
     </span>
     <span class='ocr_line' id='line_1_46' title="bbox 342 4265 1398 4332; baseline 0.001 -14"><span class='ocrx_word' id='word_1_471' title='bbox 342 4307 404 4318; x_wconf 77' lang='grc'><strong>...</strong></span> <span class='ocrx_word' id='word_1_472' title='bbox 443 4266 689 4332; x_wconf 62' lang='lat' dir='ltr'><strong>Ouanias,</strong></span> <span class='ocrx_word' id='word_1_473' title='bbox 721 4271 771 4321; x_wconf 90' lang='grc' dir='ltr'>Β</span> <span class='ocrx_word' id='word_1_474' title='bbox 792 4265 1090 4332; x_wconf 75' lang='lat' dir='ltr'><strong>(secundu&#39;m</strong></span> <span class='ocrx_word' id='word_1_475' title='bbox 1118 4270 1137 4321; x_wconf 86' lang='lat' dir='ltr'><em>l</em></span> <span class='ocrx_word' id='word_1_476' title='bbox 1158 4284 1225 4321; x_wconf 83' lang='lat' dir='ltr'><strong>cx</strong></span> <span class='ocrx_word' id='word_1_477' title='bbox 1248 4267 1398 4330; x_wconf 86' lang='lat' dir='ltr'><strong>corr.)</strong></span> 
     </span>
    </p>
   </div>
  </div>
 </body>
</html>
