2961 4861
1285 358 1662 400 PRAEFATIO.
2458 359 2593 399 Lvu

1144 507 1514 636 Arche'typum.

619 690 685 732 xl
1943 692 2013 734 x2

347 878 411 925 B.
436 846 969 940 Pseudo-Appuleius,
1030 878 1083 927 A
2101 884 2172 927 x3
2441 830 2591 858 -Ν

349 944 656 998 scholiastes
677 944 981 996 Germanici.
2123 940 2130 1007 Ι

1149 1062 1221 1104 x4
1710 1062 1780 1106 x5
2272 1059 2342 1103 κδ

916 1188 2101 1284 ·Ἦπππκ7
2212 1239 2280 1282 x8
2422 1235 2493 1279 x9

922 1301 1279 1361 Murbacensis‚
1300 1301 1499 1352 codices
1949 1296 2054 1388 ..J
2232 1296 2241 1362 1
2451 1292 2460 1359 Ι

2051 1370 2146 1387 —
2167 1367 2308 1393 μκ-
2330 1359 2577 1389 ad*—

921 1366 1129 1435 Ba‘bffl'-
1162 1376 1214 1418 0⁸
1248 1367 1461 1420 Gfflfflffi·
1725 1298 1734 1436 ¹
1948 1398 2155 1464 ιιδθρφ.
2174 1398 2578 1462 nrpcwnan.

1717 1487 1763 1535 L

429 1602 563 1661 Hoc
599 1604 675 1659 ad
712 1609 958 1660 stemma
978 1598 1412 1662 illustrandum
1450 1621 1643 1679 pauca
1685 1612 1824 1662 sunt
1861 1602 2145 1661 addenda.
2203 1602 2285 1659 Et
2323 1602 2578 1678 primum

346 1711 581 1785 quidem
620 1729 771 1787 quae
811 1731 992 1787 supra
1029 1714 1104 1769 de
1145 1713 1388 1788 singulis
1417 1712 1713 1771 codicibus
1743 1711 1865 1768 dixi
1892 1712 2102 1769 docent
2129 1728 2330 1768 omnes
2359 1712 2585 1768 codices

347 1837 426 1875 ex
464 1821 780 1896 archetypo
807 1821 1016 1877 litteris
1046 1821 1344 1895 quadratis
1383 1826 1626 1878 exarato
1653 1831 1953 1890 manasse3
1984 1826 2110 1875 tum
2138 1818 2310 1875 multi
2336 1817 2451 1876 loci
2476 1836 2587 1894 per

347 1926 714 2002 corruptelas
756 1945 1098 1986 communes
1141 1935 1433 1986 testantur
1475 1946 1675 1986 omnes
1715 1945 1864 2003 quos
1901 1929 2020 1984 iam
2057 1926 2326 1985 novimus
2357 1927 2584 1985 codices

344 2055 421 2093 ex
448 2054 568 2093 uno
599 2037 891 2093 communi
917 2036 1078 2095 fonte
1106 2056 1237 2095 esse
1264 2037 1509 2095 haustos
1539 2030 1629 2117 (v.
1647 2038 1722 2095 ad
1744 2032 1848 2107 33,
1875 2032 2018 2096 108.
2048 2039 2453 2107 avellanarum,
2477 2030 2583 2107 35,

345 2139 448 2203 11.
479 2154 552 2215 et,
580 2152 758 2219 atque
796 2146 869 2203 de
895 2145 1060 2204 libris
1087 2147 1378 2222 prioribus
1406 2146 1483 2204 ad
1512 2145 1697 2220 praef.
1728 2149 1760 2214 ξ
1791 2140 1871 2217 8.,
1914 2146 2014 2203 ubi
2044 2162 2249 2202 omnes
2276 2145 2390 2202 mei
2420 2146 2581 2203 codi-
2621 2198 2634 2207 .

344 2271 439 2312 ces
466 2254 664 2329 inepto
691 2253 1045 2329 glossemate
1067 2263 1205 2313 sunt
1225 2251 1568 2332 deturpati).
1615 2252 1792 2327 Quod
1812 2255 1930 2312 iam
1950 2254 2029 2312 ad
2050 2254 2308 2329 singulas
2329 2253 2584 2312 familias

344 2363 606 2421 codicum
655 2363 890 2435 attinet,
941 2365 1125 2421 codex
1166 2365 1239 2421 x¹
1276 2365 1526 2422 difficilis
1570 2364 1725 2422 lectu
1762 2372 1822 2420 et
1856 2363 2083 2421 lacunis
2128 2363 2399 2421 foedatus
2449 2362 2580 2421 fuit.

345 2472 569 2545 Quodsi
618 2474 771 2531 enim
824 2473 1093 2532 librarius
1138 2471 1595 2548 Bambergensis
1644 2474 1747 2531 illo
1787 2490 1935 2531 usus
1985 2473 2048 2529 in
2089 2472 2465 2531 describendo
2513 2490 2583 2530 eo

339 2581 558 2657 primas
596 2580 732 2640 illas
768 2582 1011 2639 lacunas
1052 2582 1372 2655 intulisset,
1415 2583 1693 2640 librarius
1730 2582 2021 2640 secundae
2060 2599 2293 2651 manus,
2333 2581 2435 2654 qui
2475 2581 2578 2639 vel

341 2690 647 2748 levissima
688 2691 835 2749 vitia
882 2691 1094 2768 prioris
1134 2700 1409 2749 accurate
1450 2690 1815 2763 emendavit,
1868 2691 2020 2750 tales
2065 2690 2403 2749 omissiones
2464 2709 2583 2748 non

341 2799 724 2875 neglexisset,
777 2799 880 2857 sed
920 2800 1175 2875 margini
1218 2800 1616 2878 appinxisset.
1682 2798 1887 2859 Codex
1931 2820 1973 2857 x
1989 2800 2014 2837 ²
2063 2800 2283 2875 pariter
2324 2799 2574 2857 difficilis

337 2906 512 2980 lectu,
542 2909 698 2966 unde
722 2908 926 2982 ingens
964 2908 1130 2985 copia
1188 2927 1452 2968 errorum
1494 2910 1749 2967 maxime
1793 2908 2091 2967 nominum
2126 2908 2494 2983 propriorum
2522 2908 2584 2964 in

338 3017 634 3075 codicibus
660 3017 795 3075 inde
821 3016 1098 3077 derivatis
1126 3020 1478 3095 explicatur,
1517 3037 1704 3077 novas
1746 3018 1970 3089 sibique
2005 3016 2274 3090 proprias
2344 3015 2585 3073 lacunas

334 3125 557 3198 habuit,
602 3143 754 3200 quae
791 3127 1061 3203 deinceps
1100 3146 1206 3202 per
1268 3127 1495 3184 codices
1522 3144 1598 3182 ex
1626 3143 1695 3202 eo
1724 3123 1967 3180 haustos
1997 3129 2135 3179 sunt
2162 3129 2386 3179 auctae.
2431 3120 2584 3180 Cum

333 3253 474 3293 vero
504 3237 689 3293 codex
714 3233 778 3292 A
805 3235 995 3292 multo
1022 3234 1414 3309 praestantior
1440 3233 1520 3289 sit
1561 3230 1850 3289 codicibus
1880 3231 2083 3288 ceteris
2102 3231 2271 3289 bonis
2294 3232 2583 3303 omnibus,

335 3342 649 3417 gemellum
689 3343 828 3401 huic
865 3342 1082 3399 librum
1127 3337 1202 3421 (x
1222 3335 1278 3420 3)
1329 3340 1584 3398 adfuisse
1633 3347 1895 3417 oportet,
1946 3341 2104 3398 unde
2153 3340 2329 3398 ceteri
2378 3358 2580 3399 omnes

337 3451 565 3508 codices
619 3451 937 3509 fluxerunt.
1008 3450 1090 3508 Et
1168 3459 1357 3522 aetege
1411 3450 1676 3526 quidem,
1735 3469 1854 3507 non
1910 3450 2218 3525 dignitate,
2275 3452 2435 3527 prior
2491 3459 2583 3510 est

337 3558 486 3617 ordo
534 3575 736 3615 eorum
775 3560 1069 3631 codicum,
1124 3560 1227 3634 qui
1275 3535 1528 3624 codicem
1575 3578 1617 3616 x
1635 3559 1660 3595 4
1700 3566 1839 3617 sunt
1912 3560 2122 3632 secuti,
2175 3560 2278 3633 qui
2326 3562 2471 3618 ordo
2519 3561 2579 3618 in

330 3667 674 3745 repetitione
697 3668 1014 3726 verborum
1037 3662 1139 3740 33,
1160 3663 1432 3728 95-98.
1457 3687 1592 3726 cum
1613 3667 1676 3724 V
1697 3669 1988 3743 congruit.
2017 3668 2115 3725 Ex
2134 3668 2374 3726 meliore
2395 3668 2574 3742 fonte,

333 3793 696 3853 quamquam
723 3776 1019 3835 inferioris
1047 3778 1278 3851 aetatis,
1302 3778 1518 3837 hausta
1543 3785 1635 3835 est
1661 3777 1883 3835 familia
1915 3777 2130 3836 codicis
2159 3777 2254 3849 x⁵,
2291 3794 2461 3852 quem
2485 3779 2577 3837 illi

329 3886 587 3946 familiae
622 3905 667 3943 x
683 3885 709 3924 4
745 3893 937 3945 aetate
977 3887 1179 3945 cedere
1214 3888 1422 3946 docent
1464 3886 1948 3961 transpositiones
2020 3905 2266 3963 magnae
2306 3888 2366 3946 in
2412 3889 2576 3947 libris

330 3992 519 4056 2-4.
541 3991 643 4056 31.
669 3992 774 4056 32.
798 3992 900 4056 33.
935 4014 1116 4073 supra
1144 4003 1629 4055 commemoratae
1654 4000 1714 4051 et
1740 3995 1801 4051 in
1830 3995 1907 4050 x4t
1954 4014 2071 4054 non
2116 3997 2340 4056 obviae.
2381 3996 2576 4057 Acce-

329 4105 518 4164 dimus
547 4105 664 4163 iam
691 4107 768 4164 ad
797 4106 1029 4164 codices
1049 4105 1348 4181 prioribus
1376 4104 1497 4162 illis
1525 4103 1868 4162 auctoritate
1897 4121 2013 4162 non
2041 4105 2397 4178 aequandos,
2429 4124 2574 4181 quo·

329 4235 460 4274 rum
501 4236 543 4273 x
562 4216 587 4253 ⁰
635 4235 742 4293 per
792 4215 992 4292 plures
1033 4215 1255 4291 gradus
1305 4234 1338 4272 e
1389 4213 1472 4271 x²
1511 4212 1810 4271 derivatus
1861 4231 1978 4270 non
2026 4231 2268 4289 paucas„
2293 4214 2571 4274 lectiones
