2961 4861
401 337 523 397 144
1093 349 1502 396 rur-muns
1546 348 1936 395 ms‘romAE

398 503 692 587 siccoque
721 501 1006 566 anhelitu
1035 515 1242 565 terrae
1279 502 1460 589 gigni
1504 523 1633 565 non
1674 499 2067 588 negaverim,
2110 521 2298 584 posse
2344 513 2409 564 et
2452 503 2641 584 aquis

396 627 549 668 aera
577 602 1051 689 exspirantibus
1090 604 1203 686 qui
1239 624 1449 685 neque
1492 603 1562 665 in
1603 601 1908 666 nebulam
1950 600 2257 664 densetur
2299 623 2419 665 nec
2461 624 2637 666 cras-

398 715 609 770 sescat
647 705 715 768 in
757 704 946 772 nubis
966 753 985 781 ,
1030 725 1218 789 posse
1263 712 1326 767 et
1371 703 1521 767 solis
1564 703 1822 788 inpulsu
1865 702 2007 786 agi,
2061 701 2363 783 quoniam
2406 714 2639 767 ventus

396 806 572 871 haud
600 805 773 871 aliud
801 804 1213 890 intellegatur
1240 804 1433 886 quani
1473 801 1709 867 fluctus
1750 802 1937 878 aeris,
1981 800 2401 886 pluribusque
2445 804 2637 867 etiam

396 906 622 970 modis.
677 904 973 987 Namque
1019 915 1083 968 et
1128 926 1164 968 e
1205 902 1574 968 fluminibus
1616 926 1693 967 ac
1734 902 2016 967 nubibus
2059 914 2126 966 et
2167 924 2204 966 e
2245 904 2406 967 mari
2449 905 2634 970 vide·

393 1028 539 1068 mus
583 1015 649 1068 et
688 1004 949 1088 quidem
993 1004 1328 1087 tranquillo
1375 1015 1440 1067 et
1496 1002 1654 1068 alios
1705 1024 1867 1085 quos
1916 1011 2148 1066 vocant
2199 1003 2446 1070 altanos
2489 1016 2557 1069 et
2599 1029 2636 1071 e

397 1116 565 1170 terra
605 1127 990 1193 consurgere
1029 1104 1163 1189 qui,
1208 1126 1356 1169 cum
1398 1127 1435 1169 e
1477 1103 1638 1168 mari
1679 1103 1970 1180 redeunt,
2017 1103 2260 1188 tropaei
2303 1118 2631 1184 vocantur,

395 1208 450 1270 si
489 1218 793 1294 pergunt,
837 1207 1089 1294 apogei.

478 1307 735 1372 XLIV.
805 1305 1128 1372 Montium
1183 1327 1334 1369 vero
1385 1303 1593 1368 flexus
1649 1303 1984 1387 crebrique
2042 1305 2314 1370 vertices
2358 1317 2426 1370 et
2479 1331 2631 1372 con·
2663 1326 2759 1369 115

361 1407 581 1473 'flexa‘
605 1408 822 1473 cubito
865 1418 978 1471 aut
1019 1407 1222 1470 fracta
1263 1406 1330 1469 in
1369 1427 1626 1469 umeros
1655 1405 1828 1491 iuga,
1875 1406 2136 1470 concavi
2164 1406 2426 1470 vallium
2455 1407 2631 1472 sinus

394 1508 756 1573 scindentes
808 1507 1262 1590 inaequalitate
1315 1507 1460 1571 ideo
1517 1506 1933 1569 resultantem
1986 1528 2136 1571 aera
2190 1507 2387 1591 (quae
2442 1531 2633 1573 causa

393 1611 587 1675 etiam
627 1632 818 1674 voces
860 1608 1077 1672 multis
1120 1608 1188 1670 in
1228 1607 1385 1671 locis
1425 1608 1785 1691 reciprocas
1829 1607 2042 1692 facit‚)
2087 1607 2223 1672 sine
2250 1608 2378 1671 fine
2405 1621 2630 1675 ventos

392 1723 740 1800 generant3
785 1709 1005 1775 XLV.
1047 1710 1174 1774 iam
1218 1708 1478 1791 quidam
1523 1719 1589 1772 et
1632 1729 1883 1792 specus,
1929 1709 2132 1791 qualis
2175 1709 2242 1773 in
2283 1707 2627 1787 Delmatia,

460 1942 531 1992 sic
556 1959 756 2006 quoque,
786 1944 850 1991 R.
892 1982 952 1990 -.
996 1940 1226 2003 anhelitu,
1258 1941 1364 1990 ΒΤ
1383 1935 1588 1990 Hadra*
1615 1937 1876 2002 (Robert.)
1914 1939 2140 1998 hanelitu,
2165 1941 2223 1990 P.
2272 1938 2443 2001 halitu,
2465 1938 2523 2003 β.
2562 1984 2624 1990 -

393 2026 521 2068 aere,
547 2012 593 2057 d.
631 2025 755 2057 aera
787 2008 945 2071 aquia,
964 2009 1028 2057 R.
1066 2049 1126 2056 -
1163 2007 1387 2066 nebolam,
1412 2011 1461 2058 R
1477 2011 1509 2056 ¹.
1536 2049 1598 2056 .-
1635 2023 1795 2070 neque,
1820 2009 1868 2056 d.
1897 2048 1960 2056 -.
1993 2007 2206 2067 nubibus,
2233 2009 2277 2057 P
2303 2005 2624 2069 (Robertus).

395 2118 456 2125 ..
481 2093 616 2140 posse
639 2077 757 2135 ean
773 2072 875 2139 ²Jad
890 2079 924 2123 ².
957 2076 1189 2139 posset,R
1209 2078 1268 2124 ¹d
1291 2078 1319 2123 ¹.
1352 2071 1762 2138 posse‚P(Rob.)
1784 2115 1846 2122 -.
1864 2073 1964 2122 solo
1988 2073 2367 2138 impulso‚Hard.
2389 2117 2450 2124 -
2471 2074 2625 2136 haud,

391 2161 423 2192 a
447 2140 708 2205 (Robert.)
746 2152 844 2202 aut,
868 2143 983 2190 RP.
1021 2158 1121 2200 non,
1145 2137 1244 2205 βγ.
1279 2142 1455 2191 Omitt.
1494 2142 1597 2190 Td.
1636 2183 1698 2190 —
1718 2142 1925 2205 fluctus,
1950 2143 2094 2191 Rad.
2114 2142 2297 2205 flatus,
2330 2144 2408 2192 Pr
2440 2139 2624 2205 (Rob.)

375 2212 571 2275 fluxus,
607 2211 764 2260 Hard.
797 2223 847 2272 γ.
905 2210 981 2258 At
1013 2225 1059 2257 V.
1091 2211 1292 2258 Lucret.
1329 2215 1375 2269 6,
1420 2215 1533 2258 554.
1572 2215 1684 2259 556.
1742 2209 1970 2259 Oudend.
1995 2212 2061 2258 ad
2091 2209 2285 2272 Appul.
2332 2213 2394 2258 de
2432 2214 2623 2260 mundo

392 2294 441 2342 p.
477 2284 591 2328 312.
632 2318 692 2326 -.
741 2286 800 2337 et,
834 2292 933 2325 om.
968 2278 1029 2325 P.
1078 2317 1140 2325 ..-
1188 2292 1225 2335 e,
1259 2291 1358 2324 orn.
1391 2289 1438 2324 σ.
1479 2316 1540 2324 -.
1588 2293 1662 2335 ac,
1689 2277 1834 2325 Rad.
1872 2285 1928 2334 et,
1951 2278 2011 2326 P.
2061 2317 2121 2323 -.
2168 2275 2379 2336 nubibus,
2414 2279 2620 2327 Robert.

391 2345 590 2404 nivibuS,
614 2340 812 2405 Radss,
839 2346 974 2408 quod
997 2342 1214 2406 praefert
1235 2344 1343 2394 Ian.
1369 2344 1422 2391 in
1445 2344 1607 2392 diurn.
1635 2344 1789 2405 antiq.
1819 2348 1965 2392 1849.
1989 2358 2063 2392 nr.
2092 2349 2172 2392 58.
2199 2359 2249 2406 p.
2277 2349 2390 2393 461.
2427 2344 2622 2405 rivt'bzae,

390 2414 450 2465 P.
485 2413 680 2472 sinilia-³,
706 2412 1069 2465 Constantinus
1093 2413 1228 2476 apud
1249 2412 1425 2462 Dalec.
1461 2410 1671 2473 sinubus,
1695 2411 1850 2460 Hard.
1875 2423 1924 2475 γ,
1958 2412 2020 2461 de
2043 2426 2145 2474 qua
2167 2419 2336 2461 tamen
2360 2411 2525 2462 forma
2546 2414 2622 2464 uti

392 2483 546 2531 etiam
570 2484 632 2531 de
657 2480 979 2531 Constantini
1004 2480 1294 2528 coniectura
1314 2480 1413 2528 vid.
1439 2479 1734 2528 Schneideri
1757 2493 1968 2540 gramm.
1993 2480 2106 2529 Lat.
2133 2485 2179 2537 2,
2205 2485 2320 2528 340.
2348 2480 2447 2529 Sed
2470 2482 2619 2530 unice

392 2564 561 2598 veram
587 2549 884 2611 scripturam
910 2548 1122 2596 servavit
1145 2547 1248 2594 hoc
1270 2547 1384 2595 loco
1408 2547 1678 2605 Robertus,
1711 2560 1840 2608 quae
1864 2548 2119 2608 quomodo
2142 2546 2197 2595 in
2220 2545 2415 2607 nivibus,
2438 2549 2619 2599 litteris

394 2617 422 2663 b
445 2624 495 2664 et
517 2633 546 2663 v
568 2623 809 2663 consueto
842 2629 1005 2663 errore
1031 2614 1367 2672 commutatis,
1392 2614 1603 2663 transire
1625 2614 1859 2677 potuerit,
1885 2613 2095 2676 quilibet
2117 2614 2369 2676 intelligit.
2425 2616 2493 2664 Et
2515 2616 2617 2678 pri-

392 2698 534 2730 mum
559 2683 760 2743 quidem
785 2680 975 2729 sinuum
999 2681 1427 2739 commemoratiO,
1452 2696 1760 2743 quamquam
1785 2695 1875 2743 per
1902 2695 1954 2730 se
1986 2689 2107 2743 apta
2130 2678 2252 2742 (vid.
2274 2682 2534 2731 Aristotel.
2555 2686 2618 2732 de

392 2751 583 2797 mundo
610 2754 657 2797 4.
691 2762 740 2810 p.
767 2745 917 2806 3941),
947 2743 1050 2807 15.)
1075 2748 1175 2795 hoc
1204 2748 1324 2795 loco
1355 2762 1460 2795 non
1493 2756 1569 2796 est
1591 2747 1868 2807 toleranda,
1899 2762 2015 2796 cum
2046 2747 2180 2796 sinus
2219 2749 2510 2812 simpliciter
2542 2752 2616 2799 uti

392 2817 494 2864 hoc
533 2816 648 2864 loco
692 2815 811 2863 dicti
852 2821 909 2862 ut
958 2815 1020 2862 de
1062 2814 1252 2863 sinibus
1293 2815 1444 2863 maris
1486 2815 1834 2877 intelligantur
1872 2829 1977 2863 non
2017 2817 2297 2864 necessario
2347 2818 2615 2879 flagitetur,

391 2885 532 2933 sinus
583 2890 839 2932 terrestres
883 2889 1053 2930 autem
1099 2881 1218 2951 huip
1259 2882 1373 2929 loco
1415 2896 1619 2944 prorsus
1675 2896 1779 2930 non
1830 2882 2156 2942 conveniant,
2214 2884 2333 2945 quia
2383 2887 2445 2933 de
2484 2893 2618 2934 terra

389 2958 654 3000 ventorum
679 2965 831 3000 causa
854 2949 1022 2998 statim
1047 2947 1179 2997 infra
1208 2948 1371 2997 verbis
1397 2956 1442 2996 et
1475 2964 1500 2996 e
1521 2957 1656 2998 terra
1678 2963 1814 2998 nunc
1837 2951 2041 2997 demum
2073 2951 2349 2999 emendatis
2373 2960 2423 3000 et
2445 2954 2474 3015 ξ
2502 2957 2613 3001 115.

389 3020 591 3069 uberius
626 3020 688 3068 de
722 3018 781 3067 iis
820 3018 983 3066 ventis
1014 3017 1263 3079 loquitur,
1300 3031 1426 3079 quos
1470 3015 1664 3064 concavi
1700 3014 1899 3064 vallium
1941 3016 2076 3064 sinus
2120 3027 2376 3078 generant.
2419 3020 2615 3069 Deinde

388 3086 523 3136 sinus
556 3088 708 3135 etiam
742 3101 804 3135 ea
834 3088 896 3135 de
934 3100 1087 3134 cansa
1119 3084 1366 3133 hocloco
1411 3100 1443 3133 a
1472 3083 1645 3132 Plinio
1692 3099 1797 3131 non
1829 3084 1972 3132 allati
2012 3084 2268 3144 videntur,
2311 3087 2430 3148 quia
2471 3101 2613 3149 prae-

389 3162 527 3203 terea
541 3153 762 3218 flumina
796 3162 846 3202 et
876 3168 1012 3202 mare
1043 3160 1219 3201 ventos
1254 3152 1458 3214 gignere
1493 3152 1750 3209 dicuntur,
1783 3151 1963 3214 quibus
1997 3153 2276 3214 comparari
2308 3162 2520 3215 possunt
2549 3155 2614 3203 ob

388 3221 768 3270 similitudinem
811 3221 1050 3269 materiae
1080 3221 1261 3279 nubes,
1303 3235 1407 3267 non
1438 3226 1652 3282 possunt
1693 3220 1846 3268 sinus.
1908 3218 2043 3266 Tum
2084 3218 2273 3268 nubium
2306 3234 2612 3269 commemo-

388 3288 517 3337 ratio
543 3302 745 3349 prorsus
767 3287 929 3334 omitti
954 3301 1102 3349 posse
1125 3302 1228 3335 non
1250 3287 1459 3345 videtur,
1486 3286 1605 3349 quia
1627 3286 1831 3349 reliquis
1853 3293 2117 3336 ventorum
2141 3288 2480 3349 generationis
2497 3304 2614 3338 cau-

387 3354 457 3402 sis
481 3354 885 3401 commemoratis
907 3353 1026 3400 illae
1049 3353 1190 3401 solae
1213 3361 1510 3412 tacerentur,
1535 3354 1576 3402 si
1600 3354 1839 3402 hocloco
1863 3368 1967 3401 non
1991 3352 2300 3413 afferrentur,
2335 3370 2461 3417 quas
2485 3364 2615 3405 certe

387 3420 691 3470 Aristoteles
722 3418 757 3467 1.
788 3419 824 3466 1.
861 3434 910 3481 p.
945 3416 1096 3476 394b,
1127 3421 1203 3467 17.
1238 3420 1437 3468 silentio
1469 3435 1576 3469 non
1606 3420 1904 3481 transmisit;
1938 3429 1988 3469 et
2010 3420 2167 3469 nubes
2190 3422 2388 3471 Plinius
2417 3422 2528 3471 h.1.
2553 3439 2614 3472 eo

388 3487 555 3537 minus
589 3487 819 3534 omittere
845 3485 1026 3547 potuit,
1052 3498 1167 3531 cum
1191 3484 1322 3533 infra
1346 3488 1375 3547 ξ
1403 3493 1532 3546 131.,
1554 3488 1641 3535 ubi
1666 3488 1960 3550 singulatim
1995 3490 2056 3537 de
2092 3490 2340 3552 eenephia
2371 3489 2610 3553 loquitur,

386 3556 568 3604 iterum
586 3553 744 3602 nubes
762 3559 1022 3613 tamquam
1041 3565 1218 3600 causas
1234 3559 1498 3601 ventorum
1518 3556 2000 3615 commemoraverit,
2020 3569 2081 3604 eo
2103 3564 2288 3613 tamen,
2308 3565 2366 3605 ut
2380 3558 2614 3606 locorum

386 3628 568 3671 natura
590 3619 701 3679 fert,
735 3618 1034 3675 discrimine,
1068 3625 1126 3665 ut
1157 3619 1258 3667 hoc
1289 3620 1405 3667 loco
1429 3620 1587 3670 nubes
1612 3623 1908 3685 simpliciter
1939 3622 2140 3671 afferret
2166 3632 2426 3686 tamquam
2460 3640 2614 3673 unam

386 3705 415 3738 e
440 3690 603 3739 causis
635 3686 970 3751 generationis
1003 3692 1284 3745 ventorum,
1318 3687 1407 3735 illo
1432 3689 1608 3744 altero.
1643 3691 1729 3738 ubi
1760 3690 2009 3753 repentini
2042 3691 2191 3740 flatus
2224 3692 2329 3741 sive
2364 3692 2619 3754 procellae

385 3756 711 3813 describendi,
754 3753 838 3802 ubi
873 3755 934 3801 de
967 3766 1148 3813 genere
1179 3753 1333 3814 igitur
1362 3762 1628 3804 ventorum
1660 3766 1809 3806 antea
1842 3758 1894 3806 in
1925 3759 2213 3806 universum
2248 3759 2495 3807 dictorum
2537 3759 2614 3807 lo-

386 3825 641 3885 quendum
667 3830 786 3880 erat,
812 3835 1030 3873 causam,
1055 3821 1188 3868 unde
1213 3821 1312 3868 hoc
1336 3821 1501 3883 ipsum
1525 3831 1788 3873 ventorum
1813 3839 1973 3887 genus
1999 3825 2225 3887 oriretur,
2250 3827 2467 3875 adderet.
2514 3827 2614 3876 Mi-

383 3906 497 3938 rum
531 3897 674 3950 esset,
709 3889 750 3937 si
783 3887 888 3936 illic
921 3887 1116 3936 Plinius
1151 3889 1309 3937 nubes
1344 3896 1603 3951 tamquam
1637 3905 1841 3941 causam
1875 3892 2149 3955 ecnephiae
2182 3901 2498 3952 memoraret,
2529 3894 2615 3942 hic

384 3958 558 4015 nubes,
584 3955 763 4019 quibus
794 3954 849 4003 in
881 3956 1169 4004 universum
1200 3964 1377 4006 ventos
1411 3956 1546 4005 effici
1578 3959 1789 4019 sciebat,
1824 3961 2024 4008 silentio
2056 3961 2431 4009 transmitteret.
2500 3962 2615 4011 Hoc

384 4023 498 4072 loco
522 4026 585 4073 dc
608 4023 823 4072 nubibus
847 4031 1021 4071 ventos
1046 4024 1342 4084 creantibus,
1366 4025 1472 4073 illic
1496 4026 1558 4074 de
1582 4027 1828 4090 eenephia
1850 4027 2067 4076 nubibus
2091 4035 2258 4076 creato
2282 4028 2520 4090 loquitur.
2550 4068 2613 4076 ..-

386 4104 424 4145 e,
450 4104 549 4138 om.
576 4093 624 4139 d.
664 4131 725 4139 ...
762 4105 910 4149 mare,
935 4091 985 4139 R
1008 4093 1038 4137 ¹.
1076 4131 1136 4138 ..
1173 4088 1386 4140 videmus
1409 4090 1639 4155 equidem,
1662 4093 1792 4143 Pad
1816 4089 2076 4156 (Robert.)
2110 4093 2324 4143 videmus
2348 4093 2613 4158 aequidem,

384 4156 447 4206 R.
484 4156 559 4206 At
581 4158 827 4206 vocabulo
862 4155 1076 4219 equidem
1102 4158 1273 4207 nullus
1300 4160 1386 4207 hic
1407 4159 1566 4218 locus,
1591 4169 1642 4208 et
1664 4159 1884 4209 formula
1917 4169 1963 4208 et
1987 4158 2178 4224 quidem
2202 4162 2400 4212 Plinius
2426 4164 2612 4225 saepis-

385 4224 510 4273 sime
544 4224 726 4284 utitur,
769 4224 842 4272 uti
879 4229 927 4283 2,
952 4229 1067 4273 236.
1109 4228 1153 4283 7,
1180 4231 1224 4274 5.
1273 4231 1320 4284 8,
1347 4232 1426 4275 21.
1473 4232 1519 4284 9,
1558 4233 1669 4277 122.
1721 4235 1798 4291 10,
1824 4235 1904 4278 83.
1953 4234 2031 4288 16,
2058 4234 2104 4278 2.
2157 4233 2234 4288 17,
2260 4235 2374 4278 232.
2426 4236 2505 4290 18,
2530 4236 2612 4280 20.

390 4296 500 4340 101.
538 4296 618 4349 30,
647 4296 725 4340 13.
752 4296 831 4340 92.
877 4296 958 4350 32,
988 4297 1030 4339 1.
1057 4296 1103 4340 8.
1145 4333 1203 4339 -
1250 4290 1386 4352 alto-9,
1410 4293 1510 4342 R1.
1551 4335 1611 4342 .-
1658 4304 1807 4353 vocat,
1829 4295 1887 4345 P.
1928 4336 1988 4343 .-
2036 4294 2141 4345 alta
2164 4313 2272 4355 nox,
2303 4297 2361 4345 P.
2402 4337 2464 4345 -.
2510 4306 2614 4356 ete,
