2961 4861
1241 354 1622 397 PRAEFATIO.
2324 358 2504 399 Lxxv
2512 359 2560 398 11

311 517 509 569 ctum
529 506 921 584 protulerunt,
937 523 1073 565 cum
1094 507 1491 566 additamento
1513 507 1717 583 „apud
1739 505 2221 581 Delecampium”
2242 510 2338 568 vel
2360 510 2563 587 „apud

311 616 681 677 Broterium”
710 615 1009 691 leguntur,
1040 634 1290 691 quorum
1313 625 1562 692 uterque
1589 616 1817 676 criticos
1844 618 2321 676 commemoravit
2339 618 2565 678 trustra

312 748 351 787 a
378 746 473 786 me
500 726 820 802 quaesitos.
862 724 927 783 A
948 725 1332 804 Dalecampio
1359 726 1727 803 potissimum
1752 723 2036 800 Scaligeri
2063 732 2125 783 et
2143 726 2388 786 Roberti
2407 725 2562 787 Con-

313 836 555 897 stantini
582 835 948 895 coniecturae
975 835 1377 911 proferuntur,
1421 855 1459 895 a
1485 834 1761 895 Broterio
1787 836 2042 907 Petavii,
2071 834 2305 906 Huetii3
2344 836 2434 895 illi
2461 838 2565 898 ubi

314 947 680 1006 coniecturas
711 962 850 1003 suas
878 945 1181 1018 ediderint,
1222 946 1418 1004 locum
1446 945 1720 1020 quamvis
1751 944 1959 1003 sedulo
1988 962 2277 1019 quaerens
2304 946 2565 1022 reperire

315 1074 435 1115 non
461 1056 627 1132 potui
642 1095 660 1127 ‚
712 1063 783 1113 ut
820 1055 927 1113 vix
966 1055 1228 1114 dubitem
1265 1054 1708 1131 Dalecampium
1750 1053 2105 1114 adversariis
2142 1053 2381 1113 illorum
2409 1056 2567 1115 viro-

315 1183 449 1224 rum
477 1183 658 1223 manu
688 1164 919 1240 scriptis
946 1181 1124 1222 usum
1151 1163 1354 1237 fuisse,
1385 1163 1490 1221 sed
1517 1182 1593 1222 ex
1620 1163 1845 1222 saeculi
1870 1164 2034 1222 illius
2055 1182 2216 1222 more
2243 1163 2355 1223 hoc
2376 1165 2568 1224 dicere

318 1292 821 1351 supervacaneum
856 1273 1172 1345 habuisse;
1222 1272 1526 1333 Broterius
1565 1274 1629 1332 in
1679 1273 2040 1349 praefatione
2085 1292 2147 1350 p.
2187 1273 2401 1333 XXII.
2443 1275 2570 1351 ipse

317 1390 568 1443 testatur
617 1401 679 1441 se
719 1381 925 1442 Huetii
958 1390 1017 1441 et
1043 1383 1274 1442 Patavii
1303 1382 1641 1442 adversaria
1668 1384 1745 1441 ad
1782 1401 2025 1442 manum
2061 1383 2358 1443 habuisse.
2414 1382 2570 1444 Con·

319 1510 562 1551 sensum
598 1493 904 1569 utriusque
940 1493 1210 1551 editionis
1253 1487 1337 1573 βγ
1378 1492 1675 1550 interdum
1712 1493 1776 1550 in
1803 1493 1997 1552 verbis
2027 1494 2426 1552 commentarii
2456 1495 2573 1553 mei

317 1620 429 1679 per
457 1618 660 1660 vocem
688 1601 953 1677 „vulgo”
981 1602 1344 1679 significavi3
1373 1608 1517 1660 nota
1541 1610 1736 1660 autem
1763 1597 1796 1681 β
1818 1603 2057 1660 minime
2077 1602 2191 1661 hoc
2213 1603 2364 1677 vult,
2387 1602 2571 1662 Dale-

319 1711 615 1786 campium
636 1712 893 1788 primum
913 1728 1043 1768 eam
1064 1709 1390 1781 lectionem,
1407 1709 1501 1768 cui
1518 1710 1621 1768 illa
1634 1710 1906 1785 apposita
1916 1717 2026 1782 est,
2040 1712 2346 1787 recepisse,
2361 1730 2572 1772 verum

322 1822 731 1879 tantummodo
770 1812 931 1895 apud
966 1817 1416 1893 Dalecampium
1459 1836 1592 1877 eam
1630 1818 1880 1877 inveniri
1895 1861 1915 1890 ,
1965 1837 2143 1895 posse
2180 1834 2312 1877 eam
2351 1819 2468 1877 iam
2508 1821 2572 1878 in

257 2006 277 2032 χ
323 1929 679 1988 editionibus
708 1928 1004 2006 prioribus
1033 1933 1287 1999 exstare,
1327 1934 1387 1986 et
1413 1928 1932 2021 Dalecampianam
1958 1931 2133 1988 modo
2162 1928 2350 1987 basim
2388 1929 2571 1988 histo-

321 2039 509 2098 ricam
547 2056 715 2097 meae
762 2037 1119 2096 recensionis
1155 2037 1483 2096 habendam
1512 2055 1660 2109 esse,
1708 2039 1784 2096 ad
1813 2057 1991 2114 quam
2030 2048 2099 2098 ut
2137 2038 2363 2098 iontem
2399 2039 2571 2099 nobis

324 2148 579 2226 primum
621 2147 943 2224 scripturae
985 2146 1264 2223 vulgatae
1298 2147 1463 2206 redii.
1527 2147 1623 2206 Ita
1659 2148 1721 2206 in
1761 2148 1946 2208 indice
1986 2149 2123 2208 libri
2161 2144 2265 2208 21.
2305 2147 2573 2208 lemmati

340 2259 588 2329 Vestino,
630 2275 741 2333 pro
769 2275 886 2333 quo
915 2257 1142 2316 codices
1169 2256 1287 2316 alia
1312 2257 1611 2331 exhibent,
1641 2258 2004 2334 adscriptum
2032 2267 2123 2317 est
2147 2277 2361 2318 nomen
2388 2257 2572 2316 Dale-

328 2367 560 2445 campii,
604 2386 963 2444 quamquam
1000 2367 1105 2426 illa
1144 2367 1315 2426 lectio
1356 2386 1501 2426 vera
1539 2367 1657 2425 iam
1693 2368 1754 2426 in
1795 2368 2146 2426 editionibus
2175 2367 2571 2444 superioribus

328 2484 542 2537 exstat.
569 2477 850 2555 Magnam
879 2478 1241 2553 diligentiam
1266 2477 1716 2552 interpunctioni
1743 2487 1804 2536 et
1830 2478 2224 2536 emendandae
2252 2486 2312 2536 et
2337 2478 2571 2554 aequali

327 2589 657 2647 reddendae
684 2588 949 2661 adhibui,
979 2604 1157 2662 quam
1176 2587 1592 2661 aequalitatem
1622 2587 1675 2645 si
1695 2604 1815 2646 non
1834 2586 2050 2662 ubique
2073 2594 2364 2646 servatam
2385 2589 2573 2647 lector

330 2698 572 2770 viderit,
613 2699 708 2757 hic
748 2715 980 2772 quoque
1015 2697 1300 2756 ambitum
1341 2695 1536 2773 operis
1573 2703 1634 2755 et
1672 2696 2142 2773 perspicuitatem
2183 2715 2432 2771 excuso,
2477 2698 2573 2758 cui

328 2807 659 2884 aliquotieS,
698 2807 762 2865 in
787 2806 1150 2884 longioribus
1186 2805 1559 2883 potissimum
1598 2801 2110 2880 enuntiatiom‘bus,
2139 2808 2573 2867 concedendum

329 2916 460 2975 fuit.
517 2914 816 2990 Quantum
845 2935 987 2976 vero
1024 2934 1158 2975 mea
1195 2916 1649 2993 interpungendi
1689 2916 1841 2975 ratio
1880 2918 1956 2975 ab
1995 2915 2302 2990 hucusque
2339 2924 2576 2993 recepta

332 3026 413 3083 sit
431 3026 669 3084 diversa
690 3034 748 3083 et
768 3034 915 3102 quot
932 3026 1078 3085 locis
1098 3045 1206 3102 per
1226 3032 1513 3084 mutatam
1531 3025 2060 3099 interpunctionem
2088 3023 2199 3080 lux
2218 3025 2296 3080 sit
2315 3026 2575 3096 admota,

332 3144 460 3193 tum
489 3136 722 3193 demum
750 3134 997 3211 intelligi
1022 3140 1238 3210 potest,
1280 3134 1334 3190 si
1370 3150 1566 3189 meam
1603 3131 1915 3188 editionem
1952 3148 2088 3188 cum
2115 3129 2578 3210 Dalecampiana

331 3245 427 3304 vel
438 3245 782 3305 Broteriana
800 3263 907 3321 per
926 3245 1127 3320 plures
1150 3242 1421 3316 deinceps
1443 3240 1694 3315 paginas
1713 3237 1964 3312 legendo
1990 3258 2312 3317 compareS,
2325 3260 2459 3299 cum
2479 3244 2577 3302 vel

331 3355 767 3412 accuratissima
794 3351 1107 3428 descriptio
1137 3348 1492 3409 diversitatis
1520 3348 1846 3423 scripturae
1872 3350 1933 3407 in
1964 3350 2381 3410 commentario
2411 3352 2576 3412 insti-

334 3467 465 3518 tuta
484 3461 599 3519 hoc
619 3462 826 3520 docere
845 3468 1115 3535 nequeat.
1161 3460 1249 3520 Ut
1267 3467 1464 3517 autem
1486 3475 1604 3518 uno
1626 3460 1838 3519 obtutu
1857 3459 2045 3519 lector
2061 3466 2395 3535 cognoscat,
2433 3472 2579 3538 quot

333 3570 448 3628 loci
483 3587 590 3645 per
629 3570 992 3628 coniecturas
1031 3577 1136 3628 aut
1175 3569 1424 3628 aliorum
1465 3575 1573 3628 aut
1611 3587 1773 3628 meas
1818 3569 1937 3628 sint
1974 3570 2288 3643 emendati,
2332 3573 2394 3629 in
2433 3582 2578 3649 quot

332 3680 476 3739 locis
505 3678 860 3754 scripturam
887 3678 1191 3755 vulgatam
1214 3675 1248 3760 β
1270 3679 1550 3737 intactam
1578 3679 1911 3754 reliquerim
1932 3689 2038 3738 aut
2065 3681 2142 3740 ad
2162 3698 2295 3737 eam
2315 3682 2392 3739 ab
2413 3680 2576 3740 Har-

333 3790 514 3849 duino
542 3789 866 3866 neglectam
894 3789 1186 3861 redierim,
1216 3795 1360 3864 quot
1395 3789 1649 3865 denique
1676 3789 1792 3848 loci
1818 3790 2079 3848 nondum
2107 3791 2407 3867 persanati
2431 3791 2578 3850 mihi

332 3900 663 3972 videantur,
694 3898 832 3957 huic
863 3898 1105 3957 editioni
1123 3915 1343 3958 novum
1363 3898 1622 3973 aliquem
1643 3897 1913 3969 indicem,
1944 3916 2120 3973 quem
2141 3900 2408 3959 criticum
2430 3901 2574 3972 dixi,

331 4009 538 4081 adieci,
579 4010 653 4067 de
688 4010 860 4068 cuius
901 4009 1131 4068 ratione
1170 4007 1288 4065 iam
1323 4008 1529 4083 paucis
1566 4005 1761 4065 verbis
1790 4014 1881 4064 est
1905 4007 2325 4068 disserendum.
2371 4008 2578 4069 Solent

333 4137 491 4177 nunc
518 4120 781 4178 ‘editores
818 4118 1064 4196 singulis
1104 4117 1299 4178 verbis
1346 4124 1452 4176 aut
1490 4116 1822 4175 coniectura
1856 4118 2072 4178 sanatis
2114 4128 2220 4177 aut
2258 4119 2575 4178 etiamnum

335 4229 629 4305 corruptis
671 4228 731 4288 in
772 4229 900 4306 ipsa
936 4230 1089 4289 serie
1125 4227 1401 4288 orationis
1432 4243 1657 4301 eruce8,
1697 4227 2025 4301 asteriscos,
2071 4229 2274 4289 obelos
2301 4230 2574 4305 praemit-
