2961 4861
349 303 470 365 136
1048 315 1454 360 NATURAms
1502 314 1890 360 Hls'romAE

348 493 460 535 ora
499 470 722 557 populi
760 467 1111 532 meridiano
1143 466 1618 529 transcucurrit.
1673 464 1828 528 Duo
1856 485 2096 551 genera
2125 486 2379 528 earum:
2426 463 2588 528 lam-

347 572 553 657 padas
596 580 830 635 vocant
870 568 1059 653 plane
1105 567 1283 643 faciS,
1329 566 1602 630 alterum
1644 564 1911 642 bolidas,
1965 565 2150 649 quale
2193 563 2589 630 Mutinensi-

348 673 472 737 bus
536 672 723 737 malis
789 669 1000 734 visum
1068 678 1184 733 est.
1272 666 1537 732 Distant
1601 666 1772 750 quod
1838 666 2014 731 faces
2069 657 2348 754 ,vestigia
2397 667 2592 752 longa

348 773 596 841 faciunt
618 821 636 851 ,
693 773 905 856 priore
959 770 1229 834 ardente
1279 778 1465 853 parte
1489 815 1508 844 ,
1564 766 1727 832 bolis
1782 789 1934 832 vero
1992 776 2307 852 perpetua
2357 766 2592 832 ardens

348 874 700 961 longiorem
744 872 940 935 trahit
980 870 1268 936 limitem.

435 976 538 1038 26.
594 973 895 1037 Emicant
949 982 1013 1035 et
1068 971 1282 1035 trabes
1341 969 1530 1033 simili
1582 969 1774 1033 modo
1797 1016 1815 1046 ,
1874 990 2038 1051 quas
2082 970 2296 1038 δοκοὺς
2338 979 2590 1046 vocant,

358 1075 568 1159 qualis
635 1097 782 1139 cum
844 1070 1349 1137 Lacedaemonii
1412 1071 1619 1134 classe
1682 1069 1837 1134 victi
1897 1069 2218 1154 inperium
2277 1067 2592 1136 Graeciae

348 1175 645 1240 amisere.
714 1173 828 1238 Fit
872 1183 936 1238 et
980 1172 1142 1237 caeli
1185 1170 1391 1255 ipsius
1433 1170 1670 1248 hiatus,
1718 1170 1893 1254 quod
1933 1180 2167 1236 vocant
2209 1172 2487 1236 chasma.

434 1274 736 1341 XXVII.
811 1275 913 1338 27.
959 1272 1072 1337 Fit
1115 1284 1181 1338 et
1224 1272 1576 1357 sanguinea
1618 1270 1832 1354 specie
1876 1270 2034 1355 (quo
2063 1270 2221 1335 nihil
2251 1272 2592 1338 terribilius
2619 1287 2686 1335 97

350 1377 712 1443 mortalium
743 1374 952 1439 timori
984 1372 1112 1458 est)
1155 1372 1527 1438 incendium
1564 1372 1649 1435 ad
1690 1382 1890 1437 terras
1935 1373 2169 1438 cadens
2210 1373 2382 1451 inde,
2431 1372 2595 1438 sicut

352 1476 733 1563 olympiadis
776 1476 1162 1540 centesimae
1207 1487 1538 1559 septumae
1582 1496 1747 1538 anno
1793 1474 1979 1539 tertio
2001 1521 2020 1552 ,
2082 1495 2227 1538 cum
2276 1496 2395 1541 rex
2435 1472 2593 1538 Phi-

350 1579 570 1665 lippus
600 1574 946 1643 Graeciam
976 1584 1298 1660 quateret.⁷
1349 1573 1568 1659 Atque
1614 1596 1734 1661 ego
1776 1574 1937 1640 haec
1981 1573 2162 1638 statis
2207 1573 2595 1660 temporibus

352 1690 621 1744 naturae
650 1687 726 1742 ut
764 1688 977 1742 cetera
1019 1676 1291 1741 arbitror
1334 1676 1664 1753 exsistere,
1708 1698 1836 1740 non
1864 1686 1939 1741 ut
1964 1675 2254 1761 plerique
2283 1676 2477 1740 variis
2512 1675 2595 1740 de

357 1780 569 1847 causis
615 1803 775 1864 quas
818 1778 1220 1864 ingeniorum
1250 1799 1521 1841 acumen
1550 1777 1892 1864 excogitat.
1950 1776 2210 1865 Quippe
2238 1777 2597 1864 ingentium

354 1881 668 1945 malorum
714 1880 896 1945 fuere
937 1877 1355 1964 praenuntia3
1417 1877 1532 1942 sed
1587 1900 1664 1942 ea
1718 1877 2027 1942 accidisse
2077 1900 2203 1943 non
2246 1878 2402 1961 quia
2440 1877 2598 1942 haec

356 1979 531 2046 facta
590 1989 740 2043 sunt
796 1979 1068 2043 arbitror
1089 2027 1108 2058 ,
1169 2001 1394 2043 verum
1442 1978 1604 2044 haec
1644 1978 1790 2043 ideo
1834 1979 2005 2043 facta
2026 2027 2045 2058 ,
2102 1977 2255 2063 quia
2303 1978 2599 2043 incasura

358 2089 543 2146 erant
569 2080 677 2147 illa
692 2105 711 2158 3
757 2080 1017 2144 raritate
1047 2088 1263 2143 autem
1291 2080 1605 2144 occultam
1636 2101 1855 2143 eorum
1895 2102 2034 2145 esse
2074 2080 2383 2145 rationem
2420 2074 2599 2143 ideo-

360 2167 486 2266 que
515 2203 644 2247 non
675 2180 843 2247 sicut
876 2189 1134 2245 exortus
1173 2201 1367 2265 supra
1411 2179 1614 2245 dictos
1658 2180 2080 2263 defectusque
2126 2190 2192 2246 et
2232 2180 2435 2244 multa
2476 2177 2604 2244 alia

358 2282 556 2347 nosci.

444 2380 779 2450 XXVHI.
856 2384 959 2449 28.
1006 2380 1377 2450 Cernuntur
1419 2393 1487 2450 et
1528 2383 1747 2449 stellae
1791 2405 1936 2448 cum
1982 2382 2114 2449 sole
2159 2382 2306 2448 totis
2348 2381 2597 2463 diebus,
2628 2400 2695 2445 98

358 2485 739 2571 plerumque
781 2496 846 2550 et
889 2487 1057 2552 circa
1096 2487 1247 2552 solis
1288 2487 1511 2551 orbem
1554 2508 1676 2551 ceu
1718 2485 1972 2570 spiceae
2001 2506 2268 2550 coronae
2299 2495 2365 2549 et
2394 2483 2600 2549 versi-

362 2584 605 2650 colores
662 2586 882 2651 circuli
905 2634 924 2664 ,
987 2587 1260 2669 qualiter
1308 2585 1609 2672 Augusto
1658 2583 1936 2651 Caesare
1979 2585 2046 2647 in
2088 2585 2297 2670 prima
2336 2585 2601 2648 iuventa

361 2685 589 2749 urbem
641 2685 919 2749 intrante
971 2697 1120 2771 post
1170 2687 1418 2752 obitum
1459 2687 1663 2772 patris
1707 2686 1789 2750 ad
1830 2707 2063 2750 nomen
2103 2686 2331 2771 ingens
2374 2706 2602 2769 capes·

363 2784 649 2849 sendum.
732 2783 1008 2849 XXIX.
1062 2785 1407 2851 Exsistunt
1451 2787 1713 2852 eaedem
1756 2807 2026 2850 coronae
2070 2785 2238 2850 circa
2278 2786 2495 2851 lunam
2538 2795 2606 2849 et

364 2887 534 2959 circa
576 2886 815 2953 nobilia
856 2898 1028 2953 astra
1070 2888 1372 2971 caeloque
1414 2886 1827 2951 inhaerentia.

442 3126 636 3191 horam,
678 3130 784 3179 Td.
841 3172 903 3179 -.
958 3128 1338 3190 transcucurrit,
1381 3129 1587 3179 R'rad.
1664 3127 1987 3189 transcurrit,
2039 3130 2248 3179 Bobert.
2291 3124 2351 3190 β.
2421 3128 2604 3178 transi-

361 3194 507 3256 verit,
546 3196 604 3246 P.
662 3237 723 3244 .-
780 3213 962 3258 eorum,
1002 3198 1047 3248 P
1089 3194 1413 3260 (Robertus.)
1464 3237 1525 3246 ..
1583 3195 1867 3259 lampadas,
1914 3195 2050 3245 RSa
2082 3192 2347 3258 (Robert.)
2413 3194 2603 3260 lampa-

362 3261 462 3323 des,
494 3257 704 3325 Pdssr..
742 3261 1035 3328 lampadias,
1068 3266 1221 3324 Pint„
1255 3279 1565 3327 quamquam
1599 3264 1792 3313 dubius.
1842 3303 1904 3311 ...
1952 3278 2080 3323 aces,
2112 3276 2160 3311 σ.
2210 3302 2273 3311 ...
2319 3260 2416 3312 alte
2449 3278 2604 3324 enum,

363 3328 461 3378 12¹.
500 3368 562 3375 -
600 3327 811 3390 bulidas,
846 3332 904 3380 Ρ.
954 3370 1017 3378 -..
1064 3330 1250 3393 quales,
1287 3333 1345 3385 P.
1393 3371 1457 3379 -
1507 3346 1636 3391 aces,
1669 3344 1719 3379 σ.
1758 3370 1821 3378 ...
1858 3325 2077 3389 δοκοὺς,
2103 3345 2149 3378 a.
2188 3327 2349 3391 docus,
2373 3329 2450 3380 R2
2471 3321 2608 3381 Sor

363 3390 625 3455 (Robort.)
651 3395 807 3455 docui,
831 3397 882 3450 B
903 3398 931 3444 ¹.
958 3396 1152 3455 dachus,
1177 3399 1281 3445 Td.
1310 3396 1500 3458 dochos,
1521 3399 1582 3448 P.
1608 3397 1762 3458 docos,
1785 3392 1849 3457 β.
1871 3436 1934 3444 .-
1969 3394 2154 3459 quales,
2178 3397 2223 3446 Ρ
2247 3393 2510 3459 (Robert.)
2537 3435 2600 3446 .-

364 3476 515 3526 quem‚
539 3475 622 3509 ra.
660 3501 724 3509 .-
759 3478 946 3521 casma,
971 3461 1113 3510 R¹P.
1148 3463 1266 3511 Huc
1287 3465 1492 3524 respicit
1516 3464 1653 3514 Serv,
1679 3466 1745 3514 ad
1766 3463 1924 3525 Verg.
1948 3464 2080 3513 Aen.
2107 3468 2155 3524 9,
2181 3469 2263 3514 20.

430 3529 460 3591 ς
486 3531 567 3577 97.
612 3528 809 3587 Ferunt,
844 3529 904 3583 Ρ.
944 3568 1007 3576 ...
1045 3528 1214 3591 specie,
1247 3520 1484 3579 ROPar
1514 3526 1774 3592 (Robert.)
1823 3529 2003 3593 species
2038 3539 2093 3587 et,
2129 3525 2228 3590 dss.
2276 3571 2340 3580 ....
2386 3528 2512 3580 nihil
2543 3539 2601 3592 a,

361 3596 425 3645 R.
464 3636 526 3643 -
563 3604 757 3655 terram,
781 3596 839 3644 P.
880 3634 941 3643 .-
978 3592 1262 3658 olympiade,
1285 3611 1333 3644 σ.
1372 3634 1435 3644 .-
1473 3597 1755 3651 centesimae
1777 3596 2019 3660 septimae,
2051 3597 2197 3647 Pad.
2234 3596 2317 3647 cui
2345 3596 2394 3646 in
2426 3612 2512 3658 me,
2534 3598 2600 3647 R.

361 3661 653 3723 centesimae,
677 3662 887 3716 Robert.
924 3701 987 3710 -
1026 3669 1218 3724 quarto,
1241 3663 1399 3713 Hard.
1437 3704 1502 3712 -
1539 3680 1620 3730 eqo
1643 3666 1773 3725 haec,
1797 3665 1933 3717 Rad
1966 3660 2225 3727 (Robert.)
2273 3679 2342 3725 eo,
2375 3665 2434 3714 Ρ.
2482 3665 2601 3714 haec

363 3747 464 3794 eqo,
486 3725 589 3793 βγ.
628 3770 691 3780 -.
727 3728 880 3791 stans,
903 3730 1049 3777 codd.
1076 3728 1290 3779 Gelenii.
1328 3730 1470 3790 satis,
1495 3731 1705 3781 BTad.
1742 3730 1882 3792 ratis,
1906 3748 1932 3781 r
1956 3728 2236 3793 (Robem),
2256 3734 2395 3794 quod
2417 3732 2601 3794 probat

361 3797 538 3849 Heius.
562 3798 673 3847 πᾶν.
697 3811 747 3859 p.
775 3802 888 3851 541.
925 3794 1088 3855 tantis,
1111 3797 1171 3851 P.
1210 3836 1273 3845 ...
1309 3795 1558 3858 incasura,
1582 3812 1629 3846 σ.
1658 3839 1721 3847 -
1758 3807 1942 3860 errant,
1967 3798 2064 3853 R2.
2091 3838 2154 3847 ...
2191 3797 2298 3859 illa,
2324 3813 2424 3848 om.
2448 3798 2508 3848 P.
2535 3838 2597 3847 .-

364 3862 574 3913 raritate
596 3869 756 3912 autem
778 3861 1026 3924 occultam,
1049 3863 1179 3918 Rad
1205 3860 1377 3924 (codd.
1400 3864 1626 3925 Barbari,
1635 3863 1872 3927 Robcrt.)
1898 3864 2145 3915 raritatem
2169 3873 2329 3914 autem
2352 3864 2599 3926 occultam,

361 3931 421 3979 Ρ.
459 3929 664 3979 raritate
687 3930 909 3980 timorem.
934 3928 1162 3983 occultam
1187 3940 1357 3993 autem,
1380 3945 1427 3980 σ.
1467 3972 1529 3980 .-
1567 3929 1690 3993 alia,
1715 3948 1815 3982 om.
1841 3930 2003 3982 12¹2).
2042 3973 2103 3982 ....
2142 3931 2292 3993 nosci,
2325 3934 2376 3983 R
2417 3928 2495 3992 (ci
2532 3947 2600 3982 cx

363 3995 518 4059 corr.)
543 3999 632 4047 ad.
667 3996 818 4057 nasci,
840 3999 899 4048 P.
926 3998 1040 4048 Om.
1064 4000 1272 4048 Robert.

431 4065 461 4126 ξ
496 4069 576 4113 98.
621 4063 825 4129 spiceae,
866 4057 1089 4115 θΤαᾶι·
1121 4062 1379 4128 (Robert.)
1422 4066 1566 4131 spice,
1598 4068 1662 4116 R.
1709 4066 1878 4130 specie,
1903 4061 2011 4126 Pss.
2060 4107 2122 4115 -
2160 4066 2424 4126 intrantem,
2446 4081 2496 4116 σ.
2535 4108 2597 4115 -

362 4130 594 4191 Eximat,
617 4132 674 4181 P.
708 4133 828 4182 vid.
851 4133 1064 4183 Aristot.
1087 4135 1300 4185 Meteor.
1326 4140 1373 4193 3,
1400 4139 1446 4183 2.
1472 4149 1523 4197 p.
1548 4138 1640 4184 371
1657 4133 1700 4194 b,
1726 4140 1807 4184 23.
1841 4173 1905 4182 -.
1949 4132 2156 4193 eaedem,
2180 4133 2314 4184 Rad
2336 4130 2598 4195 (Robora)

365 4206 537 4258 certae,
577 4197 635 4247 P.
691 4239 752 4248 -
807 4198 1015 4260 mobilia,
1056 4200 1117 4254 Ρ.
1173 4241 1233 4248 -
1290 4198 1531 4264 caeloque,
1573 4201 1667 4254 RS
1680 4202 1857 4251 TPdr
1896 4196 2161 4262 (Robert.)
2214 4199 2351 4250 caelo
2393 4216 2597 4265 quoque,

367 4260 503 4328 assr.
543 4306 602 4314 -
643 4265 995 4327 inhaerentiae,
1021 4268 1082 4316 R.
1111 4308 1171 4315 -
1201 4267 1378 4324 circus,
1403 4268 1459 4316 P.
1501 4310 1561 4316 -
1603 4277 1645 4316 et
1685 4267 1758 4328 Q„
1793 4270 1849 4317 P·
1896 4266 2010 4329 III,
2052 4266 2128 4328 Q„
2171 4259 2286 4318 GK.
2328 4309 2387 4317 ..
2424 4267 2596 4327 Fabio,
