2961 4861
371 340 492 405 158
1060 354 1465 404 NATURALIS
1512 354 1900 400 ms'romAE

364 507 430 570 in
485 517 828 590 quaternas
882 505 1154 570 divisere
1207 505 1428 589 partis,
1487 528 1568 569 ex
1620 503 1854 589 quibus
1908 514 2051 569 octo
2103 504 2183 569 ab
2239 517 2384 571 ortu
2437 507 2595 570 sini-

366 619 552 684 stras,
602 606 867 671 totidem
910 629 945 672 e
990 605 1301 671 contrario
1344 606 1752 691 appellavere
1783 605 2044 670 dextras
2057 631 2075 682 3
2123 628 2204 670 ex
2238 607 2339 672 his
2367 631 2595 673 maxu-

362 732 466 773 me
523 708 696 774 dirae
751 731 915 793 quae
970 707 1465 792 septentrionem
1521 708 1603 772 ab
1660 729 1894 772 occasu
1949 706 2292 792 attingunt.
2365 707 2594 791 Itaque

362 812 728 896 plurumum
770 807 970 872 refert
1012 806 1183 872 unde
1228 808 1519 872 venerint
1561 807 1827 871 fulmina
1866 817 1932 872 et
1971 829 2098 890 quo
2143 811 2592 873 concesserint.

363 908 721 994 Optumum
769 920 868 973 est
908 909 975 972 in
1020 909 1338 973 exortivas
1382 907 1592 973 redire
1633 909 1854 992 partis.
1914 907 2071 971 Ideo
2117 930 2263 972 cum
2305 932 2345 972 a
2385 911 2593 995 prima
2625 928 2723 972 144

364 1011 523 1074 caeli
567 1020 749 1094 parte
794 1009 1085 1073 venerint
1130 1019 1194 1073 et
1234 1009 1302 1072 in
1347 1008 1612 1072 eandem
1660 1008 2109 1094 concesserint,
2157 1031 2402 1073 summa
2447 1010 2589 1075 seli-

361 1112 517 1175 citas
585 1110 1016 1195 portenditur,
1086 1110 1273 1191 quale
1330 1106 1549 1174 Sullae
1619 1108 1916 1173 dictatori
1980 1118 2299 1172 ostentum
2369 1110 2589 1174 datum

358 1212 750 1296 accepimus3
797 1221 1011 1276 cetera
1054 1210 1257 1295 ipsius
1301 1209 1522 1274 mundi
1564 1210 1854 1295 portione
1896 1209 2106 1274 minus
2133 1231 2438 1295 prospera
2478 1223 2590 1276 aut

358 1313 515 1376 dira.
564 1312 901 1394 Quaedam
930 1312 1187 1397 fulgura
1215 1309 1549 1374 enuntiare
1593 1332 1721 1373 non
1763 1320 1997 1394 putant
2039 1310 2136 1374 fas
2179 1333 2300 1375 nec
2343 1312 2583 1389 audire,

356 1424 805 1499 praeterquam
851 1412 905 1475 si
948 1410 1183 1495 hospiti
1226 1410 1589 1475 indicentur
1632 1421 1745 1474 aut
1788 1410 2056 1494 parenti.
2113 1409 2359 1497 Magna
2399 1412 2587 1476 huius

356 1513 818 1579 observationis
860 1512 1128 1588 vanitas,
1177 1520 1346 1575 tacta
1387 1509 1652 1574 Iunonis
1696 1511 1875 1587 aede,
1920 1511 2163 1576 Romae
2193 1511 2588 1597 deprehensa

357 1624 456 1678 est
510 1611 754 1678 Scauro
812 1613 1069 1677 consule
1124 1612 1234 1695 qui
1291 1632 1440 1674 mox
1500 1612 1801 1696 princeps
1872 1611 2015 1677 fuit.
2103 1610 2316 1676 Noctu
2380 1613 2585 1699 magis
2616 1630 2711 1675 145

357 1737 550 1799 quam
591 1714 869 1778 interdiu
914 1714 1049 1778 sine
1096 1711 1434 1776 tonitribus
1479 1712 1786 1799 fulgurat.
1841 1710 2066 1776 Unum
2108 1714 2340 1777 animal
2379 1713 2582 1778 homi-

355 1835 501 1881 nem
542 1837 669 1878 non
714 1837 965 1900 semper
1010 1813 1379 1900 exstinguit,
1427 1823 1638 1877 cetera
1680 1813 1867 1888 illic0‚
1913 1813 2083 1877 hunc
2126 1813 2425 1879 videlicet
2467 1836 2581 1877 na-

356 1928 499 1977 tura
558 1914 877 1978 tribuente
929 1914 1253 1989 honorem,
1314 1935 1459 1978 cum
1514 1924 1608 1976 tot
1658 1913 1884 1978 beluae
1937 1913 2180 1978 viribus
2237 1923 2577 1997 praestent.

356 2012 595 2078 Omnia
637 2014 984 2078 contrarias
1029 2013 1335 2078 incubant
1378 2015 1599 2098 partiS,
1654 2013 1843 2078 homo
1898 2013 2020 2077 nisi
2067 2023 2473 2078 convertatur
2516 2015 2581 2077 in

354 2136 690 2201 percussas
753 2135 880 2177 non
945 2114 1245 2197 exspirat.
1307 2110 1603 2198 Superne
1668 2114 1780 2177 icti
1846 2113 2200 2178 considunt.
2287 2113 2579 2199 Vigilans

353 2216 517 2279 ictus
576 2214 1060 2279 conniventibus
1127 2214 1354 2289 oculis,
1426 2214 1748 2278 dormiens
1807 2215 2178 2300 patentibus
2243 2215 2576 2299 reperitur.

350 2314 695 2382 Hominem
738 2315 829 2378 ita
874 2314 1303 2378 exanimatum
1348 2336 1632 2378 cremare
1677 2315 1776 2377 fas
1827 2337 1955 2378 non
2008 2326 2124 2392 est,
2182 2316 2368 2379 condi
2415 2326 2579 2379 terra

351 2417 575 2505 religio
636 2416 916 2483 tradidit.
1006 2414 1266 2482 Nullum
1336 2415 1569 2480 animal
1630 2415 1754 2480 nisi
1826 2416 2255 2482 exanimatum
2314 2417 2578 2482 fulmine

442 2599 563 2651 orto,
597 2593 694 2641 ΒῙ.
733 2632 796 2640 -.
831 2599 956 2651 ortu,
979 2592 1117 2641 Rau
1157 2598 1336 2648 exortu,
1372 2585 1592 2652 ειῖᾶβγ.
1647 2629 1709 2637 -.
1754 2603 1816 2639 ex
1849 2591 1937 2651 his,
1971 2594 2057 2653 ad,
2104 2590 2277 2650 sexies,
2312 2592 2375 2639 R.
2421 2598 2466 2637 et
2499 2590 2576 2650 iis,

349 2673 397 2708 6.
442 2699 503 2706 -.
547 2656 689 2707 dirae
722 2674 870 2720 quae,
905 2660 990 2705 ad.
1048 2654 1269 2719 direque,
1310 2656 1428 2705 ΒΤ.
1494 2654 1612 2703 dira
1647 2671 1797 2717 quae,
1839 2653 1941 2720 βγ.
1989 2698 2051 2706 -.
2107 2656 2473 2720 septemtrionem
2513 2660 2575 2706 ab

350 2742 539 2785 occasu,
579 2741 623 2773 a.
685 2723 1056 2786 septemtrionem
1101 2724 1162 2770 ab
1201 2723 1286 2772 hoc
1324 2740 1467 2783 cas-u,
1509 2724 1573 2771 Β.
1646 2723 1996 2788 septemtriones
2037 2727 2099 2774 ab
2139 2741 2337 2784 occasu,
2379 2726 2425 2773 d.
2479 2739 2576 2788 per

348 2790 699 2856 septemtriones
722 2805 953 2848 occasum,
977 2791 1042 2838 K.
1077 2830 1137 2837 .-
1171 2788 1447 2853 plurimum,
1472 2791 1575 2839 Td.
1610 2805 1701 2852 per
1717 2790 1995 2853 plurimum,
2020 2793 2108 2840 Ra
2133 2788 2393 2853 (Robert.)
2415 2787 2471 2852 β.
2511 2833 2572 2839 -.

349 2858 543 2917 venerit,
568 2858 616 2906 Β
636 2860 666 2905 ¹.

417 2925 447 2986 ξ
475 2932 584 2975 144.
621 2922 745 2974 Ideo
767 2940 888 2985 cum,
913 2925 1084 2973 R²ad
1107 2920 1365 2985 (Robert.)
1398 2921 1495 2973 Ido
1520 2942 1560 2984 o,
1587 2924 1636 2972 Β
1659 2926 1686 2972 ¹.
1715 2965 1776 2972 -.
1803 2924 2002 2986 venerit,
2028 2926 2077 2974 Β
2098 2927 2126 2972 ¹.
2155 2965 2217 2973 -.
2243 2940 2364 2985 eam,
2388 2926 2437 2973 R
2458 2927 2484 2972 ¹.
2522 2965 2561 2972 .-

348 2993 647 3054 concesserit‚
665 2993 755 3042 R1.
777 3033 839 3040 -
854 2992 1210 3056 felicitate,R².
1225 3031 1286 3038 -
1301 2990 1631 3054 portenditur,
1651 2992 1699 3039 Β
1714 2993 1790 3040 ²11.
1817 3000 2120 3055 pertentetur,
2134 2994 2182 3040 Β
2196 2994 2221 3040 ¹.
2245 2989 2569 3056 portendetur‚

348 3078 380 3111 a
403 3059 589 3124 (Rob.)
628 3102 688 3123 ..-
726 3060 846 3120 sille,
873 3063 920 3109 d.
959 3099 1022 3108 ....
1058 3056 1227 3108 mundi
1251 3058 1419 3120 ipsius,
1444 3060 1491 3106 d.
1531 3098 1594 3106 -..
1631 3066 1713 3106 aut
1737 3056 1866 3119 dira,
1892 3062 2069 3109 mad.
2108 3057 2300 3117 audire,
2327 3061 2375 3108 Β
2397 3062 2426 3108 ¹.
2457 3076 2571 3123 pro-

347 3148 508 3193 spera.
533 3128 602 3177 At
624 3129 739 3178 dira
763 3125 1019 3190 quaedam,
1045 3143 1082 3176 r.
1123 3167 1184 3174 -.
1205 3125 1429 3191 sulyore,
1455 3126 1505 3174 Β
1523 3125 1554 3173 ¹.
1577 3124 1812 3188 flamina,
1835 3126 1885 3175 Β
1902 3129 1935 3174 ².
1978 3166 2027 3173 ..
2074 3127 2334 3185 enuntiare,
2361 3141 2405 3174 a.
2452 3142 2569 3174 nun-

347 3198 486 3256 tiare,
512 3197 560 3244 Β
583 3193 663 3256 (at
695 3196 793 3243 vid.
813 3195 1015 3259 fulyore
1055 3195 1318 3257 proximae
1351 3193 1604 3241 varietatis
1635 3191 1894 3254 lectionis)
1929 3194 2068 3243 Tdr.
2108 3233 2169 3240 -
2207 3192 2372 3256 ospiti,
2408 3195 2469 3244 Β.
2511 3232 2565 3240 -

341 3270 599 3326 parentur,
622 3263 722 3311 ΒΗ
770 3301 832 3309 -
873 3260 1076 3324 Memno,
1105 3263 1203 3312 13¹.
1243 3299 1305 3308 ...
1343 3257 1596 3323 depressa,
1630 3259 1815 3309 Sabell.
1854 3300 1918 3310 .-
1954 3260 2159 3320 console,
2193 3260 2289 3308 R1.
2329 3300 2391 3307 -
2428 3275 2570 3308 eena-

345 3338 423 3377 tus
441 3330 682 3391 princepe,
705 3328 880 3375 Dulce.

413 3393 442 3453 ἓ
472 3399 583 3444 145.
621 3391 875 3452 hominum,
907 3396 1003 3443 R2.
1041 3432 1102 3440 .-
1143 3391 1268 3451 ilico,
1300 3394 1362 3442 Β.
1402 3433 1464 3441 .-
1502 3393 1638 3452 hunc,
1670 3394 1852 3442 wad.
1896 3392 2024 3452 huic,
2060 3394 2178 3442 R2r
2211 3390 2468 3454 (Robert.)
2506 3434 2569 3443 -.

345 3461 523 3520 beluae,
547 3461 609 3509 Β.
653 3498 702 3505 ..
750 3460 991 3519 incubant,
1017 3460 1146 3507 ad6.
1195 3456 1448 3518 incubans,
1472 3460 1536 3508 R.
1571 3460 1837 3520 concidunt,
1862 3475 1902 3507 r.
1943 3500 2004 3508 —
2044 3469 2227 3524 parte-³,
2250 3461 2566 3510 R²Ta¹d6.

336 3536 500 3592 parte,
523 3527 572 3575 Β
588 3528 619 3574 ¹.
659 3523 710 3572 in
724 3532 912 3589 partae,
938 3521 1037 3589 βγ.
1072 3525 1148 3573 At
1171 3532 1370 3573 constat
1399 3526 1553 3574 verba
1583 3541 1610 3574 c
1634 3528 2088 3590 praepositionibus
2113 3529 2393 3590 composita
2420 3542 2568 3590 saepe

344 3602 541 3658 praeter
562 3608 708 3643 usum
744 3593 1003 3653 vulgarem
1037 3590 1298 3639 admittere
1332 3606 1505 3641 casum
1539 3595 1940 3656 praepositionis,
1974 3610 2074 3659 qua
2098 3598 2157 3643 de
2182 3611 2233 3643 re
2259 3596 2319 3644 iis
2345 3610 2473 3657 quac
2505 3597 2569 3643 ad

346 3662 485 3710 Cirin
516 3676 587 3710 vs.
626 3664 669 3709 7.
696 3659 927 3720 congessi
960 3661 1072 3707 add.
1108 3658 1334 3718 inprimis
1365 3660 1621 3708 Drakenb.
1655 3664 1719 3710 ad
1750 3663 1858 3710 Liv.
1895 3667 1942 3721 2,
1976 3668 2056 3710 30.
2091 3663 2206 3710 coll.
2231 3663 2465 3711 Ernestio
2504 3663 2568 3709 ad

344 3731 464 3778 Tac.
490 3730 622 3777 Hist.
656 3734 702 3783 3,
728 3731 809 3775 29.
850 3767 912 3774 -
949 3723 1082 3774 homo
1106 3724 1215 3783 nim‘,
1240 3725 1499 3776 STKad.
1536 3726 1716 3776 homini
1746 3732 1804 3787 si,
1829 3730 1891 3777 R.
1930 3727 2065 3777 homo
2098 3728 2160 3785 si,
2193 3745 2231 3777 r.
2272 3768 2334 3777 ,-
2373 3729 2421 3777 in
2453 3744 2566 3792 per-

343 3813 532 3854 cussas,
567 3794 909 3845 RSTKadr.
947 3791 999 3841 vi
1024 3807 1298 3856 percussus,
1330 3788 1387 3852 β.
1427 3833 1489 3840 .-
1528 3795 1762 3858 exspirat,
1786 3796 1986 3844 RKa2.
2035 3797 2262 3859 respirat,
2298 3795 2437 3846 STa
2459 3797 2564 3844 'dn

343 3864 582 3926 eoepirant,
615 3875 661 3908 6.
703 3901 765 3908 ...
800 3857 1074 3920 concidunt,
1108 3859 1315 3907 Robert.
1361 3860 1645 3924 concipiunt,
1686 3875 1734 3909 6.
1772 3903 1835 3910 ...
1873 3862 2251 3922 conniventibus,
2295 3862 2479 3912 Sabell.
2516 3871 2566 3911 et

340 3930 548 3978 Barbar.
573 3930 619 3976 (l.
655 3927 993 3988 coniventibus,
1027 3928 1122 3976 R2.
1169 3925 1515 3987 contuentibus,
1548 3925 1954 3989 R¹a(Robe1-t.)
1992 3970 2052 3977 -
2092 3930 2373 3993 repperitur,
2399 3931 2461 3978 Β.
2501 3969 2562 3977 -.

340 4013 566 4055 cremare,
592 3996 755 4044 RTd.
791 3995 1012 4054 cremari,
1045 3988 1217 4057 a2ssr.
1255 4003 1536 4055 crematum,
1571 4011 1603 4044 a
1624 3998 1652 4043 ¹.
1691 4037 1751 4044 -
1775 3995 2147 4058 fulminiterum,
2172 3998 2321 4046 Barb.
2362 4037 2422 4045 ..-
2460 4004 2568 4045 sunt

343 4062 526 4124 reliquo
549 4075 762 4126 corpore,
787 4063 890 4111 ΒΤ
906 4056 948 4109 θ
957 4064 1046 4111 ad.
1085 4061 1269 4123 reliquo
1291 4078 1489 4125 corpore
1514 4071 1640 4122 sunt,
1662 4058 1719 4123 β.

408 4130 453 4191 ξ.
495 4134 605 4177 146.
646 4128 730 4188 iis,
756 4129 885 4177 Rob.
924 4126 1020 4183 his,
1056 4128 1204 4178 Rad.
1227 4169 1288 4178 .-
1329 4129 1434 4190 icit,
1469 4129 1601 4178 Rob.
1641 4128 1768 4187 aicit,
1803 4130 1866 4179 Β.
1903 4129 2047 4183 iacit.
2073 4130 2159 4179 Ta
2177 4131 2224 4179 d.
2252 4170 2312 4178 -
2352 4145 2439 4177 nec
2478 4144 2565 4177 un-

343 4211 505 4258 quam,
541 4208 588 4243 6.
629 4235 690 4243 .-
727 4193 888 4244 altius
926 4195 1162 4257 quinque,
1197 4194 1327 4245 Rob.
1368 4236 1428 4244 -
1468 4194 1737 4257 discendit,
1774 4198 1870 4246 R'.
1905 4238 1966 4245 .-
2008 4195 2119 4257 Ido,
2144 4197 2206 4246 Β.
2236 4237 2297 4245 -..
2333 4212 2565 4258 specuus,

337 4264 402 4311 Β.
448 4302 496 4310 ..
537 4260 774 4324 pellibus,
808 4263 941 4311 Rad
975 4259 1159 4324 (Rob.)
1195 4278 1219 4308 e
1250 4261 1489 4325 pellibus,
1520 4259 1619 4327 βγ.
1656 4264 1731 4312 At
1764 4280 1809 4313 v.
1849 4265 1914 4313 ad
1949 4268 2032 4323 35,
2068 4269 2147 4313 48.
2189 4304 2249 4311 -
2290 4261 2563 4322 beluarum,

338 4330 401 4379 Β.
443 4324 498 4377 ,L
557 4327 777 4377 marinos
814 4327 1016 4388 vitulos,
1049 4330 1114 4377 K.
1160 4368 1210 4376 ..
1272 4327 1467 4377 animal
1500 4345 1541 4389 e,
1578 4332 1645 4377 d²
1680 4327 1864 4392 (Rob.)
1900 4329 2144 4389 animale,
2180 4331 2278 4381 R2.
2316 4330 2563 4391 animare,

693 4466 732 4491 ’Ἀ
