2961 4861
414 362 600 404 LXXII
1345 356 1725 400 PRAEFATIO.

415 515 622 573 eadem
658 512 985 574 constantia
1021 510 1492 588 deprehendatur
1527 510 1592 570 in
1625 509 1827 569 littera
1867 529 1906 568 n
1948 509 2183 570 litterae
2237 512 2280 569 d
2315 509 2670 587 praemissa,

416 624 577 683 unde
603 642 816 683 rursus
846 621 1057 700 scripsi
1082 623 1338 693 eundem,
1368 622 1716 692 tantundem,
1748 620 2130 696 quorundam,
2170 621 2430 696 quandiu
2458 626 2521 678 et
2543 622 2671 680 ali-

419 735 700 812 quandiu,
728 728 1011 808 exeept0,‘
1028 730 1118 788 uti
1144 730 1207 788 in
1233 748 1299 789 re
1337 748 1588 806 prorsus
1608 729 1843 789 diversa
1871 746 1983 806 par
2006 727 2136 801 fuit,
2164 729 2346 788 verbo
2365 731 2674 802 uenumck,

414 842 575 920 quod
601 842 684 903 ita
710 841 799 899 bis
820 842 1000 925 habet
1017 838 1093 912 B,
1116 833 1222 911 35,
1238 834 1348 931 ‚33⁹
1377 834 1522 899 136.
1564 836 1705 897 Non
1723 838 1948 898 minore
1970 856 2104 897 cum
2123 837 2341 897 fiducia
2359 844 2484 898 tam
2506 838 2674 914 opti-

414 938 578 1011 mum
615 949 795 1009 Plinii
835 968 1014 1026 quam
1042 947 1572 1025 praestantissimos
1613 948 1867 1006 aliorum
1906 948 2289 1023 scriptorum,
2341 947 2430 1006 uti
2467 946 2675 1006 Medi-

417 1078 586 1120 oeum
604 1058 873 1134 Vergilii,
899 1058 1124 1117 oodioes
1147 1066 1381 1117 secutus
1400 1058 1463 1116 in
1485 1056 1791 1141 vocalibus
1811 1036 1966 1134 quae
1987 1056 2259 1116 dicuntur
2277 1055 2393 1115 sibi
2409 1055 2678 1115 insiden-

416 1179 515 1229 tes
535 1142 863 1245 'genuinam
899 1167 1079 1226 Plinii
1117 1185 1360 1226 manum
1396 1166 1630 1225 restitui
1657 1166 1760 1240 ita,
1789 1173 1861 1224 ut
1893 1165 2150 1244 primum
2187 1165 2249 1225 in
2283 1164 2356 1223 iis
2394 1165 2676 1236 venibuS,

418 1278 521 1336 ubi
548 1277 741 1353 vulgo
759 1298 833 1337 vu
863 1296 994 1337 sese
1020 1277 1344 1360 excipiunt,
1373 1276 1606 1356 semper
1634 1275 1954 1336 seriberem
1993 1293 2115 1333 non
2143 1273 2323 1334 modo
2349 1277 2674 1346 εοῑυοπειιν,

417 1390 749 1460 avonculus,
770 1390 1073 1464 parvolus,
1103 1389 1321 1463 volqus,
1351 1388 1574 1458 volnus,
1602 1388 1816 1461 volpes,
1858 1385 2121 1457 Volsinii,
2178 1385 2512 1471 Volturnus,
2539 1385 2673 1444 vol-

419 1506 532 1568 tus,
573 1500 765 1567 volva,
810 1476 1029 1556 evolsus
1068 1500 1130 1553 et
1167 1497 1423 1555 revolsus
1460 1499 1521 1553 et
1546 1496 1864 1568 convolans,
1892 1510 2102 1552 verum
2129 1492 2307 1552 etiam
2332 1494 2536 1564 alvom,
2567 1509 2674 1551 no-

415 1625 560 1678 vom,
588 1607 771 1666 vivom
798 1612 860 1662 et
885 1622 1029 1663 casu
1048 1603 1406 1663 nominativo
1434 1603 1658 1675 CalvoS,
1681 1605 1863 1675 divos,
1886 1621 2078 1675 novos,
2099 1619 2293 1662 servos
2304 1623 2328 1670 ‚-
2347 1600 2572 1677 pariter
2590 1600 2677 1659 nd

417 1715 722 1790 antiquam
751 1719 812 1771 et
839 1712 1071 1790 optimis
1098 1692 1447 1774 testimoniis
1477 1711 1920 1788 comprobatam
1949 1711 2306 1787 scripturam
2330 1710 2526 1769 redire
2545 1727 2673 1769 non

416 1822 686 1884 dubitavi
725 1822 826 1881 ubi
841 1863 859 1894 ‚
902 1840 1037 1881 oum
1076 1820 1258 1897 vulgo
1300 1820 1476 1880 scribi
1515 1820 1706 1880 soleat
1745 1839 1862 1897 quu
1876 1861 1896 1892 ,
1939 1819 2190 1879 lectores
2217 1819 2333 1879 iam
2362 1819 2675 1879 inveniunt·

418 1932 634 1990 iustam
674 1929 1024 2007 scripturam
1065 1947 1173 2005 per
1199 1948 1290 2002 cu,
1322 1948 1501 2005 quam
1538 1928 1747 1988 refinxi
1782 1928 1845 1988 in
1881 1947 2094 2002 cocum,
2121 1939 2343 2001 cocunt,
2371 1920 2669 2002 cocuntur,

420 2059 572 2112 οοιιε,
602 2041 851 2109 lincunt,
880 2014 1162 2110 locuntur,
1192 2039 1423 2111 relicus,
1453 2047 1745 2109 secuntur,
1776 2038 1935 2113 quod
1962 2038 2181 2115 ubique
2208 2037 2450 2098 exhibet
2472 2036 2529 2096 B
2556 2057 2670 2098 ex-

421 2148 605 2227 ceptis
646 2146 902 2206 fortasse
939 2145 1083 2205 locis
1124 2139 1231 2217 32,
1273 2141 1416 2205 123.
1460 2140 1568 2218 33,
1601 2141 1703 2206 70.
1745 2141 1849 2207 75.
1877 2141 1984 2219 34,
2014 2141 2121 2208 81.
2152 2141 2321 2221 161.,
2349 2147 2456 2208 ubi
2479 2149 2669 2208 serior

419 2256 716 2334 scriptura
741 2274 849 2331 per
878 2274 991 2332 quo
1017 2253 1327 2315 invenitur.
1369 2253 1531 2314 Huic
1559 2255 1887 2331 quaestioni
1913 2255 2286 2333 adiungenda
2304 2265 2398 2316 est
2416 2264 2670 2333 cognata

418 2368 496 2425 de
526 2364 720 2425 verbis
760 2368 957 2442 linquo
984 2370 1044 2423 et
1070 2382 1220 2442 unqo
1247 2380 1382 2424 cum
1419 2364 1549 2424 suis
1576 2364 1946 2443 compositis,
1974 2365 2037 2423 in
2064 2366 2280 2444 quibus
2310 2368 2669 2444 cinquantur,

420 2479 696 2553 linquere,
741 2478 1017 2551 cinquant,
1062 2476 1408 2550 linquendis,
1453 2477 1683 2551 tinquit,
1724 2477 1930 2551 linqui,
1960 2476 2067 2534 sed
2092 2477 2338 2552 linqunt,
2368 2479 2670 2553 linquntur

419 2604 460 2645 a
484 2603 579 2644 me
606 2584 889 2661 seriptum
915 2583 1234 2644 invenitur.
1276 2582 1514 2660 Magnis
1541 2582 1981 2643 difficultatibus
2009 2584 2263 2644 obnoxia
2287 2592 2377 2644 est
2403 2586 2668 2662 quaestio

421 2694 499 2752 de
546 2692 978 2752 adsimilatione
1025 2691 1522 2769 praepositionum
1570 2692 1632 2752 in
1681 2693 1974 2752 verbis-et
1998 2693 2299 2753 adiectivis
2342 2694 2668 2755 adverbiis·

424 2820 539 2878 que
580 2798 933 2876 compositis,
964 2818 1141 2875 quam
1166 2799 1229 2859 in
1266 2802 1703 2878 praepositione
1750 2805 1834 2864 ad
1883 2804 2106 2880 ubique
2152 2803 2387 2864 servavi
2433 2809 2671 2881 praeter

425 2912 611 2970 verba
635 2912 952 2988 appellare,
980 2911 1243 2970 accedere
1280 2928 1588 2990 paucaque
1627 2910 1748 2972 alia
1773 2913 2126 2994 saepissime
2164 2913 2370 2986 obvia,
2412 2919 2473 2971 et
2506 2912 2570 2972 in
2593 2912 2669 2972 iis

422 3019 641 3094 verbis,
673 3037 828 3095 quae
852 3019 1138 3098 incipiunt
1161 3038 1202 3079 a
1226 3019 1426 3080 littera
1452 3029 1498 3093 t,
1529 3038 1886 3098 quamquam
1911 3023 1975 3081 in
2000 3024 2116 3082 hac
2142 3039 2378 3098 quoque
2396 3021 2588 3081 codex
2609 3018 2668 3079 B

420 3130 732 3206 aliquoties
758 3129 1018 3206 praefert
1042 3132 1106 3203 d,
1134 3137 1205 3189 ut
1230 3130 1514 3208 seriptum
1541 3130 1606 3189 in
1633 3149 1704 3191 eo
1732 3131 1813 3191 sit
1837 3133 2056 3204 adcon,
2089 3133 2372 3204 adtritus,
2409 3133 2667 3206 adtinqo,

418 3240 686 3310 αάιναῙιο,
715 3238 821 3322 ubi
845 3257 966 3297 non
992 3241 1184 3314 magis
1203 3257 1244 3298 a
1263 3231 1511 3315 uulgata
1531 3240 1822 3317 scriptura
1838 3241 2111 3300 recedere
2132 3259 2266 3300 sum
2285 3257 2467 3300 ausus
2487 3257 2670 3316 quam

421 3348 488 3405 in
527 3348 822 3421 scriptura
860 3347 1126 3405 adverbii
1159 3349 1399 3424 aliquod
1449 3367 1561 3425 pro
1596 3352 1848 3426 aliquot,
1890 3361 2065 3427 aput,
2094 3352 2176 3410 ad
2200 3368 2311 3426 pro
2337 3359 2429 3421 at,
2457 3352 2667 3426 adque,

425 3463 582 3529 quot,
612 3454 839 3529 inquid,
867 3456 1139 3531 reliquid,
1167 3463 1273 3524 eet,
1304 3472 1559 3529 quorum
1587 3475 1723 3517 oum
1763 3458 2050 3519 nonnulla
2084 3476 2228 3519 vera
2262 3459 2541 3531 habeam,
2569 3475 2668 3517 res

427 3568 623 3621 temen
659 3561 921 3620 nondum
956 3580 1027 3621 eo
1064 3561 1352 3638 perducta
1389 3569 1512 3637 est,
1550 3572 1620 3626 ut
1658 3567 1802 3627 oerti
1839 3566 2063 3643 aliquid
2089 3568 2165 3626 de
2193 3586 2267 3629 en
2290 3569 2432 3645 poni
2455 3567 2667 3645 possit,

422 3688 560 3729 eum
584 3686 625 3729 α
650 3669 850 3729 littera
876 3687 1084 3730 vocem
1111 3679 1452 3747 sequentem
1476 3673 1791 3751 insipiente
1816 3676 2161 3753 pependisse
2200 3676 2487 3748 videntur,
2515 3675 2669 3735 hanc

422 3796 502 3838 nn
517 3777 682 3838 inam
698 3777 953 3839 litteram
974 3779 1288 3854 scriptores
1311 3791 1613 3859 ponerent.
1654 3783 1778 3844 Vix
1799 3803 2082 3860 umquam
2106 3786 2186 3846 nd
2201 3785 2486 3862 liquidum
2506 3784 2668 3861 apud

423 3885 688 3946 Plinium
708 3894 870 3947 certe
887 3905 984 3947 res
1005 3887 1327 3950 deducetur
1345 3892 1409 3950 in
1428 3892 1865 3969 praepositione
1890 3911 2019 3955 omn
2038 3894 2164 3955 sive
2182 3912 2313 3967 oon,
2334 3894 2437 3953 ubi
2457 3911 2593 3954 oum
2609 3889 2668 3950 B

424 3995 571 4055 adeo
599 3994 821 4055 formas
848 4011 967 4057 non
991 4014 1131 4057 raro
1160 3998 1451 4071 exhibeat,
1479 4001 1688 4077 quales
1709 4008 1851 4062 sunt
1868 4006 2135 4081 oomfero,
2161 4007 2493 4082 consum,
2513 4020 2665 4094 qom-

412 4105 626 4182 flaqro,
661 4105 970 4181 emulatus,
999 4106 1155 4167 idem
1176 4115 1373 4168 tamen
1392 4110 1635 4170 exhibet
1658 4115 1957 4184 conlaudo,
1983 4115 2236 4189 conleqo,
2256 4114 2500 4184 conloco,
2527 4129 2665 4172 oon·

423 4216 598 4285 luceo,
627 4223 956 4291 conpactus,
984 4233 1256 4293 conpare,
1285 4221 1680 4296 conpendim,
1706 4224 2036 4299 conplexus,
2062 4224 2388 4301 conplures,
2413 4220 2664 4297 mapali,
