2961 4861
1035 371 1302 418 LIB.1v.
1358 370 1617 417 max.
1679 368 1874 417 sncr.
1907 371 1968 413 ιτ.
2496 354 2618 418 287

383 542 584 586 conv
627 519 804 586 milia
844 520 1220 605 passuum);
1281 518 1578 584 Therme.
1651 517 1732 582 In
1775 516 2153 583 Thermaico
2195 518 2341 585 sinu
2383 521 2624 606 oppida

381 620 648 698 Dicaea,
692 619 945 704 Pydna,
989 620 1223 696 Derra,
1290 616 1547 697 Scione,
1591 618 2093 703 promontorium
2136 616 2619 699 Canastraeum,

382 721 622 807 oppida
647 719 935 798 Pallene,
964 719 1269 807 Phlegra.
1331 717 1482 799 Qua
1521 717 1590 783 in
1618 718 1882 804 regione
1913 728 2162 783 montes
2189 718 2621 806 Hypsizorus,

381 822 619 908 Epitus
634 869 652 900 ,
716 821 1058 906 Halcyone
1074 868 1093 899 ,
1145 819 1479 886 Leoomne
1497 867 1515 897 ,
1588 819 1827 905 oppida
1878 818 1942 882 N
1941 841 2127 904 yssos
2143 867 2161 897 ,
2226 819 2620 905 Phryxelon,

382 922 666 987 Mendae
732 932 798 988 et
858 922 928 987 in
968 921 1336 987 Pallenensi
1397 920 1631 986 isthmo
1689 919 2010 1004 quondam
2051 920 2395 1001 Potidaea,
2452 945 2625 989 nunc

385 1022 790 1089 Cassandrea
839 1022 1103 1100 colonia,
1155 1021 1545 1100 AnthemuS,
1598 1018 2010 1107 Olophyxus,
2058 1022 2236 1087 sinus
2272 1022 2620 1108 Mecyber-

381 1148 490 1189 nu.
559 1123 824 1209 Oppida
861 1122 1178 1201 Miscella,
1218 1122 1552 1208 Ampelos,
1582 1121 1858 1200 Torone,
1909 1120 2167 1211 Singos,
2215 1124 2452 1190 fretum
2492 1149 2621 1210 quo
2646 1147 2712 1194 37

382 1236 666 1289 montem
725 1224 905 1288 Atho
966 1222 1229 1289 Xerxes
1293 1222 1643 1288 Persarum
1717 1245 1835 1288 rex
1915 1225 2267 1289 continenti
2345 1226 2623 1293 abscidit

381 1326 450 1390 in
490 1325 890 1411 longitudine
939 1346 1247 1412 passuum
1296 1345 1410 1388 m).
1465 1321 1661 1388 Mons
1719 1324 1858 1409 ipse
1914 1348 1953 1389 a
2010 1326 2276 1409 planitie
2337 1330 2619 1394 excurrit

381 1427 450 1491 in
512 1447 688 1491 mare
751 1448 924 1490 Lxxv
987 1424 1233 1489 milium
1296 1446 1469 1509 pass.
1545 1423 1851 1489 Ambitus
1926 1425 2160 1492 radicis
2236 1449 2311 1491 σι.
2374 1430 2623 1496 milium

383 1526 644 1614 colligit.
718 1524 1052 1612 Oppidum
1107 1524 1175 1588 in
1229 1523 1561 1589 cacumine
1616 1524 1742 1589 fuit
1791 1525 2193 1606 Acroathon,
2249 1551 2420 1596 nunc
2472 1543 2624 1597 sunt

381 1626 800 1713 Uranopolis,
844 1625 1281 1702 Palaeorium,
1328 1624 1650 1708 ThyssuS,
1698 1624 2003 1706 Cleonae,
2049 1628 2396 1714 Apollonia
2440 1633 2624 1697 cuius

381 1728 626 1793 incolae
652 1726 972 1792 Macrobii
1002 1724 1554 1813 cognominantur.
1603 1724 1939 1815 Oppidum
1970 1725 2247 1794 Cassera
2276 1731 2622 1817 faucesque
2648 1752 2714 1797 38

382 1830 622 1895 alterae
663 1828 915 1905 isthmi,
958 1824 1326 1902 Acanthus,
1374 1821 1667 1910 Stagira,
1714 1823 2004 1906 Sithone,
2048 1828 2367 1896 Heraclea
2408 1843 2476 1896 et
2516 1856 2621 1900 re-
2672 1898 2677 1907 ,

382 1930 490 2018 gio
532 1929 931 2016 Mygdoniae
972 1926 1329 2003 subiacens,
1375 1925 1442 1988 in
1487 1948 1615 2009 qua
1653 1928 2030 1993 recedentes
2072 1951 2111 1994 a
2151 1932 2310 1996 mari
2352 1933 2621 2020 Apollo-

379 2139 489 2188 Rd‚
540 2133 708 2196 CXV,
746 2128 805 2195 β.
860 2129 1054 2183 GCLX
1063 2129 1183 2191 VII,
1214 2132 1411 2181 Broter.
1443 2144 1494 2195 γ.
1546 2171 1609 2179 -
1661 2129 1932 2193 Ther-mico,
1964 2147 2014 2182 σ.
2058 2175 2122 2184 .-
2166 2136 2380 2199 Dicaea,
2412 2141 2619 2192 Barbar.

381 2204 490 2254 ΒΑ
504 2205 551 2252 d.
579 2242 641 2251 ...
666 2202 864 2268 Pydna,
888 2201 1095 2250 Barbar.
1133 2198 1366 2258 Palinan,
1391 2198 1457 2246 A.
1495 2194 1746 2259 Palinam‚
1770 2198 1934 2248 RTd.
1971 2200 2188 2264 Paulina,
2212 2218 2260 2254 σ.
2295 2207 2466 2257 Locus
2490 2224 2621 2258 non-

381 2273 502 2320 dum
527 2278 746 2331 sanatuS,
771 2270 823 2317 in
849 2283 950 2331 quo
976 2276 1026 2317 et
1050 2266 1151 2316 alia
1174 2273 1292 2315 sunt
1315 2267 1529 2315 turbata.
1557 2306 1619 2314 -.
1654 2266 1876 2326 Derrha,
1898 2268 2105 2319 Barbar.
2130 2268 2292 2332 Dera,
2315 2275 2420 2323 Ro.
2457 2276 2620 2338 Drea,
2679 2326 2682 2339 ,

383 2339 495 2389 Ad.
545 2336 721 2397 Deris,
752 2337 819 2387 K.
865 2337 968 2385 Pro
1001 2331 1207 2383 Derrha
1238 2332 1417 2383 Scione
1448 2334 1584 2383 Pint.
1642 2331 1865 2383 Crestone
1888 2335 2026 2397 legit.
2075 2377 2137 2385 -.
2191 2338 2427 2401 Phalene,
2452 2344 2515 2391 B.
2555 2383 2619 2392 .-

257 2451 270 2458 ,
378 2405 609 2472 Eppitus,
643 2405 707 2455 R.
763 2444 825 2453 ...
892 2400 1146 2467 Halcyone
1177 2400 1443 2461 Leoomne,
1477 2402 1524 2450 d.
1577 2398 1841 2464 Halcyone
1874 2399 2108 2464 leuomne,
2142 2405 2206 2457 R.
2260 2404 2443 2471 Alyion
2479 2407 2620 2459 elaea

381 2490 524 2533 omne,
549 2475 615 2523 A.
651 2470 886 2522 Alchione
908 2470 1170 2529 Leuomne,
1193 2464 1251 2530 β.
1282 2510 1343 2517 -
1381 2466 1592 2530 Nysa-30⁸,
1617 2471 1665 2517 d.
1701 2468 1901 2529 Nissos,
1926 2466 2104 2530 RAss.
2142 2470 2314 2534 Nisos,
2340 2489 2388 2523 σ.
2425 2472 2619 2542 Nyscos,

381 2544 523 2591 codd.
548 2541 772 2589 Barbari.
808 2538 999 2605 Nysae,
1023 2539 1229 2587 Barbar.
1269 2576 1332 2584 ....
1376 2534 1675 2601 Phryx-elon,
1698 2536 1824 2585 AT.
1861 2534 2143 2598 Phrixelon,
2169 2541 2274 2590 Rd.
2310 2540 2620 2606 Phrixeleon,

383 2602 439 2657 θ.
475 2607 648 2670 Phryx
668 2605 818 2666 Leon,
843 2620 890 2655 σ.
924 2604 1166 2655 Philenon
1197 2604 1279 2652 vel
1312 2601 1623 2666 Phryyelion,
1656 2604 1801 2652 codd.
1833 2604 2056 2654 Barbari.
2101 2604 2321 2672 Bryyion
2353 2608 2528 2672 Eleon,
2559 2606 2620 2672 β.

378 2674 508 2725 Eion
533 2676 688 2724 latere
705 2681 851 2738 putat
867 2673 1024 2723 Hard.
1061 2668 1313 2729 Phinelon‚
1338 2672 1485 2720 codd.
1508 2670 1665 2720 Hard.
1683 2684 1733 2733 r.
1770 2669 1920 2733 Sane,
1943 2673 2178 2740 Aphytos,
2204 2674 2394 2739 Scione,
2419 2676 2620 2740 Mende,

293 2739 300 2746 ⁸
377 2742 512 2793 Pint.
537 2744 601 2792 ad
624 2742 746 2791 Mel.
772 2742 842 2790 11.
868 2747 914 2800 2,
943 2747 1022 2791 11.
1060 2780 1123 2788 -.
1160 2736 1393 2799 Meande,
1416 2752 1465 2786 σ.
1504 2778 1566 2786 .-
1604 2739 1651 2787 in
1673 2735 1986 2801 Pallenensi,
2011 2743 2059 2790 d.
2106 2741 2157 2790 in
2179 2742 2437 2794 Pallen-ses
2463 2745 2529 2808 in,
2552 2748 2619 2797 R.

379 2811 428 2859 in
448 2807 728 2870 Pallenses,
752 2809 876 2859 AT.
915 2805 1206 2872 hippalesis,
1231 2820 1277 2854 σ.
1313 2804 1611 2870 Ipsalenses,
1637 2807 1780 2854 codd.
1804 2806 2009 2856 Barbar.
2037 2807 2091 2856 in
2114 2808 2368 2871 Pallenes,
2392 2814 2527 2863 Pint.
2554 2816 2618 2864 ad

381 2878 433 2925 h.
457 2878 491 2926 l.
518 2885 568 2925 et
591 2879 656 2926 ad
678 2877 799 2925 Mel.
824 2877 893 2926 H.
921 2883 967 2935 2,
997 2882 1072 2925 ll.
1123 2914 1186 2922 -.
1234 2871 1571 2931 Cassandrea,
1595 2873 1720 2923 ΒΑ.
1771 2870 2096 2934 Cassandria,
2131 2872 2274 2940 dssr.
2324 2919 2387 2927 ..-.
2432 2878 2617 2931 Anthe-

380 2960 504 3003 mus,
527 2943 732 2993 Barbar.
759 2943 928 2992 BAd.
963 2939 1215 3001 Athemus,
1237 2955 1287 2989 σ.
1313 2980 1375 2988 -.
1418 2939 1507 2989 Οἰο
1539 2941 1713 3004 hyms,
1738 2940 1896 2990 Hard.
1939 2941 2058 3005 Olop
2089 2959 2197 3004 xus,
2222 2946 2327 2994 Rd.
2369 2945 2618 3010 Olopixus,

379 3010 447 3059 A.
497 3008 745 3073 Olipyxus,
778 3023 826 3057 σ.
872 3004 1209 3071 Holophyxus,
1242 3008 1448 3058 Barbar.
1483 2958 1541 3067 β.
1590 3048 1651 3054 ..-
1702 3004 2018 3070 Mecyberna,
2051 2961 2114 3056 fi.
2164 3007 2487 3074 Mecyburnu,
2512 3014 2617 3063 Td.

383 3075 697 3141 Mecyberna,
719 3076 926 3125 Barbar.
950 3069 1069 3135 Ass.
1106 3072 1404 3134 Metiberna,
1428 3088 1476 3123 σ.
1514 3072 1916 3136 Mecybernaeus,
1941 3075 2097 3123 Hard.
2121 3089 2171 3138 γ.

450 3160 480 3220 ξ
507 3164 587 3211 37.
621 3157 874 3221 Mscella,
905 3159 1141 3209 Holsten.
1176 3160 1239 3206 ad
1274 3157 1449 3220 Steph.
1483 3158 1609 3219 Byz.
1641 3171 1690 3218 p.
1727 3163 1840 3205 210.
1874 3166 1926 3206 et
1959 3158 2247 3208 Tzschuck.
2282 3168 2388 3210 not.
2423 3163 2530 3211 crit.
2554 3167 2621 3215 ad

383 3230 503 3278 Mel.
531 3227 600 3278 Π.
627 3234 674 3288 3,
704 3234 747 3277 1.
789 3224 1023 3291 Mycella‚
1048 3218 1174 3276 AG.
1221 3224 1430 3284 Yscella,
1455 3225 1621 3273 RTd.
1656 3222 1818 3284 Ixela,
1843 3238 1890 3273 σ.
1927 3222 2208 3288 Phglscella,
2244 3229 2386 3278 codd.
2410 3230 2617 3281 Barbar.

381 3291 482 3359 βγ.
521 3336 585 3344 -
622 3294 819 3359 Sinyos,
851 3295 1059 3345 Barbar.
1094 3300 1145 3341 et
1176 3294 1322 3340 codd.
1359 3291 1535 3341 Gelen.
1574 3288 1883 3355 Siyqostelos,
1919 3292 2144 3342 RATd.
2202 3292 2527 3359 Siyyostolos,
2549 3291 2615 3347 θ.

384 3360 717 3428 Soyyostedes,
739 3363 806 3412 K.
846 3401 908 3409 -
931 3360 1120 3424 fretum
1146 3398 1208 3407 .-
1232 3356 1380 3416 Atho,
1404 3358 1514 3407 ΒΑ
1539 3354 1618 3419 (in
1640 3358 1744 3406 hoc
1765 3374 1869 3407 una
1891 3359 2059 3409 littera
2082 3376 2216 3424 pone
2239 3380 2266 3412 o
2289 3363 2472 3427 erasa.)
2502 3367 2616 3429 sre-

384 3438 483 3479 tum
508 3470 571 3478 .....
595 3426 774 3489 Athon,
807 3431 841 3478 d
864 3424 1034 3489 (codd.
1057 3424 1293 3488 Barbar.)
1316 3421 1417 3490 βγ.
1450 3425 1740 3489 fretumque
1772 3441 1906 3475 mons
1929 3425 2089 3478 Athon
2113 3445 2264 3492 quem,
2288 3444 2335 3480 σ.
2382 3472 2445 3480 ...
2491 3433 2616 3481 Per.

382 3507 694 3556 sarumrex,
726 3495 840 3545 ΒΑ
871 3492 1043 3557 (codd.
1076 3490 1328 3555 Barban‘.)
1374 3508 1462 3542 rex
1495 3491 1787 3555 Persarum,
1822 3489 1966 3560 ᾱβγ.
2015 3536 2077 3545 .-.
2128 3498 2415 3559 continenti,
2451 3501 2614 3551 omitt.

381 3566 526 3612 codd.
549 3563 775 3611 Barbari.
815 3603 877 3610 -
915 3559 1228 3626 Ζοηρίτιιᾶἰηέ,
1253 3561 1317 3610 R.
1355 3601 1418 3609 .-.
1455 3558 1635 3621 maria,
1661 3561 1722 3608 R.
1762 3603 1823 3610 ,.
1869 3561 2161 3624 Acroathon,
2194 3565 2266 3613 ita
2299 3566 2617 3617 scribendum

381 3646 446 3678 ex
469 3630 610 3679 Mela
631 3631 701 3678 H.
739 3635 786 3689 2,
824 3635 900 3678 10.
944 3627 1206 3688 Achroton,
1241 3627 1305 3677 R.
1349 3627 1620 3693 Aqrathon,
1652 3629 1721 3678 A.
1764 3627 1992 3691 Acroton,
2025 3645 2073 3678 σ.
2118 3629 2375 3693 Acrothon,
2407 3633 2615 3683 Barbar.

380 3699 413 3746 d
423 3692 467 3757 β
475 3710 524 3760 r.
577 3695 829 3756 Acrothoi‚
863 3696 1022 3746 altera
1050 3696 1261 3745 Barbari
1295 3696 1601 3745 coniectura.
1658 3737 1719 3744 -
1772 3695 2108 3757 Palaeorium,
2141 3700 2187 3746 d.
2240 3697 2520 3761 Paleorum,
2553 3702 2614 3752 T.

376 3761 696 3824 Palehorum,
728 3764 854 3813 ΒΑ.
908 3763 1249 3822 Palaeotrium,
1281 3758 1339 3824 β.
1395 3803 1458 3811 -..
1520 3760 1756 3827 Thyssus,
1799 3767 1944 3813 codd.
1978 3765 2204 3814 Barbari.
2267 3765 2516 3829 Thyrsns,
2547 3768 2614 3818 A.

385 3830 590 3895 Tyrsus,
615 3832 721 3881 Ro.
767 3830 998 3890 Thenas,
1023 3832 1071 3878 d.
1111 3871 1173 3879 -.
1214 3827 1433 3891 Cleonae,
1457 3830 1626 3879 RAd.
1669 3829 1856 3892 Chone,
1882 3834 2027 3882 codd.
2048 3833 2255 3881 Barbar.
2279 3828 2337 3892 β.
2379 3832 2542 3892 Oleon,
2565 3848 2614 3886 σ.

376 3901 495 3949 Vid.
521 3899 809 3948 Tzschuck.
833 3906 941 3947 not.
966 3899 1073 3947 crit.
1099 3899 1163 3947 ad
1185 3898 1306 3947 Mel.
1332 3896 1401 3945 II.
1429 3904 1474 3957 2,
1502 3902 1548 3946 9.
1587 3938 1649 3946 -.
1686 3896 2022 3959 MacrobirA.
2056 3896 2280 3960 Aer-obii,
2305 3901 2366 3951 T.

443 3985 472 4045 ᾖ
499 3988 581 4032 38.
623 3978 830 4042 Casera,
855 3982 922 4030 A.
961 4021 1024 4029 ...
1062 3981 1259 4041 alterae,
1283 3980 1436 4031 RAd
1461 3977 1634 4041 (codd.
1657 3980 1911 4043 Barbari.)
1949 3997 1983 4029 a
2006 3981 2177 4042 latere,
2200 3996 2248 4031 σ.
2288 4024 2350 4033 .-.
2397 3983 2613 4048 isthmos,

377 4052 423 4099 d.
461 4090 524 4098 -
561 4047 817 4099 Acanthus
841 4047 1067 4112 Stayz’ra,
1089 4049 1144 4097 A
1168 4044 1338 4109 (codd.
1366 4044 1572 4109 Gelcn.)
1607 4045 1867 4098 Acanthus
1892 4049 1943 4097 in
1968 4056 2222 4113 stayyras‚
2247 4053 2309 4101 R„
2356 4051 2614 4102 Acanthus

377 4117 530 4167 inista
560 4131 705 4180 yyra,
739 4118 800 4166 T.
849 4113 1074 4166 Camthus
1107 4117 1282 4166 mistha
1311 4130 1456 4178 yyra,
1492 4116 1543 4163 d.
1588 4130 1757 4178 ayras‚
1792 4129 1840 4164 σ.
1886 4114 2138 4165 Acanthus
2173 4115 2360 4181 Sinyus
2386 4117 2614 4184 Stayira,

374 4186 509 4234 Pint.
543 4187 609 4234 ad
632 4185 684 4233 h.
716 4184 750 4233 l.
776 4191 826 4232 et
849 4186 915 4234 ad
936 4184 1060 4235 Mel.
1085 4182 1156 4233 Π.
1183 4189 1231 4243 2,
1258 4188 1304 4233 9.
1353 4223 1416 4231 ..-
1438 4233 1444 4240 ,
1465 4178 1680 4242 Sithone,
1703 4182 1813 4232 RA
1825 4185 1871 4232 d.
1919 4181 2116 4244 cilonia,
2140 4193 2188 4233 σ.
2242 4184 2509 4237 Grae-tonia
2530 4190 2613 4238 vel

384 4248 648 4301 Grestonia
668 4252 751 4300 vel
779 4248 1052 4311 Crestonia,
1075 4251 1283 4301 Barbar.
1314 4291 1375 4299 .-
1414 4246 1674 4309 Heraclia,
1699 4251 1747 4299 d.
1788 4292 1847 4299 -
1886 4268 1920 4298 a
1943 4250 2083 4312 mari,
2107 4253 2174 4301 A.
2212 4251 2261 4300 in
2287 4254 2426 4315 mari,
2450 4256 2513 4304 R.
2562 4257 2611 4303 in

375 4334 526 4378 mare,
550 4319 655 4369 Td.
