2961 4861
431 341 513 405 10
1122 352 1531 401 NATURALIS
1575 350 1963 399 Hlsronmn

390 507 510 595 „ad
556 517 617 573 te
663 504 1016 572 scribimus.
1105 503 1290 570 Haec
1341 502 1578 567 fiducia
1629 503 1862 588 operis,
1919 501 2104 567 haec'
2131 487 2230 567 est
2282 502 2661 570 indicatura.

423 616 640 683 Multa
682 616 869 681 valde
911 613 1191 700 pretiosa
1230 613 1379 678 ideo
1421 611 1739 689 videntur,
1777 608 1937 694 'quia
1964 621 2115 677 sunt
2145 613 2400 698 templis
2430 613 2662 681 dicata.

422 726 557 791 Nos
612 725 874 810 quidem
927 721 1162 799 omnis,
1218 719 1498 806 patrem,
1568 730 1631 786 te
1686 720 2076 804 fratremque
2132 720 2412 787 diximus
2467 746 2664 808 opere

423 836 615 914 iusto,
664 845 1022 918 temporum
1042 841 1428 895 snostrorum
1458 829 1787 894 historiam
1816 830 1945 893 orsi
1974 853 2013 893 a
2039 829 2168 895 fine
2195 830 2424 896 Aufidi
2451 830 2662 898 Bassi.

423 942 560 1009 Ubi
603 943 688 1006 sit
731 964 808 1006 ea
849 941 1161 1024 quaeres?
1202 940 1331 1003 iam
1368 938 1618 1024 pridem
1645 947 1908 1023 peracta
1936 940 2238 1037 sancitur,
2287 950 2354 1005 et
2380 922 2664 1026 alioquin
2690 959 2763 1002 20

425 1060 734 1117 statutum
779 1060 916 1115 erat
954 1048 1177 1114 heredi
1219 1047 1543 1125 mandare,
1587 1070 1670 1112 ne
1701 1046 1858 1130 quid
1886 1047 2216 1113 ambitioni
2245 1048 2503 1116 dedisse
2533 1053 2668 1116 vita

422 1160 833 1225 iudicaretur.
907 1157 1189 1223 Proinde
1232 1156 1696 1242 occupantibus
1737 1157 1952 1221 locum
1995 1156 2203 1235 faveO,
2251 1179 2375 1245 ego
2403 1182 2560 1225 vero
2599 1172 2668 1226 et

423 1269 723 1355 posteris,
771 1290 931 1352 quos
976 1268 1110 1333 scio
1152 1266 1490 1332 nobiscum
1534 1265 1992 1343 decertaturos,
2037 1266 2207 1332 sicut
2233 1267 2358 1353 ipsi
2388 1268 2665 1336 fecimus

425 1401 574 1444 cum
626 1377 966 1465 prioribus.
1054 1376 1532 1463 Argumentum
1582 1374 1773 1439 huius
1827 1374 2154 1469 stomachi*
2185 1377 2312 1441 mei
2371 1377 2663 1457 habebis,
2693 1405 2752 1447 21

425 1488 601 1571 quod
651 1489 721 1553 in
770 1486 872 1550 his
925 1484 1353 1553 voluminibus
1407 1493 1744 1548 auctorum
1799 1484 2056 1548 nomina
2097 1487 2453 1570 praetexui.
2541 1487 2667 1556 Est

424 1598 596 1663 enim
637 1596 988 1696 benignum
1032 1595 1138 1680 (ut
1179 1590 1484 1676 arbitror)
1531 1602 1596 1657 et
1636 1592 1899 1677 plenum
1940 1592 2208 1680 ingenui
2250 1595 2517 1679 pudoris
2561 1597 2662 1662 fa-

426 1707 546 1771 teri
588 1730 706 1793 per
748 1686 908 1791 quos
950 1704 1323 1790 profeceris,
1378 1725 1508 1767 non
1559 1711 1634 1766 ut
1684 1701 1990 1787 plerique
2020 1725 2102 1767 ex
2141 1703 2222 1768 iis
2269 1726 2430 1787 quos
2474 1707 2661 1794 attigi

422 1817 734 1883 fecerunt.
836 1812 1016 1880 Scito
1072 1815 1241 1879 enim
1296 1811 1732 1877 conferentem
1795 1821 2088 1876 auctores
2139 1835 2243 1876 me
2299 1814 2662 1899 deprehen·-
2691 1841 2755 1883 22

424 1925 596 1989 disse
639 1947 678 1988 a
718 1923 1122 1988 iuratissimis
1166 1900 1231 1986 et
1272 1920 1605 2006 proxumis
1635 1930 1888 1985 veteres
1920 1921 2369 2007 transscriptos
2401 1904 2659 1991 adver—

421 2034 577 2099 bum
629 2018 843 2116 neque
889 2030 1265 2108 nominatos,
1320 2052 1448 2093 non
1503 2030 1611 2096 illa
1652 2028 2025 2117 Vergiliana
2076 2031 2335 2111 virtute,
2391 2043 2466 2099 ut
2521 2056 2660 2105 cer·-

490 2213 647 2274 Haec,
689 2213 802 2262 hK.
839 2209 1044 2275 (Ambr.
1086 2212 1129 2260 1.
1172 2211 1318 2260 codd.
1358 2207 1615 2272 Barbari.)
1667 2211 1767 2272 hoc,
1799 2212 1860 2261 Ρ.
1907 2210 2030 2273 Nec,
2069 2207 2197 2261 bdA
2232 2210 2516 2276 (Murbac.)
2556 2213 2659 2280 βγ.

429 2318 490 2330 ....
523 2282 644 2332 haec
675 2288 757 2341 est,
789 2279 969 2329 Ambr.
1001 2280 1044 2330 Ι.
1079 2280 1226 2328 codd.
1257 2278 1487 2328 Barbari.
1523 2286 1593 2328 eet
1621 2279 1753 2339 haec,
1786 2280 1899 2328 hK.
1941 2280 2062 2329 haec
2093 2289 2163 2330 est
2191 2281 2291 2342 sed,
2332 2278 2458 2332 bdA
2495 2282 2660 2346 (Mur-

424 2345 561 2411 bac.)
591 2344 693 2412 βγ.
739 2349 922 2412 Inepta
960 2347 1205 2411 proponit
1238 2344 1446 2398 Grusius
1487 2346 1699 2410 probab.
1736 2347 1843 2396 crit.
1879 2351 1925 2396 6.
1976 2386 2029 2394 ...
2080 2347 2311 2409 indicata,
2345 2350 2405 2399 P.
2443 2389 2504 2398 -
2550 2360 2659 2401 tem-

420 2416 516 2483 plis
540 2416 777 2479 dicauit-a,
799 2416 868 2467 Κ.
894 2455 952 2464 ...
980 2413 1101 2477 Nos,
1124 2408 1262 2465 bPA
1289 2410 1492 2477 (omnes
1524 2415 1671 2463 codd.
1705 2428 1787 2478 ap.
1816 2410 2064 2476 Rezzon.)
2104 2414 2215 2477 Vos,
2241 2417 2346 2467 Td.
2381 2457 2436 2466 ...
2474 2427 2661 2484 patrem

424 2494 470 2535 et
491 2486 722 2549 fratrem,
761 2486 825 2535 Τ.
872 2523 931 2532 .-
975 2484 1121 2549 operi,
1152 2484 1214 2533 P.
1249 2521 1311 2531 ....
1353 2481 1553 2544 Affldii,
1594 2482 1774 2531 Ambr.
1806 2484 1849 2532 I.
1883 2484 1952 2532 11.
1993 2484 2168 2533 Escor.
2210 2485 2254 2535 Ι.
2294 2486 2365 2535 Π.
2407 2487 2659 2537 Pertusat.

424 2552 678 2601 Vaticani.
704 2560 789 2602 aut
792 2551 918 2615 fide,
941 2546 1025 2600 ΒΔ
1052 2549 1305 2613 (Murbac.
1330 2556 1382 2599 et
1402 2550 1531 2599 liber
1554 2547 1821 2611 'rm-nebi.)
1847 2559 1932 2599 aut
1935 2550 2080 2612 fidei,
2106 2553 2153 2600 d.
2181 2552 2438 2602 Omittunt
2460 2555 2504 2604 P
2531 2552 2658 2615 (duo

423 2620 540 2669 libri
563 2616 830 2678 Turnebi.)
860 2657 914 2666 ..
942 2618 1116 2679 Bassi,
1138 2618 1317 2667 Ambr.
1341 2618 1385 2666 1.
1408 2619 1478 2668 11.
1512 2618 1690 2665 Escor.
1724 2617 1768 2665 I.
1802 2618 1872 2667 11.
1908 2618 2159 2667 Pertusat.
2202 2619 2458 2670 Vaticani.
2496 2621 2659 2673 Omit-

426 2694 543 2735 tunt
573 2681 752 2734 deA
790 2683 1044 2745 (Murbac.
1081 2692 1133 2734 et
1164 2692 1264 2733 tres
1295 2685 1411 2733 libri
1444 2681 1712 2745 Turnebi),
1747 2692 1799 2733 et
1830 2685 1979 2733 multi
2013 2686 2107 2735 viri
2129 2687 2269 2736 docti
2290 2689 2395 2737 hoc
2416 2703 2607 2738 nomeu
2628 2704 2661 2739 e

425 2752 582 2803 Plinii
605 2753 751 2815 epist.
775 2753 872 2801 111.
900 2757 945 2811 5,
971 2756 1017 2800 6.
1042 2751 1146 2800 hoc
1167 2752 1287 2800 loco
1311 2751 1673 2813 interpolatum
1698 2766 1807 2801 esse
1830 2752 2158 2816 arbitrantur3
2183 2756 2273 2804 sed
2294 2769 2441 2817 egere
2465 2770 2527 2805 eo
2551 2771 2662 2806 non

423 2833 712 2883 possumus,
733 2818 852 2880 quia
874 2818 1134 2881 inscriptio
1161 2818 1325 2880 operis
1349 2835 1382 2868 a
1401 2819 1573 2869 Plinio
1599 2819 1905 2880 nominatur,
1926 2822 2066 2883 quod
2086 2821 2160 2870 ita
2181 2822 2478 2886 inscriptum
2501 2822 2661 2874 fuisse

427 2902 497 2937 ex
517 2886 672 2936 Plinii
695 2886 905 2936 minoris
928 2886 1047 2934 loco
1072 2885 1163 2933 illo
1189 2885 1391 2934 scimuS.

492 2952 522 3014 ἓ
549 2960 630 3003 20.
675 2953 786 3015 Ubi,
819 2948 945 3004 bdA
983 2950 1108 3016 (tres
1141 2953 1256 3002 libri
1291 2949 1558 3014 Tumcbi.)
1592 2952 1723 3013 Nisi,
1756 2955 1817 3003 P.
1847 2994 1902 3002 ..
1935 2972 2151 3019 quaeres,
2185 2952 2311 3006 bdA
2349 2956 2505 3020 (liber
2527 2960 2656 3009 Tur·

423 3018 585 3083 nebi.)
610 3040 688 3073 res
711 3039 849 3085 quae,
873 3023 917 3071 P
942 3018 1070 3084 (duo
1094 3021 1209 3071 libri
1231 3017 1499 3081 Turnebi.)
1531 3060 1583 3068 ..
1609 3030 1827 3085 peracta,
1844 3023 2074 3073 bd²TP.
2088 3033 2254 3088 pacta,
2273 3019 2390 3075 ΔΚ.
2411 3035 2656 3089 peractas,

423 3092 500 3140 «1¹.
529 3129 587 3138 -
615 3091 842 3151 sancitur,
876 3083 1027 3139 bd2A
1039 3089 1099 3139 P.
1136 3097 1358 3150 sectatur,
1392 3090 1526 3138 Td¹.
1562 3090 1699 3139 sarc’
1744 3106 1785 3150 r,
1820 3089 2112 3140 Harduinus
2136 3099 2188 3141 et
2212 3091 2420 3142 Crusius
2442 3095 2654 3156 probab.

423 3158 535 3207 crit.
561 3163 608 3207 6.
633 3159 858 3218 sarritur,
883 3157 1108 3207 Clericus
1130 3164 1225 3207 art.
1250 3157 1359 3206 crit.
1386 3163 1434 3217 2,
1460 3162 1543 3206 32.
1578 3158 1698 3208 Dua
1731 3172 1791 3206 us
1826 3159 1888 3205 de
1921 3158 2085 3207 causis
2118 3159 2316 3209 Plinius
2352 3175 2482 3224 opus
2505 3175 2664 3220 suum*

424 3225 724 3274 historicum
756 3227 947 3276 dudum
980 3232 1240 3287 peractum
1272 3226 1504 3274 nondum
1536 3241 1569 3274 a
1601 3239 1655 3274 se
1689 3225 1881 3273 editum
1914 3238 2022 3274 esse
2057 3226 2204 3286 dicit,
2239 3234 2290 3276 et
2324 3242 2388 3277 ue
2420 3241 2483 3276 eo
2517 3227 2656 3277 edito

424 3292 733 3342 adulationis
755 3293 808 3340 in
832 3291 1074 3342 Caesares
1096 3293 1488 3352 insimularetur,
1513 3298 1564 3341 et
1585 3299 1644 3341 ut
1664 3292 1910 3341 maiorem
1934 3294 2327 3344 sanctimoniam
2360 3303 2411 3344 et
2434 3296 2654 3345 auctori-

426 3365 583 3407 tatem
616 3360 662 3406 ei
695 3361 860 3419 daret3
895 3372 1016 3407 nam
1049 3372 1179 3420 quae
1213 3360 1409 3421 pridem
1442 3368 1649 3421 peracta
1680 3367 1965 3419 servantur,
2013 3363 2313 3422 conduntur,
2361 3363 2524 3412 oculis
2559 3364 2656 3413 ho-

424 3424 624 3473 minum
645 3425 1006 3484 subducuntur,
1029 3439 1091 3473 eo
1115 3425 1229 3487 ipso
1263 3426 1512 3475 maiorem
1545 3427 1623 3475 sui
1657 3427 1806 3489 pretii
1829 3427 2125 3490 opinionem
2147 3428 2368 3478 fundunt
2390 3431 2656 3493 magisque

426 3491 679 3551 coluntur,
703 3493 837 3541 unde
859 3491 962 3540 iam
984 3498 1125 3554 patet
1146 3492 1274 3540 haec
1295 3493 1448 3540 verba
1470 3507 1588 3541 cum
1610 3495 1728 3543 ficta
1751 3494 1924 3556 aliqua
1945 3502 1994 3544 et
2020 3497 2164 3557 quasi
2187 3497 2381 3547 ironica
2402 3498 2659 3548 modestia

426 3557 651 3608 Plinium
675 3559 738 3606 de
762 3571 913 3621 opere
937 3572 1031 3607 suo
1056 3558 1235 3607 dicere.
1262 3596 1321 3607 ..
1349 3566 1536 3619 statim,
1559 3559 1650 3609 bd.
1666 3600 1725 3609 .-
1752 3562 1986 3612 mandare
2009 3564 2186 3624 heredi,
2221 3566 2325 3615 Td.
2355 3604 2414 3613 .-
2439 3582 2498 3615 ne
2522 3566 2656 3629 quid,

425 3621 528 3676 bd.
572 3642 731 3689 neque,
774 3627 808 3674 d
847 3621 1126 3687 (Murbac.)
1168 3642 1240 3685 ne,
1282 3627 1342 3676 P.
1378 3643 1436 3675 ne
1468 3643 1589 3687 eam,
1624 3629 1919 3679 Rhenanus.
1960 3670 2016 3678 .-
2057 3633 2218 3693 vitam,
2252 3633 2312 3682 Ρ.
2341 3672 2400 3680 -.
2426 3632 2659 3692 Proinde,

426 3689 606 3744 deA
633 3692 885 3756 (Murbac.
911 3700 963 3742 et
985 3694 1132 3741 codd.
1156 3691 1408 3756 Barbari.)
1430 3694 1643 3746 Perinde
1667 3713 1793 3756 vero,
1818 3705 1961 3747 vetus
1986 3697 2246 3749 Chalderii
2279 3715 2361 3763 ap.
2386 3701 2655 3751 Dalecam-

427 3761 570 3824 pium
594 3769 645 3811 et
666 3763 923 3811 Perottus.
959 3798 1009 3807 -
1039 3761 1431 3825 occupationibus,
1454 3764 1515 3812 P.

496 3825 526 3887 ἓ
552 3834 633 3876 21.
669 3829 851 3888 huiab.
872 3867 923 3875 -
940 3827 1171 3878 stomachi
1200 3829 1233 3878 i.
1260 3843 1303 3878 e.
1329 3830 1622 3890 sententiae,
1648 3830 1920 3894 opinionis,
1956 3835 2310 3898 propensionis
2330 3836 2502 3885 animi.
2537 3837 2655 3886 Vid.

428 3894 535 3946 Cic.
555 3896 699 3944 Fam.
723 3896 844 3945 VH.
874 3901 918 3955 1,
946 3900 991 3944 5.
1017 3895 1151 3945 Plin.
1177 3911 1291 3961 epp.
1315 3898 1358 3948 Ι.
1385 3903 1467 3958 24,
1494 3904 1542 3948 3.
1572 3937 1628 3947 .-
1658 3899 1854 3961 habetis,
1878 3902 1938 3950 P.
1970 3941 2027 3950 .-
2055 3902 2148 3952 Est
2170 3904 2349 3964 etenim,
2371 3904 2433 3954 P.
2463 3942 2521 3951 -
2542 3921 2658 3968 pro·

422 3963 614 4024 seceris,
638 3957 739 4012 bA.
762 3963 1030 4026 profecerit,
1054 3964 1369 4028 Td.feceris,
1394 3968 1453 4017 P.
1484 4006 1541 4014 -.
1565 3966 1853 4031 plerumque,
1877 3970 1937 4018 P.
1967 4009 2016 4018 ..
2052 3970 2142 4031 his,
2166 3972 2258 4020 bd.
2274 4011 2330 4019 ..
2349 3972 2501 4037 attiyi,
2531 3974 2660 4021 Bar·

428 4031 578 4146 garns
603 4032 651 4080 d.
678 4031 831 4147 ‹15:⁸ch
849 4025 961 4080 ΔΡ.
998 4031 1149 4092 ethici,
1171 4033 1221 4082 b.
1258 4035 1446 4100 antiqui
1476 4050 1592 4096 quos
1626 4040 2006 4097 commemoravi,
2040 4039 2296 4088 Perottus.
2338 4077 2398 4087 ...
2419 4040 2659 4103 secernant,

476 4131 488 4146 ο
536 4115 619 4146 eru
837 4133 849 4146 ι

496 4098 804 4225 §swiu’eninu
831 4165 1019 4216 omittit
1042 4166 1297 4218 vallicell.
1329 4207 1382 4216 .-
1414 4169 1735 4233 cofferentem,
1759 4167 1861 4221 bd.
1888 4173 2164 4237 conserente,
2188 4175 2275 4223 dP
2299 4171 2582 4235 (Murbac.)
2604 4214 2654 4222 -

428 4248 499 4283 me
531 4240 762 4293 auctores,
786 4233 843 4283 P.
888 4273 937 4281 ..
982 4252 1017 4284 a
1051 4235 1380 4298 iuratissimis,
1426 4233 1552 4287 bdA
1567 4238 1609 4288 P
1645 4235 1928 4300 (Murbac.)
1975 4240 2367 4305 adiuratissimis,
2401 4243 2659 4293 Vallicell.
