2961 4861
953 345 1094 394 Lm.
1129 347 1229 394 111.
1288 344 1444 393 cAr.
1477 346 1579 394 111.
1610 347 1708 394 IV.
1767 346 1962 395 sacr.
1993 350 2032 392 4.
2061 351 2098 393 5.
2523 334 2643 399 221

412 498 594 584 perio
637 497 837 584 iugis,
885 519 924 560 a
963 497 1211 580 reliqua
1248 518 1401 562 vero
1442 492 1657 562 Gallia
1694 497 1893 563 latere
1939 499 2420 583 septentrionali
2462 524 2645 568 mon-

340 668 346 673 ,
418 599 589 663 tibus
621 594 932 664 Cebenna
962 608 1027 662 et
1053 596 1335 675 Iuribus,
1376 620 1675 685 agrorum
1716 598 1914 676 cultu,
1960 599 2244 664 virorum
2271 622 2647 685 morumque

414 697 811 786 dignatione,
858 697 1276 784 amplitudine
1313 720 1508 784 opum
1549 698 1707 763 nulli
1735 698 2209 784 provinciarum
2235 702 2648 785 postferenda

410 799 818 883 breviterque
861 799 1049 863 Italia
1090 800 1306 864 verius
1350 822 1549 884 quam.
1585 800 1936 884 provincia.
1988 799 2068 864 In
2110 823 2222 866 ora
2262 801 2444 890 regio
2489 799 2644 868 Sor·
2673 824 2741 867 32

412 899 650 964 donum
689 900 990 983 intusque
1036 899 1628 978 Consuaranorum,
1672 900 1936 966 flumina
1977 899 2253 979 Tecum,
2298 901 2649 969 Vernodu-

410 1000 596 1065 brum
613 1049 631 1078 ,
677 1000 917 1085 oppida
957 1000 1255 1078 Illiberis,
1300 1024 1575 1087 magnae
1620 1001 1945 1086 quondam
1984 1001 2163 1066 urbis
2209 1011 2403 1067 tenue
2446 1004 2646 1068 vesti-

410 1100 611 1187 gium,
635 1100 921 1166 Ruscino
942 1099 1343 1179 Latinorum,
1367 1100 1605 1167 flumen
1625 1102 1806 1166 Atax
1830 1123 1865 1166 e
1887 1100 2224 1186 Pyrenaeo
2243 1102 2647 1170 Rubrensem

409 1223 749 1286 permeans
791 1202 1022 1278 lacum,
1066 1199 1284 1267 Narbo
1313 1201 1598 1268 Martius
1628 1202 2126 1267 decumanorum
2153 1203 2418 1282 colonia,
2461 1224 2569 1269 ΧΠ
2590 1222 2650 1268 Μ

410 1324 583 1387 pass.
642 1324 681 1365 a
733 1300 894 1364 mari
953 1301 1231 1380 distans,
1287 1302 1554 1368 flumina
1604 1303 1911 1381 Arauris,
1966 1302 2168 1369 Liria.
2252 1300 2515 1390 Oppida
2565 1305 2645 1371 de
2673 1313 2759 1371 33'

411 1411 623 1466 cetero
664 1424 809 1466 rara
824 1449 842 1478 ,
887 1402 1404 1486 praeiacentibus
1449 1404 1727 1491 stagnis:
1794 1403 2058 1493 Agatha
2100 1405 2424 1487 quondam
2462 1403 2647 1469 Mas-

410 1501 763 1567 siliensium
816 1513 880 1567 et
917 1495 1109 1590 'regio
1151 1503 1502 1569 Volcarum
1544 1504 1975 1592 Tectosagum
2027 1515 2220 1589 atque
2262 1505 2375 1570 ubi
2417 1505 2647 1570 Rhoda

392 1603 802 1677 „Rhodiorum
848 1603 1005 1683 fuit,
1060 1604 1232 1669 unde
1289 1605 1502 1670 dictus
1552 1606 1752 1670 multo
1805 1603 2164 1671 Galliarum
2218 1605 2648 1671 fertilissimus

408 1703 758 1769 Rhodanus
801 1705 1028 1783 amnis,
1076 1729 1157 1782 ex
1199 1705 1485 1791 Alpibus
1529 1727 1598 1769 se
1639 1705 1899 1790 rapiens
1942 1728 2061 1790 per
2100 1705 2509 1771 Lemannum
2549 1707 2647 1770 la-

409 1827 555 1870 cum
592 1827 985 1892 segnemque
1025 1806 1322 1871 deferens
1349 1805 1611 1870 Ararim
1649 1828 1771 1871 nec
1807 1806 2020 1871 minus
2059 1828 2127 1871 se
2167 1807 2309 1892 ipso
2353 1806 2648 1871 torrentis

404 1905 672 1986 Isaram,
703 1905 1107 1971 Druentiam.
1162 1906 1397 1994 Libica
1425 1907 1830 1994 appellantur
1863 1907 1991 1971 duo
2036 1907 2175 1972 eius
2218 1930 2329 1972 ora
2372 1907 2644 1987 modica,

407 2029 488 2071 ex
545 2006 647 2071 his
706 2007 975 2071 alterum
1028 2006 1498 2092 Hispaniense,
1559 2008 1831 2073 alterum
1885 2005 2325 2093 Metapinum3
2389 2007 2647 2073 tertium

404 2108 707 2192 idemque
751 2106 1217 2192 amplissimum
1254 2105 1786 2172 Massalioticum.
1847 2105 2017 2172 Sunt
2059 2120 2354 2173 auctores
2401 2118 2465 2173 et
2501 2107 2644 2173 He-

405 2209 682 2273 racleam
736 2207 1046 2293 oppidum
1099 2208 1168 2271 in
1219 2208 1382 2273 ostio
1424 2207 1720 2273 Rhodani
1775 2207 1999 2274 fuisse.
2075 2208 2266 2273 Ultra
2307 2210 2519 2274 fossae
2564 2233 2644 2275 ex
2672 2232 2740 2276 34

405 2308 715 2374 Rhodano
761 2306 837 2372 C.
882 2306 1056 2372 Mari
1109 2330 1302 2393 opere
1355 2318 1420 2372 et
1468 2308 1724 2374 nomine
1776 2309 2093 2395 insignes,
2151 2321 2449 2397 stagnum
2492 2308 2645 2374 Ma-

405 2410 703 2476 stramela
723 2458 741 2489 ,
810 2409 1119 2496 oppidum
1170 2407 1503 2474 Maritima
1564 2409 1982 2475 Avaticorum
2044 2432 2365 2495 superque
2438 2411 2647 2497 campi

472 2551 500 2611 5
535 2558 617 2602 32.
653 2548 949 2611 Sordonum,
985 2552 1018 2598 d
1048 2547 1219 2612 (codd.
1251 2550 1406 2599 Voss.
1441 2550 1506 2598 ad
1535 2550 1658 2599 Mel.
1682 2551 1750 2600 Π.
1779 2555 1824 2610 5,
1861 2545 1935 2610 8.)
1986 2545 2268 2612 Sordinum,
2302 2552 2421 2602 R¹.'
2460 2550 2645 2603 Sardi.

405 2635 528 2680 num,
553 2621 652 2669 R2.
708 2615 999 2678 Sardonum,
1023 2612 1124 2681 βγ.
1178 2618 1299 2666 Vid.
1335 2617 1512 2666 Ukert.
1536 2631 1722 2680 geogr.
1755 2624 1854 2666 vet.
1886 2618 1956 2666 11.
1984 2623 2030 2677 2,
2057 2623 2171 2667 291.
2225 2659 2288 2667 -.
2351 2620 2544 2682 Tecum,
2576 2623 2645 2672 A.

413 2686 463 2737 T
459 2696 598 2747 etum,
617 2687 721 2735 Rd.
767 2683 817 2734 T
812 2686 1005 2746 echnun,
1022 2698 1071 2733 σ.
1118 2682 1253 2734 Telin
1275 2684 1379 2734 sive
1405 2681 1607 2745 Tichim,
1630 2685 1836 2735 Barbar.
1863 2700 1891 2733 e
1911 2686 2135 2748 vestigiis
2159 2689 2305 2737 codd.
2340 2689 2478 2738 Illud
2501 2704 2643 2751 prae-

403 2754 502 2803 fert
524 2755 677 2803 etiam
701 2753 857 2805 Ortel.
892 2753 1021 2803 thes.
1055 2766 1228 2815 geogr.
1254 2767 1291 2801 ε.
1314 2767 1362 2801 v,
1391 2751 1588 2802 Orobis.
1626 2793 1688 2801 ...
1739 2752 2116 2815 Vernodubrum,
2135 2754 2339 2805 R2Ad.
2397 2754 2644 2806 Vernodu-

404 2821 546 2880 bium,
571 2821 620 2870 Β
640 2823 669 2869 ¹.
723 2817 1110 2880 Nernodubrum,
1134 2833 1183 2868 σ.
1236 2817 1408 2880 Obrin,
1432 2820 1642 2869 Barbar.
1669 2835 1696 2868 e
1718 2819 1942 2882 vestigiis
1975 2823 2120 2871 codd.
2160 2862 2222 2870 -.
2259 2822 2496 2885 Illiberis,
2518 2826 2644 2874 Bar-

401 2890 506 2938 bar.
542 2888 581 2937 I
581 2888 809 2948 Ilisebere,
833 2889 898 2937 Β.
943 2885 1242 2947 Illiseberre,
1267 2889 1370 2937 Td.
1417 2885 1722 2947 Illiseberae‚
1751 2881 1793 2935 θ
1803 2888 1867 2936 Κ.
1912 2886 2224 2949 Illeseberae,
2249 2902 2297 2938 σ.
2341 2889 2644 2951 Εἰίεεὸεναε,

402 2955 470 3004 A.
506 2954 804 3015 Eliseberre‚
840 2954 893 3004 S.
936 2952 1205 3014 Elisabera
1231 2956 1377 3004 codd.
1401 2955 1553 3004 Voss.
1588 2956 1653 3004 ad
1683 2954 1804 3003 Mel.
1838 2955 1911 3003 Π.
1948 2960 1992 3012 5,
2028 2959 2074 3003 8.
2114 2995 2177 3002 ....
2221 2955 2272 3004 Τ
2329 2972 2455 3017 ereo,
2478 2959 2542 3006 Β.
2580 2997 2642 3005 -.

407 3020 703 3082 Rubrosum,
726 3023 791 3071 K.
819 3063 882 3070 -
919 3019 1304 3082 Νανὸοηαντίῑιε,
1330 3023 1378 3070 d.
1414 3019 1772 3080 Nan-bonotius,
1798 3021 1859 3069 Τ.
1889 3061 1950 3067 -
1991 3018 2231 3081 Arauris,
2294 3022 2425 3070 urita
2448 3026 2513 3072 ad
2535 3025 2643 3073 itin.

406 3089 605 3139 Anton.
631 3105 680 3153 p.
709 3095 822 3140 389.
858 3088 1063 3149 Araris,
1086 3089 1237 3139 RAd
1261 3086 1432 3149 (codd.
1458 3086 1600 3148 Sur.)
1623 3083 1680 3147 β.
1709 3126 1771 3134 ...
1808 3084 1978 3145 Liria,
2000 3086 2069 3135 A.
2104 3086 2293 3147 Libria‚
2318 3089 2485 3138 RTd.

472 3156 501 3217 ἓ
527 3164 607 3208 33.
659 3156 931 3218 Volcarum,
954 3157 1067 3207 Ad.
1118 3156 1397 3215 Vulcarum‚
1421 3156 1541 3204 ΒΤ.
1581 3194 1643 3202 -.
1689 3154 2024 3216 Tecto-§aqum
2047 3152 2157 3201 Ad.
2219 3150 2556 3219 Tectasayum,
2580 3157 2643 3207 Τ.

413 3225 788 3290 Tectumsaqum,
812 3227 876 3275 R.
925 3263 989 3273 ..-
1017 3223 1233 3286 fluvius,
1257 3224 1361 3272 Td.
1399 3262 1461 3269 .-
1512 3219 1761 3280 decerem,
1783 3221 1914 3270 Rob.
1953 3259 2017 3268 ....
2060 3216 2279 3282 Ararim,
2303 3224 2365 3272 Β.
2416 3221 2643 3286 Ararene,

400 3291 514 3342 Ad.
542 3333 604 3341 -.
643 3301 896 3352 torrentes,
920 3283 1269 3340 RAOSTdr
1293 3285 1477 3350 (Rob.)
1517 3296 1782 3347 torrentem,
1806 3282 1862 3348 β.
1899 3327 1960 3335 .-
1994 3285 2215 3348 Isaram,
2240 3290 2342 3339 ΒΤ
2355 3292 2402 3340 (1.
2439 3290 2644 3343 Isaram

402 3367 464 3419 et,
487 3360 542 3409 A
564 3355 750 3421 (Βοὴ.)
774 3355 874 3422 fir.
901 3398 964 3406 -.
996 3355 1308 3416 Druentiam,
1332 3357 1479 3405 codd.
1503 3356 1712 3405 Barbar.
1735 3353 2060 3415 Druantiam,
2075 3355 2297 3407 RATd.
2339 3357 2389 3408 T
2387 3361 2643 3420 ruentium,

400 3440 449 3475 σ.
477 3466 539 3474 „-
564 3425 757 3485 Libica,
778 3426 974 3474 Broter.
1000 3433 1050 3474 et
1072 3423 1249 3474 Ukcrt.
1275 3438 1447 3485 geogr.
1472 3430 1571 3471 vet.
1595 3423 1664 3472 11.
1691 3429 1737 3484 2,
1760 3427 1873 3472 129.
1912 3421 2191 3473 Confirmat
2209 3426 2256 3474 d.
2375 3425 2500 3488 bica,
2518 3427 2642 3478 ΒΑ.

402 3491 610 3556 Libyca,
633 3488 734 3556 βγ.
779 3490 984 3555 Lignea,
1015 3493 1170 3541 Voss.
1196 3494 1261 3540 ad
1282 3491 1403 3540 Mel.
1436 3492 1505 3540 11.
1535 3495 1578 3551 5,
1606 3496 1651 3540 8.
1690 3532 1751 3539 -
1786 3488 2203 3551 Massalioticum,
2236 3492 2304 3541 A.
2395 3491 2642 3544 asalicoti-

400 3576 523 3621 eum,
546 3561 596 3608 Β
616 3560 746 3607 ¹Td.
784 3557 1176 3620 Masaliaticum,
1198 3561 1248 3609 Β
1264 3561 1298 3607 ².
1334 3559 1616 3621 Exscripsit
1638 3558 1766 3607 haec
1787 3559 2022 3608 Martian.
2050 3565 2095 3619 6,
2122 3564 2236 3608 635.

470 3625 500 3686 ξ
528 3633 608 3676 34.
629 3627 824 3690 fossae,
850 3620 1067 3676 RAOd.
1088 3627 1258 3691 fossa,
1283 3627 1330 3675 T
1339 3622 1397 3687 β,
1424 3628 1562 3688 quod
1585 3627 1719 3675 Pint.
1745 3624 1795 3674 et
1832 3625 2046 3676 Casaub.
2081 3627 2146 3674 ad
2179 3626 2342 3676 Strab.
2370 3633 2416 3675 4.
2442 3642 2499 3690 p.
2531 3634 2642 3677 184.

399 3695 633 3758 probant.
654 3693 871 3757 fossam,
904 3694 970 3742 K.
1009 3734 1072 3742 .-.
1113 3690 1183 3755 0.,
1216 3694 1383 3744 RAd.
1426 3690 1468 3740 Ο
1490 3709 1741 3757 passuum,
1765 3694 1899 3742 Pint.
1941 3690 1983 3741 C
1996 3691 2248 3755 passibus,
2282 3693 2462 3742 Ambr.
2488 3692 2531 3743 1.
2555 3696 2643 3756 IL,

399 3763 567 3813 Vatic.
594 3768 759 3821 3533„
782 3762 988 3810 Barber.
1017 3765 1128 3811 759.
1154 3769 1205 3811 et
1226 3761 1314 3809 alii
1337 3776 1416 3824 ap.
1441 3762 1592 3810 Rezz.
1637 3760 1714 3810 At
1734 3776 1781 3808 V.
1808 3760 2022 3810 Salmas.
2049 3774 2212 3808 exerc.
2235 3775 2286 3822 p.
2314 3765 2393 3810 66.
2417 3760 2466 3809 b.
2489 3762 2550 3810 B.
2578 3803 2640 3811 -,

402 3828 561 3890 Mari,
584 3830 653 3879 A.
692 3869 754 3876 -
791 3827 1019 3891 iussiones,
1056 3831 1103 3878 d.
1149 3829 1352 3894 insiyne,
1387 3823 1504 3888 Ββ,
1549 3831 1688 3891 quod
1720 3828 1938 3890 probant
1974 3825 2188 3876 Casaub.
2231 3835 2281 3875 et
2322 3826 2536 3878 Salmas.
2578 3832 2645 3879 ad

401 3898 665 3961 sequentia
703 3896 989 3945 referentes.
1036 3894 1259 3959 insiqnis,
1299 3896 1432 3944 Pint.
1480 3935 1543 3943 ..-
1590 3902 1780 3958 staqno,
1814 3894 2030 3943 Salmas.
2079 3933 2142 3940 -..
2195 3891 2540 3956 Mastramela,
2573 3897 2640 3946 A.

399 3967 469 4015 Et
500 3966 601 4014 iam
633 3965 768 4013 Pint.
806 3965 871 4013 ad
892 3963 1015 4012 Mel.
1040 3962 1110 4011 II.
1148 3968 1193 4012 5.
1226 3963 1512 4011 coniecerat
1545 3959 1898 4020 Mastramelle‚
1940 3960 2174 4009 Holsten.
2208 3975 2326 4010 vero
2367 3964 2432 4011 ad
2463 3963 2640 4027 Steph.

399 4034 524 4096 Byz.
556 4047 606 4096 p.
643 4037 758 4081 200.
803 4039 854 4080 et
889 4030 1044 4081 Ortel.
1080 4030 1210 4079 thes.
1246 4043 1419 4092 geogr.
1446 4044 1485 4077 s.
1509 4044 1556 4075 v,
1588 4027 1885 4077 Astromela
1960 4027 2266 4078 raetulerant
2300 4027 2641 4094 Mastromela,
2681 4062 2689 4073 ·

402 4114 580 4148 omnes
615 4099 697 4148 his
719 4099 818 4147 nisi
843 4097 1103 4162 Stephano
1125 4099 1339 4160 Byzant.
1375 4110 1423 4159 p.
1459 4101 1575 4144 448.
1612 4086 1914 4157 Μαστραμέ
1979 4109 2035 4160 η,
2070 4088 2227 4153 πόλις
2246 4090 2336 4143 καὶ
2360 4091 2519 4164 λιζιινη
2544 4099 2646 4164 τῆς

401 4159 682 4230 Κελτικῆς,
716 4168 851 4215 unde
876 4167 1011 4214 idem
1044 4165 1280 4215 Holsten.
1316 4178 1421 4212 non
1455 4163 1563 4212 sine
1592 4161 1960 4226 probabilitatis
1984 4163 2148 4226 specie
2179 4172 2401 4228 staqnum
2433 4174 2479 4215 et
2507 4167 2640 4231 oppi-

402 4232 517 4281 dum
552 4233 1047 4296 Mastromela-legit.
1093 4230 1431 4291 Mastromela,
1462 4231 1512 4280 Β
1532 4236 1561 4279 ¹.
1614 4226 1911 4290 Astromela,
1946 4226 2139 4292 R²dss.
2180 4272 2242 4280 -.
2304 4231 2639 4294 Auaticorum,

402 4300 552 4350 RST
585 4299 754 4361 (codd.
788 4299 1021 4361 Bar-bar.)
1065 4298 1392 4360 Abaticorum,
1423 4298 1492 4347 A.
1546 4296 1884 4357 Avaricorum,
1927 4311 1974 4347 σ.
