2961 4861
451 335 570 396 1-16
1144 345 1554 391 NA‘runAms
1599 344 1990 392 HISTORIAE

446 510 623 565 retur
666 508 731 563 et
775 498 917 563 talis
959 497 1168 585 figura
1211 518 1465 582 semper
1506 517 1808 571 mucrone
1839 496 2111 561 deficiat.
2169 475 2398 582 Spatio
2428 497 2701 579 quidem
2727 519 2785 561 4⁸

448 599 736 666 consumi
779 598 1037 663 umbras
1079 597 1313 661 indicio
1358 607 1507 660 sunt
1545 597 1877 661 volucrum
1904 597 2172 682 praealti
2201 598 2486 677 volatus3
2538 621 2702 686 ergo

447 701 788 766 confinium
830 700 955 765 illis
998 709 1096 762 est
1137 696 1301 761 aeris
1348 697 1656 762 terminus
1699 698 2082 780 initiumque
2126 698 2445 776 aetheris3
2494 721 2703 784 supra

444 804 662 867 lunam
704 823 867 886 pura
909 798 1121 863 omnia
1164 820 1240 861 ac
1283 797 1625 863 diuturnae
1666 799 1831 863 lucis
1874 799 2081 883 plena.
2135 798 2202 862 A
2242 800 2431 866 nobis
2473 810 2701 863 autem

445 926 563 988 per
613 911 866 964 noctem
919 908 1268 963 cernuntur
1320 897 1534 962 sidera
1585 910 1661 966 ut
1710 899 1959 981 reliqua
2012 899 2254 965 lumina
2298 923 2335 965 e
2381 899 2698 977 tenebris,

448 1012 513 1066 et
553 1010 821 1085 propter
861 1000 977 1063 has
1023 1021 1249 1063 causas
1300 1009 1614 1068 nocturno
1669 1009 1957 1083 tempore
2011 1001 2228 1065 deficit
2268 1000 2442 1065 luna.
2517 998 2700 1065 Stati

449 1112 668 1168 autem
721 1111 915 1184 atque
971 1100 1282 1164 menstrui
1334 1121 1464 1163 non
1523 1111 1669 1164 sunt
1734 1101 1993 1184 utrique
2055 1101 2352 1166 defectus
2420 1111 2702 1187 propter

448 1203 892 1287 obliquitatem
948 1201 1239 1288 signiferi
1293 1200 1610 1283 lunaeque
1666 1202 2070 1289 multivagos,
2137 1212 2214 1266 ut
2265 1203 2511 1266 dictum
2569 1214 2696 1280 est,

442 1303 680 1382 flexus,
749 1326 879 1368 non
943 1324 1197 1386 semper
1247 1302 1315 1364 in
1368 1301 1664 1384 scripulis
1718 1303 1997 1388 partium
2053 1312 2445 1391 congruente
2513 1304 2695 1369 side-

440 1427 585 1469 rum
626 1417 824 1469 motu.
2013 1451 2020 1456 -

526 1504 655 1567 XI.
729 1505 789 1568 8.
848 1503 1033 1569 Haec
1084 1504 1246 1567 ratio
1299 1502 1584 1567 mortalis
1636 1501 1883 1568 animos
1940 1505 2242 1571 subducit
2303 1506 2371 1569 in
2435 1505 2692 1570 caelum
2722 1526 2791 1569 49

442 1628 520 1671 ac
561 1607 740 1671 velut
778 1606 928 1670 inde
974 1604 1550 1689 contemplantibus
1594 1604 1787 1668 trium
1829 1627 2272 1670 maxumarum
2309 1630 2529 1671 rerum
2565 1630 2687 1670 na-

446 1719 627 1773 turae
691 1708 973 1793 partium
1038 1706 1544 1793 magnitudinem
1609 1706 1876 1792 detegit.
1947 1706 2011 1770 N
2012 1729 2095 1770 on
2157 1719 2383 1791 posset
2444 1707 2690 1793 quippe

444 1821 617 1874 totus
663 1811 756 1875 sol
799 1807 995 1872 adimi
1040 1806 1225 1871 terris
1267 1805 1704 1871 intercedente
1746 1807 1919 1884 luna,
1967 1808 2023 1871 si
2066 1817 2239 1872 terra
2279 1808 2486 1873 maior
2514 1821 2690 1873 esset

443 1931 636 1993 quam
676 1909 845 1972 luna.
891 1908 1112 1972 Tertia
1153 1931 1235 1972 ex
1277 1918 1551 1990 utroque
1595 1908 1864 1972 vastitas
1909 1908 2059 1974 solis
2088 1910 2395 1994 aperitur,
2442 1932 2571 1974 non
2603 1910 2689 1973 sit

441 2020 517 2075 ut
571 2030 833 2073 necesse
885 2008 1371 2092 amplitudinem
1424 2009 1582 2072 eius>
1633 2009 1963 2074 oculorum
2028 2010 2423 2097 argumentis
2489 2021 2690 2094 atque

443 2111 809 2177 coniectura
850 2108 1043 2173 animi
1088 2110 1388 2173 scrutari:
1450 2108 1816 2184 inmensum
1860 2132 2023 2188 esse,
2080 2111 2232 2195 quia
2273 2111 2575 2177 arborum
2620 2113 2690 2177 in
2717 2131 2783 2174 50

441 2210 751 2279 limitibus
804 2220 1245 2295 porrectarum
1300 2209 1369 2273 in
1438 2203 1756 2293 quotlibet
1809 2234 2117 2296 passuum
2180 2212 2357 2278 milia
2424 2214 2690 2279 umbras

442 2312 710 2400 paribus
752 2312 946 2377 iaciat
986 2310 1335 2376 intervallis
1367 2321 1694 2394 tamquam
1724 2322 1857 2377 toto
1888 2314 2098 2397 spatio
2126 2313 2401 2392 medius,
2436 2325 2505 2378 et
2534 2316 2692 2398 quia

444 2440 563 2504 per
617 2412 1089 2500 aequinoctium
1145 2411 1440 2515 omnibus
1496 2413 1562 2478 in
1615 2413 1969 2479 meridiana
2011 2415 2205 2503 plaga
2247 2414 2689 2481 habitantibus

515 2598 578 2651 et,
603 2604 706 2639 om.
730 2591 791 2639 P.
829 2600 891 2637 ,4.
938 2605 1173 2648 mucrone,
1207 2581 1497 2637 R'GPad.
1546 2585 1596 2635 in
1628 2603 1873 2648 mucrone,
1907 2590 2056 2639 R²T.
2105 2591 2156 2639 in
2181 2604 2466 2649 mucronem,
2490 2585 2580 2650 Υβ.

513 2660 542 2720 ς
569 2663 649 2706 48.
689 2656 897 2717 quidem,
929 2656 1131 2704 RPad.
1181 2655 1356 2715 eodem,
1392 2649 1449 2703 Θ.
1500 2695 1563 2702 -
1612 2656 1819 2716 assumi,
1851 2656 1911 2705 P.
1952 2697 2013 2704 -.
2053 2654 2215 2717 illius,
2248 2658 2306 2706 P.
2345 2698 2407 2705 -
2447 2656 2683 2717 terminis,

444 2726 543 2776 R¹.
580 2763 643 2771 .-
682 2721 904 2781 diurnae,
926 2722 1134 2770 Robert.
1173 2762 1236 2769 -.
1272 2736 1315 2782 e,
1340 2724 1397 2770 a2
1420 2718 1684 2784 (Robert.)
1730 2731 1788 2783 et,
1819 2723 2014 2773 RPa¹.
2063 2723 2133 2783 in,
2168 2725 2332 2774 TdK.
2373 2765 2436 2771 -
2473 2723 2686 2783 tenebra,

442 2792 504 2841 P.
543 2831 606 2840 ,-
645 2787 793 2849 Stati,
816 2790 881 2838 R.
919 2785 1111 2848 Statim,
1136 2789 1216 2836 a¹.
1255 2787 1450 2850 Stactai,
1474 2789 1701 2839 TPa2d.
1739 2831 1804 2838 -
1839 2806 1933 2840 non
1956 2791 2200 2851 menstrui,
2234 2792 2392 2842 RPa.
2440 2792 2685 2850 mensa-ui,

445 2860 507 2919 ᾧ
533 2898 596 2906 ...
634 2857 735 2917 sed,
769 2872 814 2904 a.
852 2897 915 2904 -.
951 2853 1224 2917 utriusque,
1258 2848 1465 2905 Td.'-.
1504 2853 1756 2920 lunaeque,
1788 2858 1963 2907 R2ad.
2011 2858 2174 2920 lunae,
2207 2860 2307 2909 R'.
2353 2859 2591 2922 lunaeque
2615 2868 2685 2918 ut,

443 2926 503 2976 P.
542 2966 605 2973 -.
643 2922 821 2974 dictum
845 2934 927 2985 est,
952 2926 981 2988 ξ
1006 2930 1088 2973 43.
1113 2929 1196 2973 44.
1235 2963 1298 2970 -.
1318 2922 1579 2986 ..scr-epulis,
1597 2924 1774 2973 mad.
1810 2923 2069 2989 scrupulis,
2092 2922 2326 2990 R¹Pssr.

513 2995 648 3057 549.
686 2990 976 3052 mortalium,
1015 2992 1082 3042 K.
1121 3031 1183 3039 ..
1221 2986 1354 3050 inde,
1397 3005 1499 3038 om.
1539 2990 1598 3040 P.
1637 3031 1701 3038 -
1738 3007 1911 3052 rerum,
1952 3008 2051 3042 om.
2094 2995 2173 3042 a¹.
2212 3034 2274 3042 -
2313 2992 2462 3057 deyit,
2495 2995 2568 3043 d¹.
2617 3034 2680 3041 -

438 3078 598 3128 posse,
624 3075 672 3110 σ.
710 3102 774 3110 ...
812 3059 862 3109 si
893 3071 1027 3111 terra
1052 3058 1255 3108 ...luna
1288 3072 1389 3106 om.
1423 3058 1582 3108 R¹a¹.
1627 3056 1750 3108 luna
1780 3058 1941 3109 maior
1972 3069 2095 3109 esset
2129 3077 2276 3122 quam
2310 3069 2470 3121 terra,
2502 3060 2682 3110 Dulce.

444 3130 555 3181 Alii
578 3131 681 3179 alia
700 3136 1006 3193 proponunt.
1046 3168 1108 3176 -.
1153 3124 1341 3185 Tertia,
1367 3124 1554 3176 Sabell.
1580 3120 1940 3177 RTPUadr.‘
1975 3125 2158 3188 Tertio,
2182 3140 2229 3176 σ.
2281 3124 2484 3188 Certior,
2518 3122 2577 3189 β.
2614 3168 2676 3176 .-

445 3205 662 3260 utroque,
703 3190 1050 3245 RTPGadr.
1103 3203 1318 3258 utraque,
1359 3188 1458 3255 σβ.
1514 3234 1577 3242 .-..
1631 3191 1766 3255 solis,
1807 3196 1880 3244 d'.
1935 3193 2054 3245 solis
2095 3194 2332 3244 oculorum
2366 3193 2681 3258 aryumentis,

445 3264 654 3314 RPad2
678 3259 956 3325 (Robert.),
982 3277 1111 3323 quae
1132 3264 1284 3312 verba
1306 3260 1438 3310 infra
1470 3269 1777 3324 repetuntur.
1813 3303 1876 3310 -
1915 3260 2147 3327 aperitur,
2181 3263 2387 3312 Robert.
2422 3263 2681 3326 αμα-ἱρὴν,

445 3332 510 3379 R.
558 3329 853 3394 aperiretur,
888 3331 935 3377 d.
989 3328 1240 3391 aper-titur,
1272 3344 1317 3377 a.
1364 3329 1655 3390 reperietur,
1687 3328 1746 3378 P.
1791 3329 1934 3379 Pone
1967 3331 2100 3379 hanc
2132 3344 2309 3379 vocem
2342 3330 2396 3378 in
2429 3332 2602 3380 codice
2631 3330 2682 3378 R

446 3397 575 3445 haec
599 3403 877 3461 sequuntur
897 3395 1098 3458 punctis
1122 3395 1436 3456 subscriptis:
1463 3409 1556 3445 non
1579 3394 1648 3444 sit
1678 3405 1730 3445 ut
1764 3411 1954 3446 necesse
1986 3394 2354 3459 amplitudinem
2390 3398 2497 3446 eius
2531 3414 2681 3474 arqu-

446 3477 618 3528 mentis
642 3477 906 3553 apen'etur,
932 3490 1062 3538 quae
1093 3483 1282 3539 puncta
1315 3491 1533 3525 errorem
1565 3479 1755 3528 librarii
1786 3481 1851 3529 ab
1881 3480 1995 3544 ipso
2019 3481 2250 3542 agnitum
2271 3480 2511 3530 indicant.
2545 3482 2682 3530 Tum

452 3563 618 3612 denuo
642 3561 867 3625 pergitur
888 3561 942 3609 in
964 3561 1127 3609 verbis
1149 3573 1246 3607 non
1278 3560 1343 3608 sit
1361 3568 1424 3620 ut,
1448 3575 1540 3622 pro
1565 3562 1746 3624 quibus
1771 3559 1993 3627 Padssr
2017 3572 2068 3612 ut
2089 3581 2180 3614 non
2219 3564 2284 3614 sit
2319 3565 2525 3613 habent.
2567 3566 2679 3614 Ma-

446 3644 601 3693 gnam
618 3630 672 3678 in
688 3629 918 3678 hocloco
943 3626 1279 3690 corruptelam
1294 3628 1478 3689 partim
1488 3643 1585 3692 ope
1609 3631 1853 3692 codicum,
1876 3632 2059 3694 partim
2082 3647 2174 3694 per
2194 3633 2357 3695 ipsam
2380 3631 2682 3681 sententiam

445 3698 693 3747 invenisse
716 3696 842 3745 mihi
865 3696 1039 3744 videor
1055 3730 1069 3755 ‚
1110 3701 1168 3742 ut
1188 3693 1459 3757 legendum
1483 3695 1570 3746 sit:
1606 3696 1813 3748 vastitas
1836 3698 1953 3749 solis
1978 3698 2212 3749 oculorum
2236 3701 2533 3765 arqumentis
2565 3715 2681 3763 ape-

445 3763 586 3823 ritur,
622 3779 714 3813 non
747 3762 818 3811 sit
851 3773 901 3812 ut
930 3777 1122 3811 necesse
1154 3759 1520 3826 amplitudinem
1551 3764 1663 3812 eius
1697 3767 1993 3832 arqumentis
2025 3773 2172 3830 atque
2216 3767 2494 3816 contectura
2525 3766 2682 3816 animi

445 3832 678 3880 scrutari.
721 3831 917 3880 Plinius
949 3830 1141 3880 scilicet
1170 3829 1572 3892 magnitudinem
1602 3839 1785 3894 terrae,
1819 3835 1995 3892 lunae,
2029 3835 2150 3883 solis
2185 3842 2568 3897 comparaturus
2589 3847 2681 3896 per

445 3899 601 3950 animi
625 3899 963 3947 coniecturam
997 3905 1258 3961 aperuerat
1279 3899 1679 3960 magnitudinem
1701 3900 1853 3950 lunae
1876 3909 1927 3950 et
1949 3909 2134 3963 terrae3
2174 3902 2278 3950 iam
2317 3901 2679 3964 transgreditur

446 3967 512 4015 ad
535 3968 923 4029 computandam
948 3966 1345 4029 magnitudinem
1369 3967 1509 4027 solis,
1533 3969 1598 4017 ad
1622 3982 1774 4030 quam
1798 3971 2118 4018 scrutandam
2135 3985 2240 4018 non
2258 3984 2388 4033 opus
2405 3984 2514 4018 esse
2530 3982 2677 4031 argu·

364 4092 369 4101 ⁸
444 4034 629 4083 mentis
653 4048 681 4081 e
703 4033 991 4085 coniectura
1013 4035 1167 4083 animi
1188 4034 1374 4097 petitis,
1399 4035 1571 4097 qualia
1593 4045 1853 4087 enumerat
1875 4039 1904 4099 ς
1932 4043 2028 4097 50.,
2051 4036 2279 4086 sufficere
2302 4037 2470 4086 dicens
2505 4037 2677 4085 oculo-

444 4113 558 4154 rum
581 4108 901 4163 argumenta,
935 4103 1000 4151 ad
1033 4115 1163 4164 quae
1194 4103 1557 4164 transgreditur
1590 4104 1619 4165 5
1646 4109 1725 4153 51.
1759 4104 2163 4168 Repetitionibus
2187 4105 2341 4166 igitur
2362 4104 2678 4153 librariorum

443 4166 627 4229 ineptis
649 4169 882 4230 extrusis,
907 4171 995 4218 sed
1018 4170 1264 4233 scriptura
1286 4170 1515 4219 omnium
1536 4170 1780 4221 librorum
1802 4172 2081 4222 maximam
2102 4178 2298 4235 partem
2322 4179 2534 4231 servata,
2559 4186 2678 4220 con-

444 4234 664 4284 iecturae
697 4236 826 4285 nihil
851 4238 1093 4296 dedimus,
1117 4236 1215 4285 nisi
1238 4243 1296 4285 ut
1317 4251 1505 4290 nomen
1528 4237 1761 4288 oculorum
1792 4240 1870 4289 bis
1903 4240 1958 4288 in
1991 4240 2135 4288 codd.
2160 4240 2383 4302 positum
2407 4240 2562 4288 semel
2586 4253 2678 4287 ex-

442 4301 760 4365 pelleremus.
784 4305 859 4353 Ea
879 4313 1048 4353 autem
1074 4312 1384 4364 argumenta,
1411 4317 1541 4366 quae
1560 4305 1756 4354 Plinius
1781 4307 1810 4369 5
1832 4312 1911 4357 50.
1937 4315 2213 4368 enumerat,
2236 4321 2342 4355 non
2366 4320 2432 4355 ex
2455 4306 2617 4355 oculis
2629 4316 2678 4355 et
