<?xml version="1.0" encoding="UTF-8"?>
<!DOCTYPE html PUBLIC "-//W3C//DTD XHTML 1.0 Transitional//EN"
    "http://www.w3.org/TR/xhtml1/DTD/xhtml1-transitional.dtd">
<html xmlns="http://www.w3.org/1999/xhtml" xml:lang="en" lang="en">
 <head>
  <title>
</title>
<meta http-equiv="Content-Type" content="text/html;charset=utf-8" />
  <meta name='ocr-system' content='tesseract 3.04.00' />
  <meta name='ocr-capabilities' content='ocr_page ocr_carea ocr_par ocr_line ocrx_word'/>
</head>
<body>
  <div class='ocr_page' id='page_1' title='image "./cplinisecundina00sillgoog_0064.png"; bbox 0 0 2961 4861; ppageno 0'>
   <div class='ocr_carea' id='block_1_1' title="bbox 399 332 1713 377">
    <p class='ocr_par' dir='ltr' id='par_1_1' title="bbox 399 332 1713 377">
     <span class='ocr_line' id='line_1_1' title="bbox 399 332 1713 377; baseline 0 -3"><span class='ocrx_word' id='word_1_1' title='bbox 399 334 496 374; x_wconf 85' lang='lat' dir='ltr'>xn</span> <span class='ocrx_word' id='word_1_2' title='bbox 1334 332 1713 377; x_wconf 69' lang='lat' dir='ltr'>PRAEFATIO.</span> 
     </span>
    </p>
   </div>
   <div class='ocr_carea' id='block_1_2' title="bbox 360 486 2659 4279">
    <p class='ocr_par' dir='ltr' id='par_1_2' title="bbox 360 486 2659 4279">
     <span class='ocr_line' id='line_1_2' title="bbox 400 486 2657 562; baseline 0 -18"><span class='ocrx_word' id='word_1_3' title='bbox 400 486 609 544; x_wconf 81' lang='lat' dir='ltr'>saltem</span> <span class='ocrx_word' id='word_1_4' title='bbox 649 492 850 562; x_wconf 87' lang='lat' dir='ltr'>aperte</span> <span class='ocrx_word' id='word_1_5' title='bbox 893 486 1204 558; x_wconf 89' lang='lat' dir='ltr'>mendosis,</span> <span class='ocrx_word' id='word_1_6' title='bbox 1250 505 1399 562; x_wconf 91' lang='lat' dir='ltr'>quae</span> <span class='ocrx_word' id='word_1_7' title='bbox 1441 486 1675 561; x_wconf 87' lang='lat' dir='ltr'>quidem</span> <span class='ocrx_word' id='word_1_8' title='bbox 1717 503 1908 557; x_wconf 88' lang='lat' dir='ltr'>secus,</span> <span class='ocrx_word' id='word_1_9' title='bbox 1950 490 2010 542; x_wconf 84' lang='lat' dir='ltr'>et</span> <span class='ocrx_word' id='word_1_10' title='bbox 2037 490 2214 558; x_wconf 81' lang='lat' dir='ltr'>recte,</span> <span class='ocrx_word' id='word_1_11' title='bbox 2244 487 2309 543; x_wconf 91' lang='lat' dir='ltr'>in</span> <span class='ocrx_word' id='word_1_12' title='bbox 2340 487 2657 562; x_wconf 83' lang='lat' dir='ltr'>exempla-</span> 
     </span>
     <span class='ocr_line' id='line_1_3' title="bbox 397 592 2653 671; baseline 0.001 -19"><span class='ocrx_word' id='word_1_13' title='bbox 397 595 558 654; x_wconf 81' lang='lat' dir='ltr'>ribus</span> <span class='ocrx_word' id='word_1_14' title='bbox 601 596 733 654; x_wconf 89' lang='lat' dir='ltr'>aliis</span> <span class='ocrx_word' id='word_1_15' title='bbox 774 597 1069 671; x_wconf 90' lang='lat' dir='ltr'>leguntur.</span> <span class='ocrx_word' id='word_1_16' title='bbox 1114 592 1363 652; x_wconf 78' lang='lat' dir='ltr'>Praeter</span> <span class='ocrx_word' id='word_1_17' title='bbox 1405 595 1558 653; x_wconf 88' lang='lat' dir='ltr'>enim</span> <span class='ocrx_word' id='word_1_18' title='bbox 1601 612 1778 670; x_wconf 89' lang='lat' dir='ltr'>quam</span> <span class='ocrx_word' id='word_1_19' title='bbox 1822 595 1980 669; x_wconf 91' lang='lat' dir='ltr'>quod</span> <span class='ocrx_word' id='word_1_20' title='bbox 2023 614 2094 654; x_wconf 90' lang='lat' dir='ltr'>ea</span> <span class='ocrx_word' id='word_1_21' title='bbox 2134 595 2363 653; x_wconf 81' lang='lat' dir='ltr'>ratione</span> <span class='ocrx_word' id='word_1_22' title='bbox 2405 595 2653 654; x_wconf 90' lang='lat' dir='ltr'>nimium</span> 
     </span>
     <span class='ocr_line' id='line_1_4' title="bbox 396 698 2653 782; baseline -0 -19"><span class='ocrx_word' id='word_1_23' title='bbox 396 712 757 765; x_wconf 84' lang='lat' dir='ltr'>excresceret</span> <span class='ocrx_word' id='word_1_24' title='bbox 818 723 965 782; x_wconf 90' lang='lat' dir='ltr'>opus</span> <span class='ocrx_word' id='word_1_25' title='bbox 978 747 996 776; x_wconf 94' lang='lat'>,</span> <span class='ocrx_word' id='word_1_26' title='bbox 1055 705 1325 762; x_wconf 87' lang='lat' dir='ltr'>taedebat</span> <span class='ocrx_word' id='word_1_27' title='bbox 1384 722 1492 762; x_wconf 89' lang='lat' dir='ltr'>nos</span> <span class='ocrx_word' id='word_1_28' title='bbox 1545 723 1788 781; x_wconf 86' lang='lat' dir='ltr'>operam</span> <span class='ocrx_word' id='word_1_29' title='bbox 1853 705 2096 782; x_wconf 79' lang='lat' dir='ltr'>perdere</span> <span class='ocrx_word' id='word_1_30' title='bbox 2144 705 2207 762; x_wconf 90' lang='lat' dir='ltr'>in</span> <span class='ocrx_word' id='word_1_31' title='bbox 2262 698 2653 780; x_wconf 80' lang='lat' dir='ltr'>congerendis</span> 
     </span>
     <span class='ocr_line' id='line_1_5' title="bbox 395 811 2653 889; baseline -0 -16"><span class='ocrx_word' id='word_1_32' title='bbox 395 817 603 873; x_wconf 90' lang='lat' dir='ltr'>erratis</span> <span class='ocrx_word' id='word_1_33' title='bbox 645 815 792 872; x_wconf 89' lang='lat' dir='ltr'><strong>nihil</strong></span> <span class='ocrx_word' id='word_1_34' title='bbox 833 832 1112 889; x_wconf 88' lang='lat' dir='ltr'>umquam</span> <span class='ocrx_word' id='word_1_35' title='bbox 1153 811 1499 888; x_wconf 79' lang='lat' dir='ltr'>profuturis.</span> <span class='ocrx_word' id='word_1_36' title='bbox 1559 812 1694 872; x_wconf 89' lang='lat' dir='ltr'>Hac</span> <span class='ocrx_word' id='word_1_37' title='bbox 1735 813 1911 872; x_wconf 86' lang='lat' dir='ltr'>etiam</span> <span class='ocrx_word' id='word_1_38' title='bbox 1954 815 2029 871; x_wconf 89' lang='lat' dir='ltr'>de</span> <span class='ocrx_word' id='word_1_39' title='bbox 2073 832 2253 872; x_wconf 88' lang='lat' dir='ltr'>causa</span> <span class='ocrx_word' id='word_1_40' title='bbox 2294 815 2510 874; x_wconf 88' lang='lat' dir='ltr'>missas</span> <span class='ocrx_word' id='word_1_41' title='bbox 2553 815 2653 873; x_wconf 84' lang='lat' dir='ltr'>fa-</span> 
     </span>
     <span class='ocr_line' id='line_1_6' title="bbox 397 917 2657 1000; baseline -0 -17"><span class='ocrx_word' id='word_1_42' title='bbox 397 944 526 983; x_wconf 87' lang='lat' dir='ltr'>cere</span> <span class='ocrx_word' id='word_1_43' title='bbox 578 924 943 983; x_wconf 79' lang='lat' dir='ltr'>decrevimus</span> <span class='ocrx_word' id='word_1_44' title='bbox 986 922 1300 981; x_wconf 86' lang='lat' dir='ltr'>nonnullas</span> <span class='ocrx_word' id='word_1_45' title='bbox 1343 923 1641 995; x_wconf 88' lang='lat' dir='ltr'>minutias,</span> <span class='ocrx_word' id='word_1_46' title='bbox 1700 941 1851 998; x_wconf 89' lang='lat' dir='ltr'>quae</span> <span class='ocrx_word' id='word_1_47' title='bbox 1895 917 2333 998; x_wconf 83' lang='lat' dir='ltr'>quomodolibet</span> <span class='ocrx_word' id='word_1_48' title='bbox 2371 924 2657 1000; x_wconf 88' lang='lat' dir='ltr'>legantur</span> 
     </span>
     <span class='ocr_line' id='line_1_7' title="bbox 399 1031 2657 1109; baseline 0 -18"><span class='ocrx_word' id='word_1_49' title='bbox 399 1034 571 1092; x_wconf 87' lang='lat' dir='ltr'>nauci</span> <span class='ocrx_word' id='word_1_50' title='bbox 597 1051 714 1093; x_wconf 88' lang='lat' dir='ltr'>non</span> <span class='ocrx_word' id='word_1_51' title='bbox 742 1033 997 1091; x_wconf 87' lang='lat' dir='ltr'>interest.</span> <span class='ocrx_word' id='word_1_52' title='bbox 1041 1031 1383 1091; x_wconf 80' lang='lat' dir='ltr'>Cuiusmodi</span> <span class='ocrx_word' id='word_1_53' title='bbox 1422 1052 1495 1091; x_wconf 89' lang='lat' dir='ltr'>ea</span> <span class='ocrx_word' id='word_1_54' title='bbox 1536 1051 1667 1091; x_wconf 86' lang='lat' dir='ltr'>esse</span> <span class='ocrx_word' id='word_1_55' title='bbox 1706 1033 1983 1091; x_wconf 88' lang='lat' dir='ltr'>videntur</span> <span class='ocrx_word' id='word_1_56' title='bbox 2021 1032 2154 1092; x_wconf 89' lang='lat' dir='ltr'>loca</span> <span class='ocrx_word' id='word_1_57' title='bbox 2194 1050 2314 1091; x_wconf 91' lang='lat' dir='ltr'>non</span> <span class='ocrx_word' id='word_1_58' title='bbox 2341 1051 2554 1109; x_wconf 88' lang='lat' dir='ltr'>pauca,</span> <span class='ocrx_word' id='word_1_59' title='bbox 2586 1033 2657 1091; x_wconf 89' lang='lat' dir='ltr'>in</span> 
     </span>
     <span class='ocr_line' id='line_1_8' title="bbox 399 1141 2653 1218; baseline 0 -18"><span class='ocrx_word' id='word_1_60' title='bbox 399 1142 611 1218; x_wconf 87' lang='lat' dir='ltr'>quibus</span> <span class='ocrx_word' id='word_1_61' title='bbox 654 1143 884 1201; x_wconf 79' lang='lat' dir='ltr'>diverso</span> <span class='ocrx_word' id='word_1_62' title='bbox 928 1143 1042 1200; x_wconf 89' lang='lat' dir='ltr'>situ</span> <span class='ocrx_word' id='word_1_63' title='bbox 1086 1143 1361 1201; x_wconf 87' lang='lat' dir='ltr'>ordineve</span> <span class='ocrx_word' id='word_1_64' title='bbox 1406 1142 1681 1200; x_wconf 86' lang='lat' dir='ltr'>orationis</span> <span class='ocrx_word' id='word_1_65' title='bbox 1726 1143 2015 1202; x_wconf 88' lang='lat' dir='ltr'>vocabula</span> <span class='ocrx_word' id='word_1_66' title='bbox 2035 1151 2392 1201; x_wconf 80' lang='lat' dir='ltr'>occurrunt.</span> <span class='ocrx_word' id='word_1_67' title='bbox 2440 1141 2653 1215; x_wconf 79' lang='lat' dir='ltr'>Quae-</span> 
     </span>
     <span class='ocr_line' id='line_1_9' title="bbox 400 1250 2656 1328; baseline 0.001 -20"><span class='ocrx_word' id='word_1_68' title='bbox 400 1252 537 1308; x_wconf 89' lang='lat' dir='ltr'>dam</span> <span class='ocrx_word' id='word_1_69' title='bbox 579 1258 773 1310; x_wconf 84' lang='lat' dir='ltr'>tamen</span> <span class='ocrx_word' id='word_1_70' title='bbox 815 1250 988 1310; x_wconf 85' lang='lat' dir='ltr'>huius</span> <span class='ocrx_word' id='word_1_71' title='bbox 1030 1252 1258 1328; x_wconf 88' lang='lat' dir='ltr'>generis</span> <span class='ocrx_word' id='word_1_72' title='bbox 1300 1251 1724 1323; x_wconf 76' lang='lat' dir='ltr'>transtulimuS,</span> <span class='ocrx_word' id='word_1_73' title='bbox 1769 1253 2254 1328; x_wconf 78' lang='lat' dir='ltr'>quotiescumque</span> <span class='ocrx_word' id='word_1_74' title='bbox 2284 1252 2508 1310; x_wconf 83' lang='lat' dir='ltr'>scilicet</span> <span class='ocrx_word' id='word_1_75' title='bbox 2536 1272 2656 1311; x_wconf 90' lang='lat' dir='ltr'>vo-</span> 
     </span>
     <span class='ocr_line' id='line_1_10' title="bbox 398 1360 2659 1437; baseline 0 -18"><span class='ocrx_word' id='word_1_76' title='bbox 398 1380 532 1419; x_wconf 92' lang='lat' dir='ltr'>cum</span> <span class='ocrx_word' id='word_1_77' title='bbox 596 1361 902 1419; x_wconf 84' lang='lat' dir='ltr'>collocatio</span> <span class='ocrx_word' id='word_1_78' title='bbox 963 1361 1025 1419; x_wconf 90' lang='lat' dir='ltr'>in</span> <span class='ocrx_word' id='word_1_79' title='bbox 1080 1379 1191 1418; x_wconf 90' lang='lat' dir='ltr'>ms.</span> <span class='ocrx_word' id='word_1_80' title='bbox 1250 1360 1567 1437; x_wconf 86' lang='lat' dir='ltr'>exemplari</span> <span class='ocrx_word' id='word_1_81' title='bbox 1621 1361 2037 1436; x_wconf 86' lang='lat' dir='ltr'>elegantiorem</span> <span class='ocrx_word' id='word_1_82' title='bbox 2104 1361 2659 1435; x_wconf 84' lang='lat' dir='ltr'>concinnioremque</span> 
     </span>
     <span class='ocr_line' id='line_1_11' title="bbox 397 1469 2656 1546; baseline 0 -18"><span class='ocrx_word' id='word_1_83' title='bbox 397 1470 703 1546; x_wconf 88' lang='lat' dir='ltr'>periodum</span> <span class='ocrx_word' id='word_1_84' title='bbox 744 1469 938 1527; x_wconf 85' lang='lat' dir='ltr'>facere</span> <span class='ocrx_word' id='word_1_85' title='bbox 979 1470 1238 1545; x_wconf 85' lang='lat' dir='ltr'>magisve</span> <span class='ocrx_word' id='word_1_86' title='bbox 1277 1471 1644 1546; x_wconf 84' lang='lat' dir='ltr'>perspicuam</span> <span class='ocrx_word' id='word_1_87' title='bbox 1688 1472 2031 1529; x_wconf 87' lang='lat' dir='ltr'>sententiam</span> <span class='ocrx_word' id='word_1_88' title='bbox 2084 1471 2329 1528; x_wconf 90' lang='lat' dir='ltr'>reddere</span> <span class='ocrx_word' id='word_1_89' title='bbox 2371 1469 2502 1528; x_wconf 87' lang='lat' dir='ltr'>visa</span> <span class='ocrx_word' id='word_1_90' title='bbox 2537 1489 2656 1528; x_wconf 89' lang='lat' dir='ltr'>no-</span> 
     </span>
     <span class='ocr_line' id='line_1_12' title="bbox 399 1578 2653 1656; baseline 0.001 -21"><span class='ocrx_word' id='word_1_91' title='bbox 399 1578 487 1635; x_wconf 84' lang='lat' dir='ltr'>bis</span> <span class='ocrx_word' id='word_1_92' title='bbox 529 1578 660 1649; x_wconf 80' lang='lat' dir='ltr'>fuit,</span> <span class='ocrx_word' id='word_1_93' title='bbox 704 1578 965 1636; x_wconf 84' lang='lat' dir='ltr'>adhibita</span> <span class='ocrx_word' id='word_1_94' title='bbox 1003 1578 1065 1635; x_wconf 93' lang='lat' dir='ltr'>in</span> <span class='ocrx_word' id='word_1_95' title='bbox 1109 1578 1412 1637; x_wconf 89' lang='lat' dir='ltr'>consilium</span> <span class='ocrx_word' id='word_1_96' title='bbox 1438 1579 1733 1637; x_wconf 86' lang='lat' dir='ltr'>iudicandi</span> <span class='ocrx_word' id='word_1_97' title='bbox 1773 1579 2105 1638; x_wconf 59' lang='lat' dir='ltr'>facultate?</span> <span class='ocrx_word' id='word_1_98' title='bbox 2147 1578 2306 1637; x_wconf 89' lang='lat' dir='ltr'>Hinc</span> <span class='ocrx_word' id='word_1_99' title='bbox 2331 1579 2481 1637; x_wconf 89' lang='lat' dir='ltr'>nihil</span> <span class='ocrx_word' id='word_1_100' title='bbox 2508 1587 2653 1656; x_wconf 84' lang='lat' dir='ltr'>pot-</span> 
     </span>
     <span class='ocr_line' id='line_1_13' title="bbox 400 1688 2658 1763; baseline -0 -16"><span class='ocrx_word' id='word_1_101' title='bbox 400 1696 494 1747; x_wconf 88' lang='lat' dir='ltr'>est</span> <span class='ocrx_word' id='word_1_102' title='bbox 548 1688 752 1747; x_wconf 90' lang='lat' dir='ltr'>coniici</span> <span class='ocrx_word' id='word_1_103' title='bbox 804 1707 880 1746; x_wconf 86' lang='lat' dir='ltr'>ex</span> <span class='ocrx_word' id='word_1_104' title='bbox 934 1688 1164 1746; x_wconf 89' lang='lat' dir='ltr'>silentio</span> <span class='ocrx_word' id='word_1_105' title='bbox 1222 1689 1322 1745; x_wconf 91' lang='lat' dir='ltr'>vel</span> <span class='ocrx_word' id='word_1_106' title='bbox 1364 1688 1713 1747; x_wconf 86' lang='lat' dir='ltr'>collatorum</span> <span class='ocrx_word' id='word_1_107' title='bbox 1771 1689 1870 1746; x_wconf 90' lang='lat' dir='ltr'>vel</span> <span class='ocrx_word' id='word_1_108' title='bbox 1921 1688 2093 1747; x_wconf 90' lang='lat' dir='ltr'>huius</span> <span class='ocrx_word' id='word_1_109' title='bbox 2137 1688 2433 1761; x_wconf 85' lang='lat' dir='ltr'>editionis,</span> <span class='ocrx_word' id='word_1_110' title='bbox 2494 1689 2658 1763; x_wconf 86' lang='lat' dir='ltr'>quod</span> 
     </span>
     <span class='ocr_line' id='line_1_14' title="bbox 401 1797 2656 1873; baseline 0 -17"><span class='ocrx_word' id='word_1_111' title='bbox 401 1800 681 1856; x_wconf 88' lang='lat' dir='ltr'>damnum</span> <span class='ocrx_word' id='word_1_112' title='bbox 745 1798 1114 1871; x_wconf 88' lang='lat' dir='ltr'>aliquatenus</span> <span class='ocrx_word' id='word_1_113' title='bbox 1176 1816 1245 1856; x_wconf 88' lang='lat' dir='ltr'>eo</span> <span class='ocrx_word' id='word_1_114' title='bbox 1310 1799 1591 1870; x_wconf 87' lang='lat' dir='ltr'>sarcitur,</span> <span class='ocrx_word' id='word_1_115' title='bbox 1658 1798 1817 1872; x_wconf 91' lang='lat' dir='ltr'>quod</span> <span class='ocrx_word' id='word_1_116' title='bbox 1870 1816 2003 1856; x_wconf 92' lang='lat' dir='ltr'>cum</span> <span class='ocrx_word' id='word_1_117' title='bbox 2059 1797 2351 1855; x_wconf 86' lang='lat' dir='ltr'>Toletano</span> <span class='ocrx_word' id='word_1_118' title='bbox 2405 1816 2656 1873; x_wconf 90' lang='lat' dir='ltr'>prorsus</span> 
     </span>
     <span class='ocr_line' id='line_1_15' title="bbox 402 1906 2656 1984; baseline -0.001 -18"><span class='ocrx_word' id='word_1_119' title='bbox 402 1908 697 1984; x_wconf 88' lang='lat' dir='ltr'>conspirat</span> <span class='ocrx_word' id='word_1_120' title='bbox 735 1907 1082 1963; x_wconf 87' lang='lat' dir='ltr'>Parisiensis</span> <span class='ocrx_word' id='word_1_121' title='bbox 1127 1906 1185 1977; x_wconf 87' lang='lat' dir='ltr'>d,</span> <span class='ocrx_word' id='word_1_122' title='bbox 1229 1907 1289 1962; x_wconf 90' lang='lat' dir='ltr'>id</span> <span class='ocrx_word' id='word_1_123' title='bbox 1337 1908 1496 1980; x_wconf 89' lang='lat' dir='ltr'>quod</span> <span class='ocrx_word' id='word_1_124' title='bbox 1539 1907 1692 1964; x_wconf 79' lang='lat' dir='ltr'>infra</span> <span class='ocrx_word' id='word_1_125' title='bbox 1732 1908 2002 1983; x_wconf 88' lang='lat' dir='ltr'>pluribus</span> <span class='ocrx_word' id='word_1_126' title='bbox 2047 1925 2356 1984; x_wconf 88' lang='lat' dir='ltr'>exponam.</span> <span class='ocrx_word' id='word_1_127' title='bbox 2410 1907 2656 1966; x_wconf 76' lang='lat' dir='ltr'>Utram-</span> 
     </span>
     <span class='ocr_line' id='line_1_16' title="bbox 401 2013 2654 2094; baseline 0 -21"><span class='ocrx_word' id='word_1_128' title='bbox 401 2035 517 2092; x_wconf 91' lang='lat' dir='ltr'>que</span> <span class='ocrx_word' id='word_1_129' title='bbox 569 2032 710 2073; x_wconf 89' lang='lat' dir='ltr'>vero</span> <span class='ocrx_word' id='word_1_130' title='bbox 763 2013 1132 2072; x_wconf 86' lang='lat' dir='ltr'>collationem</span> <span class='ocrx_word' id='word_1_131' title='bbox 1145 2056 1163 2085; x_wconf 93' lang='lat'>,</span> <span class='ocrx_word' id='word_1_132' title='bbox 1221 2023 1280 2072; x_wconf 89' lang='lat' dir='ltr'>et</span> <span class='ocrx_word' id='word_1_133' title='bbox 1329 2015 1582 2073; x_wconf 84' lang='lat' dir='ltr'>Pintiani</span> <span class='ocrx_word' id='word_1_134' title='bbox 1638 2024 1699 2073; x_wconf 92' lang='lat' dir='ltr'>et</span> <span class='ocrx_word' id='word_1_135' title='bbox 1735 2019 2142 2094; x_wconf 84' lang='lat' dir='ltr'>presbyterum</span> <span class='ocrx_word' id='word_1_136' title='bbox 2205 2016 2654 2087; x_wconf 88' lang='lat' dir='ltr'>Toletanorum,</span> 
     </span>
     <span class='ocr_line' id='line_1_17' title="bbox 399 2123 2653 2200; baseline 0 -17"><span class='ocrx_word' id='word_1_137' title='bbox 399 2126 485 2183; x_wconf 87' lang='lat' dir='ltr'>ita</span> <span class='ocrx_word' id='word_1_138' title='bbox 512 2123 970 2199; x_wconf 87' lang='lat' dir='ltr'>coniungendam</span> <span class='ocrx_word' id='word_1_139' title='bbox 996 2123 1221 2199; x_wconf 88' lang='lat' dir='ltr'>putavi,</span> <span class='ocrx_word' id='word_1_140' title='bbox 1267 2130 1333 2180; x_wconf 90' lang='lat' dir='ltr'>ut</span> <span class='ocrx_word' id='word_1_141' title='bbox 1375 2123 1483 2181; x_wconf 91' lang='lat' dir='ltr'>ubi</span> <span class='ocrx_word' id='word_1_142' title='bbox 1522 2124 1583 2181; x_wconf 90' lang='lat' dir='ltr'>in</span> <span class='ocrx_word' id='word_1_143' title='bbox 1626 2130 1878 2200; x_wconf 84' lang='lat' dir='ltr'>utraque</span> <span class='ocrx_word' id='word_1_144' title='bbox 1918 2126 2074 2183; x_wconf 89' lang='lat' dir='ltr'>idem</span> <span class='ocrx_word' id='word_1_145' title='bbox 2115 2124 2432 2182; x_wconf 81' lang='lat' dir='ltr'>referretur</span> <span class='ocrx_word' id='word_1_146' title='bbox 2473 2125 2569 2182; x_wconf 88' lang='lat' dir='ltr'>vel</span> <span class='ocrx_word' id='word_1_147' title='bbox 2599 2125 2653 2183; x_wconf 88' lang='lat' dir='ltr'>si</span> 
     </span>
     <span class='ocr_line' id='line_1_18' title="bbox 403 2230 2648 2310; baseline -0 -17"><span class='ocrx_word' id='word_1_148' title='bbox 403 2235 615 2293; x_wconf 85' lang='lat' dir='ltr'>diversi</span> <span class='ocrx_word' id='word_1_149' title='bbox 655 2233 768 2291; x_wconf 90' lang='lat' dir='ltr'>loci</span> <span class='ocrx_word' id='word_1_150' title='bbox 808 2230 1066 2289; x_wconf 88' lang='lat' dir='ltr'>Pliniani</span> <span class='ocrx_word' id='word_1_151' title='bbox 1113 2232 1174 2290; x_wconf 89' lang='lat' dir='ltr'>in</span> <span class='ocrx_word' id='word_1_152' title='bbox 1218 2233 1501 2290; x_wconf 85' lang='lat' dir='ltr'>alterutra</span> <span class='ocrx_word' id='word_1_153' title='bbox 1543 2235 1802 2310; x_wconf 86' lang='lat' dir='ltr'>excerpti</span> <span class='ocrx_word' id='word_1_154' title='bbox 1840 2234 2242 2293; x_wconf 86' lang='lat' dir='ltr'>invenirentur</span> <span class='ocrx_word' id='word_1_155' title='bbox 2255 2276 2274 2305; x_wconf 90' lang='lat'>,</span> <span class='ocrx_word' id='word_1_156' title='bbox 2319 2236 2501 2293; x_wconf 86' lang='lat' dir='ltr'>verba</span> <span class='ocrx_word' id='word_1_157' title='bbox 2543 2253 2648 2292; x_wconf 92' lang='lat' dir='ltr'>co-</span> 
     </span>
     <span class='ocr_line' id='line_1_19' title="bbox 402 2341 2653 2416; baseline -0 -14"><span class='ocrx_word' id='word_1_158' title='bbox 402 2344 566 2415; x_wconf 88' lang='lat' dir='ltr'>dicis,</span> <span class='ocrx_word' id='word_1_159' title='bbox 611 2343 702 2400; x_wconf 87' lang='lat' dir='ltr'>uti</span> <span class='ocrx_word' id='word_1_160' title='bbox 744 2348 849 2400; x_wconf 86' lang='lat' dir='ltr'>aut</span> <span class='ocrx_word' id='word_1_161' title='bbox 888 2341 963 2398; x_wconf 86' lang='lat' dir='ltr'>ab</span> <span class='ocrx_word' id='word_1_162' title='bbox 1006 2343 1268 2416; x_wconf 89' lang='lat' dir='ltr'>utrisque</span> <span class='ocrx_word' id='word_1_163' title='bbox 1311 2352 1415 2401; x_wconf 90' lang='lat' dir='ltr'>aut</span> <span class='ocrx_word' id='word_1_164' title='bbox 1454 2343 1531 2401; x_wconf 91' lang='lat' dir='ltr'>ab</span> <span class='ocrx_word' id='word_1_165' title='bbox 1574 2345 1859 2402; x_wconf 88' lang='lat' dir='ltr'>alterutro</span> <span class='ocrx_word' id='word_1_166' title='bbox 1902 2345 2055 2402; x_wconf 83' lang='lat' dir='ltr'>lecta</span> <span class='ocrx_word' id='word_1_167' title='bbox 2098 2352 2313 2415; x_wconf 85' lang='lat' dir='ltr'>essent,</span> <span class='ocrx_word' id='word_1_168' title='bbox 2370 2343 2653 2401; x_wconf 88' lang='lat' dir='ltr'>transcri-</span> 
     </span>
     <span class='ocr_line' id='line_1_20' title="bbox 403 2451 2653 2530; baseline -0 -18"><span class='ocrx_word' id='word_1_169' title='bbox 403 2457 627 2526; x_wconf 81' lang='lat' dir='ltr'>berem3</span> <span class='ocrx_word' id='word_1_170' title='bbox 671 2452 842 2510; x_wconf 82' lang='lat' dir='ltr'>aliter</span> <span class='ocrx_word' id='word_1_171' title='bbox 893 2470 990 2510; x_wconf 90' lang='lat' dir='ltr'>res</span> <span class='ocrx_word' id='word_1_172' title='bbox 1032 2453 1146 2510; x_wconf 80' lang='lat' dir='ltr'>fuit</span> <span class='ocrx_word' id='word_1_173' title='bbox 1184 2454 1244 2510; x_wconf 91' lang='lat' dir='ltr'>in</span> <span class='ocrx_word' id='word_1_174' title='bbox 1286 2454 1487 2530; x_wconf 88' lang='lat' dir='ltr'>paucis</span> <span class='ocrx_word' id='word_1_175' title='bbox 1528 2454 1643 2511; x_wconf 89' lang='lat' dir='ltr'>illis</span> <span class='ocrx_word' id='word_1_176' title='bbox 1685 2453 1828 2512; x_wconf 91' lang='lat' dir='ltr'>locis</span> <span class='ocrx_word' id='word_1_177' title='bbox 1842 2496 1860 2525; x_wconf 94' lang='lat'>,</span> <span class='ocrx_word' id='word_1_178' title='bbox 1919 2455 2022 2511; x_wconf 91' lang='lat' dir='ltr'>ubi</span> <span class='ocrx_word' id='word_1_179' title='bbox 2049 2451 2297 2529; x_wconf 67' lang='lat' dir='ltr'>&#39;utrique</span> <span class='ocrx_word' id='word_1_180' title='bbox 2341 2453 2653 2512; x_wconf 88' lang='lat' dir='ltr'>collatores</span> 
     </span>
     <span class='ocr_line' id='line_1_21' title="bbox 405 2561 2655 2639; baseline -0 -18"><span class='ocrx_word' id='word_1_181' title='bbox 405 2564 638 2622; x_wconf 88' lang='lat' dir='ltr'>diversa</span> <span class='ocrx_word' id='word_1_182' title='bbox 678 2563 1069 2639; x_wconf 78' lang='lat' dir='ltr'>protulerunt.</span> <span class='ocrx_word' id='word_1_183' title='bbox 1115 2561 1278 2620; x_wconf 89' lang='lat' dir='ltr'>Tum</span> <span class='ocrx_word' id='word_1_184' title='bbox 1319 2563 1403 2620; x_wconf 83' lang='lat' dir='ltr'>ita</span> <span class='ocrx_word' id='word_1_185' title='bbox 1429 2580 1604 2638; x_wconf 90' lang='lat' dir='ltr'>agere</span> <span class='ocrx_word' id='word_1_186' title='bbox 1635 2563 1917 2639; x_wconf 86' lang='lat' dir='ltr'>optimum</span> <span class='ocrx_word' id='word_1_187' title='bbox 1947 2564 2275 2635; x_wconf 86' lang='lat' dir='ltr'>videbatur,</span> <span class='ocrx_word' id='word_1_188' title='bbox 2306 2571 2375 2621; x_wconf 92' lang='lat' dir='ltr'>ut</span> <span class='ocrx_word' id='word_1_189' title='bbox 2401 2563 2655 2639; x_wconf 87' lang='lat' dir='ltr'>scriptu-</span> 
     </span>
     <span class='ocr_line' id='line_1_22' title="bbox 405 2669 2657 2749; baseline -0.001 -17"><span class='ocrx_word' id='word_1_190' title='bbox 405 2692 506 2732; x_wconf 85' lang='lat' dir='ltr'>rae</span> <span class='ocrx_word' id='word_1_191' title='bbox 544 2670 781 2745; x_wconf 90' lang='lat' dir='ltr'>qualem</span> <span class='ocrx_word' id='word_1_192' title='bbox 825 2690 955 2728; x_wconf 91' lang='lat' dir='ltr'>eam</span> <span class='ocrx_word' id='word_1_193' title='bbox 996 2669 1302 2729; x_wconf 88' lang='lat' dir='ltr'>Pintianus</span> <span class='ocrx_word' id='word_1_194' title='bbox 1330 2672 1557 2747; x_wconf 89' lang='lat' dir='ltr'>legerat</span> <span class='ocrx_word' id='word_1_195' title='bbox 1583 2672 1789 2748; x_wconf 89' lang='lat' dir='ltr'>siglam</span> <span class='ocrx_word' id='word_1_196' title='bbox 1827 2691 2178 2749; x_wconf 90' lang='lat' dir='ltr'>apponerem</span> <span class='ocrx_word' id='word_1_197' title='bbox 2210 2672 2265 2729; x_wconf 91' lang='lat' dir='ltr'>T</span> <span class='ocrx_word' id='word_1_198' title='bbox 2284 2674 2319 2743; x_wconf 89' lang='lat'>¹,</span> <span class='ocrx_word' id='word_1_199' title='bbox 2350 2673 2657 2730; x_wconf 87' lang='lat' dir='ltr'>recentiori</span> 
     </span>
     <span class='ocr_line' id='line_1_23' title="bbox 404 2779 2655 2859; baseline -0.001 -18"><span class='ocrx_word' id='word_1_200' title='bbox 404 2780 731 2841; x_wconf 86' lang='lat' dir='ltr'>testimonio</span> <span class='ocrx_word' id='word_1_201' title='bbox 772 2779 980 2856; x_wconf 87' lang='lat' dir='ltr'>siglam</span> <span class='ocrx_word' id='word_1_202' title='bbox 1009 2780 1117 2837; x_wconf 84' lang='lat' dir='ltr'>T2.</span> <span class='ocrx_word' id='word_1_203' title='bbox 1168 2780 1249 2836; x_wconf 90' lang='lat' dir='ltr'>Et</span> <span class='ocrx_word' id='word_1_204' title='bbox 1289 2788 1379 2838; x_wconf 88' lang='lat' dir='ltr'>est</span> <span class='ocrx_word' id='word_1_205' title='bbox 1408 2782 1640 2855; x_wconf 87' lang='lat' dir='ltr'>quidem</span> <span class='ocrx_word' id='word_1_206' title='bbox 1671 2782 1855 2840; x_wconf 86' lang='lat' dir='ltr'>codex</span> <span class='ocrx_word' id='word_1_207' title='bbox 1882 2783 2229 2853; x_wconf 85' lang='lat' dir='ltr'>Toletanus,</span> <span class='ocrx_word' id='word_1_208' title='bbox 2260 2782 2532 2859; x_wconf 75' lang='lat' dir='ltr'>scriptuS,</span> <span class='ocrx_word' id='word_1_209' title='bbox 2564 2783 2655 2839; x_wconf 87' lang='lat' dir='ltr'>uti</span> 
     </span>
     <span class='ocr_line' id='line_1_24' title="bbox 405 2889 2654 2968; baseline 0 -19"><span class='ocrx_word' id='word_1_210' title='bbox 405 2890 735 2968; x_wconf 85' lang='lat' dir='ltr'>presbyteri</span> <span class='ocrx_word' id='word_1_211' title='bbox 760 2890 849 2948; x_wconf 92' lang='lat' dir='ltr'>illi</span> <span class='ocrx_word' id='word_1_212' title='bbox 875 2894 1128 2960; x_wconf 88' lang='lat' dir='ltr'>censent,</span> <span class='ocrx_word' id='word_1_213' title='bbox 1158 2889 1310 2946; x_wconf 84' lang='lat' dir='ltr'>inter</span> <span class='ocrx_word' id='word_1_214' title='bbox 1337 2907 1489 2947; x_wconf 78' lang='lat' dir='ltr'>saec.</span> <span class='ocrx_word' id='word_1_215' title='bbox 1518 2890 1907 2962; x_wconf 82' lang='grc' dir='ltr'><strong>ΧΙ-ΧΠῙ.,</strong></span> <span class='ocrx_word' id='word_1_216' title='bbox 1938 2910 2089 2949; x_wconf 91' lang='lat' dir='ltr'>unus</span> <span class='ocrx_word' id='word_1_217' title='bbox 2112 2910 2145 2948; x_wconf 88' lang='lat' dir='ltr'>e</span> <span class='ocrx_word' id='word_1_218' title='bbox 2168 2891 2528 2962; x_wconf 76' lang='lat' dir='ltr'>melioribuS,</span> <span class='ocrx_word' id='word_1_219' title='bbox 2559 2901 2654 2949; x_wconf 91' lang='lat' dir='ltr'>to-</span> 
     </span>
     <span class='ocr_line' id='line_1_25' title="bbox 405 2998 2654 3077; baseline -0 -18"><span class='ocrx_word' id='word_1_220' title='bbox 405 3009 502 3059; x_wconf 87' lang='lat' dir='ltr'>tus</span> <span class='ocrx_word' id='word_1_221' title='bbox 539 3000 691 3071; x_wconf 83' lang='lat' dir='ltr'>fere,</span> <span class='ocrx_word' id='word_1_222' title='bbox 740 2999 898 3076; x_wconf 90' lang='lat' dir='ltr'>quod</span> <span class='ocrx_word' id='word_1_223' title='bbox 935 2998 1109 3057; x_wconf 88' lang='lat' dir='ltr'>iidem</span> <span class='ocrx_word' id='word_1_224' title='bbox 1149 2999 1258 3056; x_wconf 90' lang='lat' dir='ltr'>viri</span> <span class='ocrx_word' id='word_1_225' title='bbox 1298 3000 1452 3057; x_wconf 83' lang='lat' dir='ltr'>docti</span> <span class='ocrx_word' id='word_1_226' title='bbox 1486 2999 1931 3072; x_wconf 89' lang='lat' dir='ltr'>intellexerunt,</span> <span class='ocrx_word' id='word_1_227' title='bbox 1976 3001 2311 3077; x_wconf 88' lang='lat' dir='ltr'>conspirans</span> <span class='ocrx_word' id='word_1_228' title='bbox 2352 3020 2486 3059; x_wconf 89' lang='lat' dir='ltr'>cum</span> <span class='ocrx_word' id='word_1_229' title='bbox 2527 3002 2654 3058; x_wconf 87' lang='lat' dir='ltr'>Pa-</span> 
     </span>
     <span class='ocr_line' id='line_1_26' title="bbox 404 3109 2651 3184; baseline -0.001 -14"><span class='ocrx_word' id='word_1_230' title='bbox 404 3111 633 3170; x_wconf 87' lang='lat' dir='ltr'>risiensi</span> <span class='ocrx_word' id='word_1_231' title='bbox 660 3110 719 3180; x_wconf 91' lang='lat' dir='ltr'>d,</span> <span class='ocrx_word' id='word_1_232' title='bbox 749 3110 904 3167; x_wconf 89' lang='lat' dir='ltr'>unde</span> <span class='ocrx_word' id='word_1_233' title='bbox 933 3128 1083 3184; x_wconf 86' lang='lat' dir='ltr'>quae</span> <span class='ocrx_word' id='word_1_234' title='bbox 1112 3110 1184 3168; x_wconf 91' lang='lat' dir='ltr'>de</span> <span class='ocrx_word' id='word_1_235' title='bbox 1214 3110 1528 3168; x_wconf 86' lang='lat' dir='ltr'>virtutibus</span> <span class='ocrx_word' id='word_1_236' title='bbox 1557 3119 1616 3167; x_wconf 89' lang='lat' dir='ltr'>et</span> <span class='ocrx_word' id='word_1_237' title='bbox 1642 3110 1800 3169; x_wconf 87' lang='lat' dir='ltr'>vitiis</span> <span class='ocrx_word' id='word_1_238' title='bbox 1829 3111 2002 3168; x_wconf 91' lang='lat' dir='ltr'>huius</span> <span class='ocrx_word' id='word_1_239' title='bbox 2031 3111 2169 3169; x_wconf 90' lang='lat' dir='ltr'>libri</span> <span class='ocrx_word' id='word_1_240' title='bbox 2190 3109 2343 3168; x_wconf 81' lang='lat' dir='ltr'>infra</span> <span class='ocrx_word' id='word_1_241' title='bbox 2364 3111 2651 3181; x_wconf 86' lang='lat' dir='ltr'>dicentur,</span> 
     </span>
     <span class='ocr_line' id='line_1_27' title="bbox 405 3219 2653 3296; baseline -0.001 -18"><span class='ocrx_word' id='word_1_242' title='bbox 405 3221 686 3296; x_wconf 86' lang='lat' dir='ltr'>pleraque</span> <span class='ocrx_word' id='word_1_243' title='bbox 710 3235 715 3236; x_wconf 48' lang='lat'><em>⁷</em></span> <span class='ocrx_word' id='word_1_244' title='bbox 736 3220 931 3276; x_wconf 88' lang='lat' dir='ltr'>omnia</span> <span class='ocrx_word' id='word_1_245' title='bbox 978 3221 1037 3278; x_wconf 92' lang='lat' dir='ltr'>in</span> <span class='ocrx_word' id='word_1_246' title='bbox 1077 3220 1431 3277; x_wconf 85' lang='lat' dir='ltr'>Toletanum</span> <span class='ocrx_word' id='word_1_247' title='bbox 1476 3220 1710 3277; x_wconf 89' lang='lat' dir='ltr'>cadunt.</span> <span class='ocrx_word' id='word_1_248' title='bbox 1762 3219 1895 3277; x_wconf 90' lang='lat' dir='ltr'>Hoc</span> <span class='ocrx_word' id='word_1_249' title='bbox 1929 3228 2127 3277; x_wconf 86' lang='lat' dir='ltr'>tamen</span> <span class='ocrx_word' id='word_1_250' title='bbox 2164 3220 2294 3277; x_wconf 91' lang='lat' dir='ltr'>loco</span> <span class='ocrx_word' id='word_1_251' title='bbox 2333 3220 2482 3277; x_wconf 78' lang='lat' dir='ltr'>istud</span> <span class='ocrx_word' id='word_1_252' title='bbox 2520 3219 2653 3276; x_wconf 87' lang='lat' dir='ltr'>ani-</span> 
     </span>
     <span class='ocr_line' id='line_1_28' title="bbox 406 3327 2656 3405; baseline -0 -19"><span class='ocrx_word' id='word_1_253' title='bbox 406 3328 890 3387; x_wconf 89' lang='lat' dir='ltr'>madvertendum</span> <span class='ocrx_word' id='word_1_254' title='bbox 920 3334 1028 3400; x_wconf 88' lang='lat' dir='ltr'>est,</span> <span class='ocrx_word' id='word_1_255' title='bbox 1061 3328 1217 3387; x_wconf 90' lang='lat' dir='ltr'>hunc</span> <span class='ocrx_word' id='word_1_256' title='bbox 1246 3346 1480 3403; x_wconf 91' lang='lat' dir='ltr'>quoque</span> <span class='ocrx_word' id='word_1_257' title='bbox 1512 3329 1764 3386; x_wconf 90' lang='lat' dir='ltr'>codicem</span> <span class='ocrx_word' id='word_1_258' title='bbox 1793 3329 2167 3405; x_wconf 87' lang='lat' dir='ltr'>desumptum</span> <span class='ocrx_word' id='word_1_259' title='bbox 2197 3346 2324 3386; x_wconf 88' lang='lat' dir='ltr'>esse</span> <span class='ocrx_word' id='word_1_260' title='bbox 2356 3347 2431 3386; x_wconf 86' lang='lat' dir='ltr'>ex</span> <span class='ocrx_word' id='word_1_261' title='bbox 2452 3327 2656 3385; x_wconf 89' lang='lat' dir='ltr'>arche·</span> 
     </span>
     <span class='ocr_line' id='line_1_29' title="bbox 406 3432 2655 3515; baseline 0 -23"><span class='ocrx_word' id='word_1_262' title='bbox 406 3445 548 3515; x_wconf 83' lang='lat' dir='ltr'>typo</span> <span class='ocrx_word' id='word_1_263' title='bbox 586 3435 799 3493; x_wconf 87' lang='lat' dir='ltr'>litteris</span> <span class='ocrx_word' id='word_1_264' title='bbox 843 3436 1168 3494; x_wconf 82' lang='lat' dir='ltr'>uncialibus</span> <span class='ocrx_word' id='word_1_265' title='bbox 1206 3444 1467 3507; x_wconf 85' lang='lat' dir='ltr'>exarat0,</span> <span class='ocrx_word' id='word_1_266' title='bbox 1512 3438 1669 3510; x_wconf 90' lang='lat' dir='ltr'>quod</span> <span class='ocrx_word' id='word_1_267' title='bbox 1695 3438 1849 3496; x_wconf 87' lang='lat' dir='ltr'>inter</span> <span class='ocrx_word' id='word_1_268' title='bbox 1877 3438 1996 3495; x_wconf 88' lang='lat' dir='ltr'>alia</span> <span class='ocrx_word' id='word_1_269' title='bbox 2022 3440 2274 3515; x_wconf 89' lang='lat' dir='ltr'>probant</span> <span class='ocrx_word' id='word_1_270' title='bbox 2302 3434 2363 3510; x_wconf 88' lang='lat'>3,</span> <span class='ocrx_word' id='word_1_271' title='bbox 2395 3432 2520 3509; x_wconf 89' lang='lat'>30.,</span> <span class='ocrx_word' id='word_1_272' title='bbox 2551 3438 2655 3495; x_wconf 91' lang='lat' dir='ltr'>ubi</span> 
     </span>
     <span class='ocr_line' id='line_1_30' title="bbox 406 3540 2657 3623; baseline -0 -19"><span class='ocrx_word' id='word_1_273' title='bbox 406 3566 516 3623; x_wconf 90' lang='lat' dir='ltr'>pro</span> <span class='ocrx_word' id='word_1_274' title='bbox 546 3549 853 3622; x_wconf 77' lang='lat' dir='ltr'>imperator</span> <span class='ocrx_word' id='word_1_275' title='bbox 879 3544 1057 3602; x_wconf 85' lang='lat' dir='ltr'>habet</span> <span class='ocrx_word' id='word_1_276' title='bbox 1077 3563 1280 3620; x_wconf 81' lang='lat' dir='ltr'>nuper,</span> <span class='ocrx_word' id='word_1_277' title='bbox 1303 3552 1362 3602; x_wconf 90' lang='lat' dir='ltr'>et</span> <span class='ocrx_word' id='word_1_278' title='bbox 1386 3540 1445 3615; x_wconf 89' lang='grc'>6,</span> <span class='ocrx_word' id='word_1_279' title='bbox 1471 3541 1570 3604; x_wconf 87' lang='lat'>79.</span> <span class='ocrx_word' id='word_1_280' title='bbox 1578 3588 1596 3616; x_wconf 92' lang='lat'>,</span> <span class='ocrx_word' id='word_1_281' title='bbox 1619 3547 1720 3605; x_wconf 91' lang='lat' dir='ltr'>ubi</span> <span class='ocrx_word' id='word_1_282' title='bbox 1741 3566 1849 3623; x_wconf 93' lang='lat' dir='ltr'>pro</span> <span class='ocrx_word' id='word_1_283' title='bbox 1871 3558 1972 3606; x_wconf 81' lang='lat' dir='ltr'>aut</span> <span class='ocrx_word' id='word_1_284' title='bbox 1991 3550 2171 3606; x_wconf 86' lang='lat' dir='ltr'>habet</span> <span class='ocrx_word' id='word_1_285' title='bbox 2195 3551 2309 3607; x_wconf 84' lang='lat' dir='ltr'>avi.</span> <span class='ocrx_word' id='word_1_286' title='bbox 2339 3548 2657 3604; x_wconf 83' lang='lat' dir='ltr'>Praeterea</span> 
     </span>
     <span class='ocr_line' id='line_1_31' title="bbox 409 3655 2657 3734; baseline -0.002 -18"><span class='ocrx_word' id='word_1_287' title='bbox 409 3657 554 3716; x_wconf 86' lang='lat' dir='ltr'>vitia</span> <span class='ocrx_word' id='word_1_288' title='bbox 590 3656 769 3714; x_wconf 83' lang='lat' dir='ltr'>habet</span> <span class='ocrx_word' id='word_1_289' title='bbox 807 3674 947 3714; x_wconf 86' lang='lat' dir='ltr'>suae</span> <span class='ocrx_word' id='word_1_290' title='bbox 984 3655 1162 3712; x_wconf 84' lang='lat' dir='ltr'>aetati</span> <span class='ocrx_word' id='word_1_291' title='bbox 1200 3655 1528 3712; x_wconf 87' lang='lat' dir='ltr'>communia</span> <span class='ocrx_word' id='word_1_292' title='bbox 1539 3698 1557 3726; x_wconf 92' lang='lat'>,</span> <span class='ocrx_word' id='word_1_293' title='bbox 1596 3663 1852 3715; x_wconf 89' lang='lat' dir='ltr'>ceterum</span> <span class='ocrx_word' id='word_1_294' title='bbox 1892 3658 2209 3734; x_wconf 87' lang='lat' dir='ltr'>descriptus</span> <span class='ocrx_word' id='word_1_295' title='bbox 2251 3676 2285 3714; x_wconf 91' lang='lat' dir='ltr'>e</span> <span class='ocrx_word' id='word_1_296' title='bbox 2316 3656 2479 3713; x_wconf 83' lang='lat' dir='ltr'>libro</span> <span class='ocrx_word' id='word_1_297' title='bbox 2520 3673 2657 3713; x_wconf 89' lang='lat' dir='ltr'>cum</span> 
     </span>
     <span class='ocr_line' id='line_1_32' title="bbox 408 3763 2656 3845; baseline -0 -22"><span class='ocrx_word' id='word_1_298' title='bbox 408 3765 701 3837; x_wconf 90' lang='lat' dir='ltr'>Leidensi,</span> <span class='ocrx_word' id='word_1_299' title='bbox 741 3766 1062 3836; x_wconf 88' lang='lat' dir='ltr'>Vossiano‚</span> <span class='ocrx_word' id='word_1_300' title='bbox 1101 3763 1505 3837; x_wconf 85' lang='lat' dir='ltr'>Riccardiano,</span> <span class='ocrx_word' id='word_1_301' title='bbox 1546 3767 1760 3825; x_wconf 89' lang='lat' dir='ltr'>nedum</span> <span class='ocrx_word' id='word_1_302' title='bbox 1799 3764 2217 3845; x_wconf 86' lang='lat' dir='ltr'>Bambergensi</span> <span class='ocrx_word' id='word_1_303' title='bbox 2255 3784 2374 3824; x_wconf 88' lang='lat' dir='ltr'>non</span> <span class='ocrx_word' id='word_1_304' title='bbox 2417 3783 2656 3840; x_wconf 88' lang='lat' dir='ltr'>compa·</span> 
     </span>
     <span class='ocr_line' id='line_1_33' title="bbox 360 3871 2657 3954; baseline -0.001 -19"><span class='ocrx_word' id='word_1_305' title='bbox 360 3891 379 3896; x_wconf 67' lang='grc'>“</span> <span class='ocrx_word' id='word_1_306' title='bbox 409 3877 595 3935; x_wconf 87' lang='lat' dir='ltr'>rando</span> <span class='ocrx_word' id='word_1_307' title='bbox 633 3884 692 3934; x_wconf 90' lang='lat' dir='ltr'>et</span> <span class='ocrx_word' id='word_1_308' title='bbox 726 3895 844 3935; x_wconf 90' lang='lat' dir='ltr'>non</span> <span class='ocrx_word' id='word_1_309' title='bbox 879 3893 998 3933; x_wconf 90' lang='lat' dir='ltr'>uno</span> <span class='ocrx_word' id='word_1_310' title='bbox 1038 3875 1169 3933; x_wconf 89' lang='lat' dir='ltr'>loco</span> <span class='ocrx_word' id='word_1_311' title='bbox 1197 3874 1613 3952; x_wconf 83' lang='lat' dir='ltr'>interpolatus3</span> <span class='ocrx_word' id='word_1_312' title='bbox 1642 3875 1725 3933; x_wconf 88' lang='lat' dir='ltr'>ita</span> <span class='ocrx_word' id='word_1_313' title='bbox 1754 3871 1858 3949; x_wconf 83' lang='lat'>32,</span> <span class='ocrx_word' id='word_1_314' title='bbox 1891 3873 1951 3936; x_wconf 90' lang='grc'>9.</span> <span class='ocrx_word' id='word_1_315' title='bbox 1979 3897 2089 3954; x_wconf 93' lang='lat' dir='ltr'>pro</span> <span class='ocrx_word' id='word_1_316' title='bbox 2118 3877 2361 3954; x_wconf 85' lang='lat' dir='ltr'>vulgato</span> <span class='ocrx_word' id='word_1_317' title='bbox 2391 3878 2657 3950; x_wconf 72' lang='lat' dir='ltr'>inpactus</span> 
     </span>
     <span class='ocr_line' id='line_1_34' title="bbox 410 3980 2657 4062; baseline -0 -19"><span class='ocrx_word' id='word_1_318' title='bbox 410 3987 590 4044; x_wconf 88' lang='lat' dir='ltr'>habet</span> <span class='ocrx_word' id='word_1_319' title='bbox 616 3988 677 4043; x_wconf 83' lang='lat' dir='ltr'>in</span> <span class='ocrx_word' id='word_1_320' title='bbox 697 3994 875 4062; x_wconf 77' lang='lat' dir='ltr'>pastu</span> <span class='ocrx_word' id='word_1_321' title='bbox 890 4009 911 4052; x_wconf 88' lang='lat'>‚-</span> <span class='ocrx_word' id='word_1_322' title='bbox 934 3980 1037 4056; x_wconf 85' lang='lat'>31,</span> <span class='ocrx_word' id='word_1_323' title='bbox 1061 3981 1166 4044; x_wconf 87' lang='lat'>47.</span> <span class='ocrx_word' id='word_1_324' title='bbox 1195 3985 1389 4061; x_wconf 87' lang='lat' dir='ltr'>inepte</span> <span class='ocrx_word' id='word_1_325' title='bbox 1417 3985 1651 4043; x_wconf 85' lang='lat' dir='ltr'>additur</span> <span class='ocrx_word' id='word_1_326' title='bbox 1678 4004 1919 4059; x_wconf 77' lang='lat' dir='ltr'>morsus,</span> <span class='ocrx_word' id='word_1_327' title='bbox 1952 4005 2101 4061; x_wconf 83' lang='lat' dir='ltr'>quae</span> <span class='ocrx_word' id='word_1_328' title='bbox 2132 4005 2251 4045; x_wconf 86' lang='lat' dir='ltr'>vox</span> <span class='ocrx_word' id='word_1_329' title='bbox 2280 4005 2313 4043; x_wconf 92' lang='lat' dir='ltr'>e</span> <span class='ocrx_word' id='word_1_330' title='bbox 2341 3984 2657 4060; x_wconf 84' lang='lat' dir='ltr'>superiori-</span> 
     </span>
     <span class='ocr_line' id='line_1_35' title="bbox 411 4091 2657 4173; baseline -0.001 -19"><span class='ocrx_word' id='word_1_331' title='bbox 411 4097 523 4154; x_wconf 88' lang='lat' dir='ltr'>bus</span> <span class='ocrx_word' id='word_1_332' title='bbox 553 4095 827 4154; x_wconf 75' lang='lat' dir='ltr'>facillime</span> <span class='ocrx_word' id='word_1_333' title='bbox 857 4095 1118 4173; x_wconf 88' lang='lat' dir='ltr'>suppleri</span> <span class='ocrx_word' id='word_1_334' title='bbox 1145 4101 1364 4171; x_wconf 81' lang='lat' dir='ltr'>potest3</span> <span class='ocrx_word' id='word_1_335' title='bbox 1396 4095 1661 4153; x_wconf 86' lang='lat' dir='ltr'>similiter</span> <span class='ocrx_word' id='word_1_336' title='bbox 1690 4091 1792 4168; x_wconf 87' lang='lat'>34,</span> <span class='ocrx_word' id='word_1_337' title='bbox 1828 4092 1928 4154; x_wconf 87' lang='lat'>99.</span> <span class='ocrx_word' id='word_1_338' title='bbox 1959 4115 2069 4173; x_wconf 89' lang='lat' dir='ltr'>pro</span> <span class='ocrx_word' id='word_1_339' title='bbox 2099 4098 2354 4167; x_wconf 78' lang='lat' dir='ltr'>trahunt,</span> <span class='ocrx_word' id='word_1_340' title='bbox 2388 4113 2522 4152; x_wconf 91' lang='lat' dir='ltr'>cum</span> <span class='ocrx_word' id='word_1_341' title='bbox 2544 4094 2657 4152; x_wconf 90' lang='lat' dir='ltr'>hoc</span> 
     </span>
     <span class='ocr_line' id='line_1_36' title="bbox 411 4204 2656 4279; baseline -0 -14"><span class='ocrx_word' id='word_1_342' title='bbox 411 4208 473 4265; x_wconf 88' lang='lat' dir='ltr'>in</span> <span class='ocrx_word' id='word_1_343' title='bbox 517 4208 752 4266; x_wconf 72' lang='lat' dir='ltr'>tradunt</span> <span class='ocrx_word' id='word_1_344' title='bbox 787 4206 1050 4279; x_wconf 85' lang='lat' dir='ltr'>abiisset,</span> <span class='ocrx_word' id='word_1_345' title='bbox 1093 4204 1421 4264; x_wconf 85' lang='lat' dir='ltr'>Toletanus</span> <span class='ocrx_word' id='word_1_346' title='bbox 1460 4223 1594 4264; x_wconf 90' lang='lat' dir='ltr'>cum</span> <span class='ocrx_word' id='word_1_347' title='bbox 1639 4205 1959 4265; x_wconf 87' lang='lat' dir='ltr'>Parisiensi</span> <span class='ocrx_word' id='word_1_348' title='bbox 1986 4207 2024 4264; x_wconf 90' lang='lat' dir='ltr'>d</span> <span class='ocrx_word' id='word_1_349' title='bbox 2053 4207 2231 4266; x_wconf 85' lang='lat' dir='ltr'>habet</span> <span class='ocrx_word' id='word_1_350' title='bbox 2257 4207 2493 4265; x_wconf 79' lang='lat' dir='ltr'>tradunt</span> <span class='ocrx_word' id='word_1_351' title='bbox 2523 4224 2656 4264; x_wconf 80' lang='lat' dir='ltr'>sen-</span> 
     </span>
    </p>
   </div>
  </div>
 </body>
</html>
