2961 4861
723 331 865 378 mn.
896 333 970 379 11.
1028 332 1185 378 CAP.
1218 331 1441 377 van.
1476 332 1730 377 vam.
1794 330 1988 377 sacr.
2019 332 2081 374 m.
2108 332 2171 375 ss.
2422 315 2537 378 171

313 494 387 548 et
442 481 706 568 rigentis
739 492 1199 565 temperantur
1251 504 1492 564 eaeque
1543 481 1725 565 ipsae
1775 481 1941 546 inter
1997 503 2066 545 se
2115 504 2243 546 non
2285 482 2543 565 perviae

311 593 585 668 propter
626 581 990 646 incendium
1034 582 1281 648 sideris.
1340 581 1442 646 Ita
1473 595 1680 646 terrae
1711 582 1827 646 tris
1854 583 2056 667 partis
2094 581 2357 646 abstulit
2397 603 2542 645 cae-

312 684 486 759 lum,
531 682 753 747 oceani
794 680 1019 764 rapina
1061 682 1128 746 in
1169 682 1412 746 incerto
1456 693 1576 747 est.
1643 679 1778 747 Sed
1821 693 1887 746 et
1927 682 2151 747 relicta
2192 680 2378 747 nobis
2420 702 2547 744 una
2577 700 2674 744 173

311 782 529 866 portio
570 782 741 847 haud
784 782 915 846 scio
959 803 1043 844 an
1087 782 1279 848 etiam
1321 782 1389 846 in
1429 783 1667 849 maiore
1710 782 1941 848 damno
1984 783 2087 860 sit,
2131 782 2303 848 idem
2347 781 2546 864 siqui-

318 882 474 947 dem
499 903 774 948 oceanus
804 881 1057 950 infusus
1084 882 1152 946 in
1179 880 1434 959 multos,
1478 893 1554 946 ut
1592 882 1897 961 dicemus,
1938 882 2115 947 sinus
2145 882 2306 946 adeo
2339 882 2548 946 vicino

310 983 593 1048 adcessu
626 982 875 1048 interna
917 982 1115 1048 maria
1155 982 1431 1046 adlatrat
1472 993 1546 1046 ut
1588 994 1843 1047 eentum
1886 983 2246 1066 quindecim
2290 983 2549 1048 milibus

309 1103 628 1167 passuum
668 1082 989 1148 Arabicus
1043 1081 1220 1146 sinus
1274 1081 1471 1147 distet
1522 1083 1602 1147 ab
1645 1083 1977 1169 Aegyptio
2019 1083 2213 1160 mari,
2271 1080 2551 1168 Caspius

305 1206 473 1248 ,vero
505 1198 846 1246 OCGLxxv
880 1180 1140 1250 milibus
1173 1205 1216 1247 a
1238 1179 1526 1247 Pontico.
1585 1182 1769 1248 Idem
1809 1182 2158 1248 interfusus
2200 1183 2394 1248 intrat
2435 1206 2551 1269 per

311 1293 418 1346 tot
454 1282 658 1346 maria
686 1281 918 1364 quibus
944 1280 1258 1359 Africam,
1301 1281 1653 1367 Europam,
1697 1281 1926 1348 Asiam
1968 1282 2300 1368 dispescit,
2344 1307 2550 1367 quan-

312 1394 458 1446 tum
503 1392 811 1447 terrarum
852 1382 1159 1467 occupat?
1219 1379 1629 1467 Conputetur
1672 1382 1864 1447 etiam
1907 1405 2078 1447 nunc
2119 1404 2417 1447 mensura
2460 1393 2555 1447 tot

311 1481 658 1547 fluminum
678 1530 697 1559 ,
752 1492 1069 1546 tantarum
1109 1482 1444 1567 paludium
1467 1530 1487 1560 ,
1546 1482 1862 1547 addantur
1914 1494 1979 1548 et
2029 1484 2207 1548 lacus
2228 1531 2248 1561 ,
2302 1494 2547 1570 stagna.

309 1582 460 1651 Iam
503 1579 679 1648 'elata
727 1582 796 1645 in
847 1583 1095 1647 caelum
1145 1593 1212 1648 et
1263 1582 1466 1651 ardua
1519 1582 1833 1666 adspectu
1886 1605 2139 1665 quoque
2188 1583 2372 1669 iuga,
2425 1582 2551 1645 iam
2582 1599 2679 1645 174

314 1684 517 1747 silvae
545 1683 873 1765 vallesque
901 1693 1289 1767 praeruptae
1334 1692 1402 1746 et
1443 1682 1818 1747 solitudines
1861 1693 1927 1746 et
1969 1682 2138 1748 mille
2183 1683 2391 1747 causis
2435 1682 2548 1745 de-

313 1794 494 1848 serta
533 1782 967 1848 detrahantur.
1031 1781 1177 1845 Hae
1222 1792 1319 1845 tot
1360 1782 1685 1866 portiones
1729 1791 1963 1859 terras,
2018 1781 2210 1845 immo
2255 1802 2435 1858 vero,
2481 1793 2555 1844 ut

311 1884 543 1968 plures
587 1882 930 1960 tradidere,
975 1882 1198 1945 mundi
1239 1891 1541 1966 punctus,
1586 1880 1827 1963 (neque
1858 1881 2026 1945 enim
2054 1880 2231 1945 aliud
2259 1891 2358 1945 est
2386 1891 2555 1948 terra

311 1982 389 2046 in
416 1980 775 2066 universo,)
816 1980 976 2046 haec
1006 1993 1106 2046 est
1132 1980 1398 2045 materia
1424 1979 1665 2068 gloriae
1693 1991 1968 2057 nostrae,
2011 1981 2170 2046 haec
2198 1981 2405 2059 sedes,
2449 1981 2555 2046 hic

312 2083 593 2152 honores
642 2081 927 2168 gerimus
942 2128 961 2158 ,
1005 2081 1111 2146 hic
1154 2101 1527 2146 exercemus
1567 2080 1847 2164 inperia,
1891 2081 1996 2146 hic
2038 2104 2193 2167 opes
2236 2082 2549 2167 cupimus,

314 2183 427 2247 hic
454 2183 914 2247 tumultuamur
940 2182 1287 2247 humanum
1313 2204 1541 2267 genus,
1570 2181 1674 2245 hic
1699 2181 2132 2247 instauramus
2160 2181 2330 2248 bella
2359 2182 2553 2250 etiam

316 2282 572 2366 civilia*
590 2282 956 2364 mutuisque
1008 2282 1312 2348 caedibus
1363 2282 1671 2347 laxiorem
1724 2282 1994 2347 facimus
2047 2295 2313 2360 terram3
2373 2293 2440 2350 et
2480 2292 2679 2346 ut175

317 2381 614 2468 publicos
641 2382 930 2470 gentium
970 2382 1219 2448 furores
1264 2392 1601 2460 transeam,
1645 2381 1804 2451 haec
1843 2382 1911 2447 in
1956 2405 2085 2466 qua
2127 2381 2554 2453 conterminos

317 2483 618 2570 pellimus
645 2484 948 2569 furtoque
983 2483 1177 2549 vicini
1217 2483 1568 2568 caespitem
1609 2492 1827 2547 nostro
1872 2484 2005 2549 solo
2048 2482 2434 2561 adfodimus,
2479 2492 2553 2548 ut

320 2584 439 2668 qui
489 2584 797 2652 latissime
850 2607 1002 2650 rura
1049 2594 1326 2652 metatus
1380 2584 1579 2653 fuerit
1629 2585 1924 2672 ultraque
1976 2584 2215 2651 famam
2263 2585 2554 2673 exegerit

323 2684 584 2751 adcolas
638 2695 834 2770 quota
902 2696 1215 2751 terrarum
1267 2695 1451 2774 parte
1504 2686 1813 2778 gaudeat,
1880 2686 1982 2753 vel
2038 2708 2185 2753 cum
2235 2686 2320 2751 ad
2372 2707 2553 2751 men-

323 2858 547 2921 eyiptios,
571 2862 633 2910 R.
674 2899 734 2907 ..
776 2857 1088 2922 CCCLXV,
1121 2864 1184 2911 T.
1231 2902 1292 2911 -.
1339 2860 1574 2924 millibus,
1610 2879 1709 2913 om.
1743 2866 1806 2915 R.
1856 2906 1917 2914 -
1955 2875 2032 2926 tot,
2067 2880 2098 2914 a
2129 2863 2391 2928 (Robert.)
2435 2874 2554 2927 tota,

322 2925 489 2974 BTd.
527 2964 590 2973 -.
629 2926 782 2975 intrat
804 2941 870 2976 ex
893 2928 1234 2992 dittographia
1264 2931 1526 2992 proximae
1556 2932 1694 2980 vocis
1718 2940 1885 2980 ortum
1908 2933 2119 2991 videtur,
2142 2947 2260 2980 cum
2283 2933 2375 2980 illo
2400 2934 2553 2981 verbo

324 2991 510 3049 deleto,
553 3006 654 3052 quo
697 2994 1009 3044 concinnitas
1050 2998 1416 3046 enunciationis
1441 3012 1647 3060 prorsus
1689 2999 1940 3057 evertitur,
1981 3005 2091 3045 tota
2122 2999 2358 3057 periodus
2390 2999 2554 3045 multo

325 3058 575 3107 concisior
597 3059 748 3108 simul
786 3069 838 3109 et
876 3063 1155 3125 elegantior
1191 3066 1442 3111 reddatur.
1496 3064 1615 3111 Vid.
1657 3060 1687 3120 ᾗ
1716 3066 1825 3111 171.
1863 3102 1927 3112 -.
1965 3062 2156 3120 Asiam,
2181 3064 2270 3111 Td
2295 3061 2555 3124 (Robert.)

323 3122 615 3188 Asiamque,
655 3127 744 3176 Ra
781 3125 951 3190 (codd.
993 3126 1199 3188 Galen.)
1240 3124 1342 3191 βγ.
1391 3169 1452 3176 -
1500 3128 1748 3192 dispescit,
1788 3129 1948 3176 B²ad
1990 3126 2161 3188 (codd.
2205 3125 2408 3187 Gelen.)
2444 3128 2557 3179 dum

324 3191 561 3255 dispertit,
585 3210 625 3243 r.
661 3194 894 3258 dispesci,
917 3195 1007 3243 ΒΛ.
1047 3236 1107 3243 -.
1145 3193 1358 3254 multum,
1381 3194 1446 3242 Κ.
1487 3233 1549 3242 ...
1585 3202 1809 3257 occupat,
1833 3210 1878 3242 a.
1925 3203 2134 3258 occupet,
2158 3190 2314 3255 Rdss.
2362 3212 2555 3259 occupe-

323 3266 417 3318 tur,
441 3259 646 3310 Robert.
675 3302 737 3309 -.
780 3262 1094 3324 Computetur,
1119 3263 1289 3311 Ra2d.
1332 3260 1619 3323 occupetur,
1645 3261 1715 3308 α’.
1754 3261 1868 3311 Om.
1893 3261 2096 3310 Robert.
2126 3302 2186 3310 ....
2207 3262 2469 3328 fluminum
2493 3271 2555 3323 et,

321 3338 370 3372 σ.
412 3364 475 3373 -.
505 3325 775 3389 paludium,
799 3327 903 3376 Ra.
970 3325 1183 3388 aludum,
1207 3330 1243 3377 d
1264 3324 1522 3389 (Robert.)
1544 3322 1645 3391 βγ.
1686 3368 1745 3375 -
1784 3326 1911 3387 lacu,
1935 3328 2024 3376 1³¹.
2062 3370 2123 3378 -
2162 3338 2357 3393 stayna,
2380 3331 2563 3380 Rada

324 3389 586 3453 (Robert.)
620 3403 668 3441 et
688 3403 877 3457 staqna,
953 3407 1003 3458 γ.

393 3460 422 3519 ς
452 3461 563 3507 174.
615 3468 726 3518 tam,
767 3461 855 3509 ΒΞ.
895 3501 956 3508 -
995 3470 1054 3522 et,
1095 3462 1156 3509 R.
1210 3478 1285 3521 ac,
1326 3463 1449 3511 ado
1484 3458 1741 3522 (Robert.)
1780 3504 1839 3510 -
1876 3464 2062 3523 causis,
2096 3465 2254 3513 Bad²
2294 3461 2557 3525 (Robert.)

323 3523 482 3584 cusi-9,
503 3526 586 3574 (1¹.
622 3527 860 3585 caucasis,
885 3529 946 3576 T.
985 3567 1046 3575 .-
1083 3528 1214 3587 Hae,
1237 3525 1631 3590 R²a(Robe1-t.)
1674 3527 1837 3589 Haec,
1871 3532 2010 3580 R¹d.
2047 3531 2164 3579 Hae
2199 3571 2260 3579 -
2309 3530 2559 3594 portiones

324 3606 429 3640 om.
454 3607 496 3639 r.
537 3632 586 3639 -
633 3600 711 3652 tot,
738 3607 838 3640 om.
863 3594 951 3641 12¹.
989 3634 1052 3642 -.
1083 3603 1306 3657 punctus,
1339 3598 1373 3645 d
1405 3595 1483 3657 (in
1514 3594 1728 3659 rasura),
1762 3598 1966 3646 Robert.
2010 3607 2197 3660 puncto,
2222 3599 2387 3646 RTa.
2424 3598 2555 3646 Vul-

324 3666 446 3720 gata
466 3658 554 3707 vix
577 3659 805 3719 ferenda3
839 3660 997 3708 immo
1030 3662 1351 3711 scribendum
1381 3665 1579 3712 videtur
1606 3673 1797 3726 puncta,
1830 3664 1947 3712 coll.
1974 3664 2149 3714 Senec.
2174 3673 2335 3712 natur.
2362 3672 2553 3724 quaest.

325 3741 554 3788 prooem.
578 3742 628 3789 p.
655 3732 770 3775 628.
796 3726 955 3776 Gron.
983 3768 1042 3775 .-
1070 3729 1213 3779 aliud
1233 3738 1315 3789 est,
1341 3731 1473 3778 Rad
1499 3727 1754 3790 (Robert.)
1791 3739 1867 3780 est
1890 3730 2040 3789 aliud,
2062 3725 2164 3793 βγ.
2193 3769 2254 3777 .-
2280 3744 2351 3788 se,
2374 3731 2463 3779 R¹.
2492 3770 2553 3777 -

322 3794 767 3858 yerimus‚'R²a²d.
805 3793 1034 3857 reqimus,
1060 3797 1231 3845 R¹a¹.
1270 3796 1547 3858 quaerimus
1586 3798 1651 3848 K.
1692 3837 1751 3845 -.
1791 3795 2163 3854 tumultuamur,
2199 3790 2428 3845 moad.
2478 3805 2554 3846 tu-

325 3859 631 3923 multum-um,
663 3863 750 3910 R'.
799 3858 1131 3922 tumultuatur,
1163 3864 1368 3912 Robert.
1400 3859 1458 3924 β.
1510 3906 1570 3913 ..
1617 3865 1976 3922 instauramur,
2000 3864 2097 3911 3¹.
2151 3902 2210 3909 -
2256 3871 2315 3922 et,
2341 3865 2410 3912 a‘.
2436 3863 2551 3915 Om.

325 3927 532 3976 Robert.
573 3968 635 3976 .-.
672 3929 919 3991 utuisque,
945 3928 1035 3976 1³¹.

392 3992 424 4051 ξ
453 3998 564 4043 175.
600 3996 837 4043 contemni
868 4010 969 4056 nos,
1002 4009 1052 4058 p.
1103 4036 1162 4042 -
1192 3996 1429 4059 fur-oque,
1461 3997 1550 4044 R1.
1594 4035 1653 4042 -
1689 3997 1839 4054 caeni,
1864 3996 1953 4046 R¹.
1994 4036 2054 4043 .-
2092 3996 2381 4060 adsedimus,
2406 3999 2552 4048 Rad.

325 4059 552 4120 ordimur,
576 4076 645 4124 pr
668 4058 794 4122 (duo
818 4064 960 4112 codd.
985 4063 1179 4121 Leidd„
1194 4063 1344 4120 Fox.,
1368 4060 1552 4110 Venet.
1577 4063 1642 4110 D.
1668 4058 1908 4122 Antonii)
1934 4064 2153 4122 R-obert„
2179 4066 2311 4126 quod
2333 4064 2554 4115 defendit

327 4125 546 4176 Gronov.
573 4128 706 4178 obss.
736 4132 780 4189 1,
806 4136 852 4178 4.
891 4169 952 4178 ....
990 4137 1038 4179 et
1063 4137 1118 4176 ut
1142 4129 1266 4191 quis,
1290 4129 1353 4177 Κ.
1395 4169 1454 4176 ...
1493 4137 1702 4187 metatus,
1727 4129 1902 4177 mad.
1939 4127 2198 4192 mechatus,
2221 4144 2272 4195 p.
2298 4142 2552 4192 mereatur,

326 4207 371 4240 σ.
410 4204 576 4254 metus,
601 4195 689 4243 ΒΛ.
731 4236 790 4243 .-
813 4197 1025 4258 samam,
1052 4189 1385 4259 R'roadop
1410 4194 1582 4257 (codd.
1609 4195 1846 4253 Gronov„
1876 4196 2106 4258 aubert.)
2125 4200 2276 4262 fiaes,
2298 4193 2398 4262 βγ.
