2961 4861
774 322 913 368 ms.
947 322 1040 369 vr.
1102 321 1257 368 oAP.
1288 321 1494 369 xxm.
1525 321 1724 370 xx1v.
1780 319 1975 370 sacr.
2006 321 2186 365 26-28.
2460 304 2586 370 441

344 472 721 557 incipiente,
780 482 999 537 nostro
1053 470 1410 549 decembri,
1470 481 1585 535 aut
1638 469 1861 555 utique
1914 468 2228 536 Mechiris
2271 471 2591 559 Aegyptii

346 572 516 636 intra
557 572 728 637 diem
773 582 1046 649 sextum,
1093 570 1267 655 quod
1307 569 1382 634 fit
1421 569 1592 634 intra
1629 569 1776 636 idus
1805 569 2138 635 Ianuarias
2166 582 2453 647 nostras;
2496 571 2592 636 ita

346 671 560 737 evenit
608 682 687 737 ut
739 672 966 737 eodem
1016 692 1187 746 ¹anno
1243 681 1558 749 remeent..
1623 669 1956 759 Navigant
2007 682 2224 736 autem
2283 693 2363 736 ex
2404 671 2595 736 India

344 782 535 837 vento
587 772 882 837 volturno
936 781 1030 848 et,
1092 793 1239 834 cum
1292 769 1616 835 intravere
1658 771 1929 836 rubrum
1971 794 2167 850 mare,
2210 770 2445 837 Africo
2487 772 2596 837 vel

344 882 584 937 austro.
627 871 817 937 Nunc
859 881 1257 937 revertemur
1300 870 1384 934 ad
1400 927 1407 938 ,
1424 870 1848 956 propositum.

430 972 533 1036 27.
604 968 984 1036 Carmaniae
1042 993 1219 1036 oram
1275 979 1500 1055 patere
1556 969 1949 1036 duodeciens
2006 981 2276 1037 centena
2335 996 2375 1036 L
2426 995 2478 1038 u
2523 993 2590 1059 p.
2622 988 2718 1036 107

343 1070 676 1137 Nearchus
741 1071 1016 1157 scripsit.
1102 1070 1214 1135 Ab
1275 1070 1458 1135 initio
1525 1070 1663 1134 eius
1726 1071 1811 1134 ad
1872 1069 2110 1136 flumen
2176 1069 2401 1139 Sabim
2464 1095 2502 1138 c
2543 1096 2596 1139 u

342 1195 682 1258 passuum3
727 1174 880 1238 inde
923 1173 1146 1238 vineas
1192 1172 1312 1237 coli
1359 1182 1423 1236 et
1465 1194 1620 1235 arva
1662 1172 1747 1235 ad
1786 1170 2026 1236 flumen
2055 1172 2342 1239 Ananim
2374 1197 2516 1240 xxv
2544 1198 2596 1241 Μ

345 1275 574 1359 spatio·
625 1273 833 1362 Regio
876 1283 1141 1339 vocatur
1181 1270 1516 1336 Armuzia.
1564 1269 1828 1357 Oppida
1873 1269 2270 1339 Carmaniae·
2305 1273 2485 1340 Zetis
2531 1285 2598 1341 et

344 1375 763 1441 Alexandria.

429 1476 531 1541 28.
597 1476 918 1562 Inrumpit
975 1475 1211 1540 deinde
1267 1485 1333 1539 et
1386 1475 1456 1539 in
1511 1474 1633 1539 hac
1683 1485 1866 1558 parte
1920 1474 2252 1563 geminum
2301 1499 2476 1542 mare
2528 1477 2598 1542 in

348 1587 605 1655 terram,
654 1578 826 1661 quod
853 1576 1118 1643 rubrum
1148 1576 1372 1639 dixere
1412 1574 1637 1651 nostri,
1685 1571 1921 1640 Graeci
1962 1575 2316 1660 Erythrum
2360 1600 2400 1640 a
2440 1600 2596 1665 rege

344 1675 657 1761 Erythra,
718 1688 861 1754 aut,
916 1688 989 1742 ut
1031 1676 1170 1753 alii,
1226 1675 1376 1739 solis
1424 1696 1813 1760 repercussu
1868 1676 2060 1741 talem
2111 1677 2295 1741 reddi
2348 1677 2594 1743 existu-

343 1787 592 1842 mantes
660 1777 936 1843 colorem
951 1824 970 1854 ,
1043 1776 1153 1841 alii
1225 1775 1307 1840 ab
1363 1769 1602 1840 harena
1660 1784 1957 1860 terraque
1975 1823 1993 1854 ,
2054 1776 2162 1840 alii
2222 1777 2334 1841 tali
2392 1800 2598 1862 aquae

343 1878 550 1963 ipsius
594 1900 634 1942 a
673 1888 923 1942 natura.

427 1977 696 2043 XXIV.
765 1977 900 2045 Sed
950 1979 1019 2043 in
1074 1977 1236 2042 duos
1292 1975 1601 2042 dividitur
1655 1977 1852 2042 sinus.
1926 1975 1997 2042 Is
2047 1977 2161 2063 qui
2215 1977 2297 2044 ab
2350 1978 2595 2046 oriente
2625 1996 2721 2042 los

347 2089 446 2143 est
487 2078 792 2145 Persicus
835 2079 1224 2163 appellatur,
1268 2083 1407 2137 κ’ῑῖ
1447 2099 1499 2141 u
1540 2100 1603 2163 p.
1651 2078 1953 2156 circuitu,
2013 2088 2088 2143 ut
2127 2078 2588 2147 Eratosthenes

353 2178 567 2243 tradit.
610 2178 718 2243 Ex
747 2178 1019 2243 adverso
1050 2189 1148 2243 est
1175 2177 1439 2254 Arabia,
1487 2178 1668 2241 cuius
1707 2182 1801 2238 iffi.
1826 2197 1870 2237 u
1905 2200 2213 2263 passuum
2238 2180 2597 2266 longitudo.

349 2278 603 2344 Rursus
645 2281 848 2344 altero
891 2279 1168 2344 ambitur
1212 2278 1356 2343 sinu
1398 2279 1684 2344 Arabico
1726 2280 2071 2344 nominat0.
2118 2277 2455 2346 Oceanum
2485 2283 2599 2365 qui

342 2379 553 2447 influit
612 2381 940 2446 Azanium
997 2379 1341 2467 appellant.
1414 2377 1753 2446 Persicum
1799 2380 2065 2446 introitu
2116 2403 2163 2446 v
2205 2381 2335 2447 mil.
2382 2405 2448 2468 p.
2499 2383 2598 2448 la-

350 2482 672 2561 titudinis,
730 2481 838 2547 alii
878 2505 949 2548 1v
992 2482 1305 2546 fecerunt.
1369 2478 1482 2545 Ab
1540 2502 1615 2544 eo
1658 2480 1743 2544 ad
1785 2481 2101 2544 intumum
2155 2481 2366 2546 sinum
2417 2493 2598 2548 recto

345 2604 537 2647 cursu
578 2586 656 2642 Ξῖ.
683 2602 806 2642 xxv
829 2602 875 2641 m
916 2582 1379 2668 propemodum
1431 2591 1680 2647 constat
1735 2602 1875 2646 esse
1935 2591 1999 2645 et
2051 2582 2243 2646 situm
2290 2583 2429 2648 eius
2471 2584 2596 2649 hu-

349 2683 522 2748 mani
567 2683 796 2770 capitis
851 2684 1088 2772 effigie.
1148 2680 1550 2749 Onesicritus
1595 2692 1661 2748 et
1700 2681 2032 2748 Nearchus
2076 2683 2159 2749 ab
2201 2682 2366 2749 Indo
2409 2708 2596 2753 amne
2625 2701 2721 2747 109

343 2857 536 2920 scriptt.
562 2856 716 2905 Alex.
739 2857 812 2905 M.
836 2871 886 2919 p.
915 2862 1028 2906 138.
1064 2895 1127 2903 -
1166 2853 1351 2916 Sabim,
1376 2855 1449 2903 ita
1470 2870 1567 2904 nos
1592 2855 1896 2917 scripsimus.
1934 2854 2127 2917 Sabini,
2151 2856 2258 2906 Rd.
2296 2857 2464 2921 Sabin,
2487 2856 2532 2920 β
2539 2875 2592 2926 γ.

346 2962 409 2972 .-.
434 2922 648 2983 venias-S,
680 2923 743 2970 Β.
782 2962 843 2970 .-
881 2920 1111 2981 Ananim,
1144 2922 1310 2971 RTd.
1363 2920 1577 2980 Ananin,
1610 2914 1652 2967 θ
1676 2919 1847 2981 (codd.
1883 2922 2098 2972 Salmas.
2125 2938 2288 2972 exerc.
2314 2941 2363 2987 p.
2402 2933 2518 2976 832.
2543 2943 2592 2977 a.

344 2987 436 3052 G.)
471 2986 729 3042 Andanin,
760 2983 864 3050 βγ.
903 3028 966 3036 -.
1001 2986 1236 3045 Armisia,
1269 2988 1334 3035 R.
1378 2985 1628 3049 Armysia,
1653 2988 1758 3035 Td.
1797 3026 1860 3034 -
1899 2986 2055 3048 Zetis,
2082 2990 2188 3038 Rd.
2244 2989 2418 3051 Gothis,
2445 2995 2591 3043 codd.

342 3057 555 3106 Barbari
587 3059 651 3105 ad
683 3056 807 3104 Mel.
842 3056 938 3104 ΠΙ.
974 3061 1021 3112 8,
1048 3061 1094 3103 4.
1149 3053 1335 3114 Cher-is,
1360 3055 1527 3102 codex
1547 3054 1682 3102 Pint.
1707 3055 1774 3102 ad
1795 3056 2027 3103 eundem.
2082 3053 2272 3116 Zetlzis‚
2294 3052 2401 3121 βγ.
2436 3099 2500 3108 ...
2539 3061 2592 3110 in

342 3132 536 3183 terram,
561 3117 783 3172 ΒθΤᾱ.
839 3122 890 3171 in
914 3131 1088 3181 terras,
1111 3136 1151 3169 r.
1206 3128 1381 3180 terras,
1406 3114 1512 3184 βγ.
1548 3160 1612 3169 -.
1657 3119 1913 3180 Graecum,
1938 3121 2028 3170 R'.
2091 3120 2323 3183 Graecia,
2354 3124 2487 3174 R‘ob.
2526 3166 2591 3176 .-

343 3189 708 3258 metrumne
734 3187 920 3251 (Rob.)
944 3185 1290 3254 Erythraeum,
1313 3182 1356 3248 β
1366 3201 1415 3250 γ.
1442 3227 1505 3235 -
1532 3195 1588 3235 ut
1609 3185 1719 3249 alii,
1744 3191 1777 3237 d
1803 3184 1989 3249 (Rob.)
2026 3186 2156 3248 aliis,
2180 3190 2243 3238 Β.
2281 3190 2592 3255 corruptum

342 3258 480 3307 hunc
510 3258 684 3307 locum
709 3271 818 3307 esse
852 3259 1002 3306 docet
1035 3263 1268 3304 contorta
1299 3255 1614 3316 singularum
1648 3256 2054 3304 enuntiationum
2084 3256 2340 3307 iunctura:
2384 3267 2474 3307 aut
2508 3257 2591 3321 (ut

342 3324 471 3387 alii).
507 3326 742 3387 Vestigia
765 3324 953 3372 codicis
978 3324 1026 3372 Β
1049 3337 1280 3384 sequeus,
1314 3322 1367 3369 in
1390 3322 1573 3384 quibus
1597 3322 1989 3385 dittographiam
2015 3338 2081 3372 ex
2102 3324 2282 3374 litteris
2306 3326 2592 3377 uncialibus

345 3401 510 3440 ortam
534 3392 701 3441 videre
724 3392 858 3450 licet,
891 3391 1115 3440 Plinium
1143 3390 1399 3452 scripsisse
1423 3396 1549 3450 puto
1575 3397 1662 3437 aut
1683 3387 1824 3438 solis.
1879 3388 2044 3440 Series
2068 3393 2429 3442 sententiarum
2454 3394 2589 3442 scili-

342 3466 423 3509 cet
446 3459 572 3507 haec
596 3466 694 3508 est:
730 3458 911 3509 Graeci
945 3458 1117 3507 dixere
1140 3472 1281 3506 mare
1302 3457 1582 3518 Erythrum
1605 3464 1689 3505 aut
1711 3455 1799 3517 (de
1822 3472 1923 3519 qua
1945 3458 2194 3520 particula
2217 3461 2375 3508 semel
2399 3461 2590 3510 omissa

341 3540 390 3573 v.
417 3531 498 3585 34,
528 3523 666 3586 125.)
701 3541 732 3574 a
762 3540 881 3587 rege
904 3525 1142 3589 Erythra,
1177 3532 1266 3573 aut
1298 3524 1646 3573 existimantes
1679 3524 1803 3573 solis
1833 3539 2181 3586 repercussum
2204 3526 2343 3575 hunc
2366 3527 2588 3576 colorem

340 3591 565 3652 efficere3
602 3593 689 3640 alii
722 3593 960 3641 dixerunt
989 3606 1129 3641 mare
1151 3591 1431 3653 Erythrum
1454 3592 1519 3640 ab
1544 3591 1748 3640 harena.
1783 3589 1920 3639 Aliis
1951 3592 2003 3640 in
2026 3592 2076 3640 Β
2098 3600 2332 3654 prostans
2356 3594 2488 3642 nihil
2511 3602 2589 3643 est

340 3659 439 3707 nisi
462 3656 635 3708 ALII
650 3674 745 3723 pro
777 3657 890 3708 AU
892 3659 942 3708 T
964 3673 1030 3708 ex
1064 3658 1410 3720 dittographia
1443 3668 1626 3717 ortum,
1662 3659 1832 3707 addita
1853 3658 2022 3708 littera
2045 3674 2071 3706 ε
2097 3674 2161 3707 ex
2186 3661 2414 3721 sequenti
2442 3674 2586 3719 voce,

339 3739 492 3774 voces
517 3734 687 3775 autem
711 3735 766 3774 ut
789 3724 891 3774 alii
912 3733 1029 3775 sunt
1052 3726 1224 3787 glossa
1255 3725 1549 3787 marginalis
1583 3740 1675 3787 pro
1700 3725 1776 3774 vel
1798 3723 1905 3785 alii,
1937 3740 2040 3787 qua
2060 3726 2275 3775 varietas
2309 3727 2587 3789 scripturae

337 3806 433 3857 pro
460 3801 548 3843 aut
569 3793 899 3842 indicabatur.
927 3833 990 3842 ,-
1015 3810 1049 3842 a
1070 3791 1230 3842 colore
1253 3792 1368 3842 solis
1391 3808 1489 3855 rep.
1518 3791 1661 3841 talem
1685 3791 2031 3850 existimantes,
2055 3793 2189 3841 Pint.
2212 3832 2275 3840 -
2301 3792 2583 3843 existiman-

343 3869 412 3909 tes
433 3859 646 3920 colorem,
672 3861 778 3909 Rd.
815 3858 1022 3909 colorem
1045 3859 1395 3917 existimantes,
1422 3860 1554 3908 Rob.
1578 3853 1681 3921 βγ.
1718 3898 1781 3907 ..-
1821 3876 1869 3917 α,
1894 3850 2051 3907 Rea.
2090 3858 2268 3908 Omitt.
2292 3861 2421 3910 Rob.
2446 3855 2549 3925 βγ.

408 3925 437 3986 ξ
466 3933 578 3977 108.
615 3927 679 3976 ab
715 3926 971 3987 exoriente,
1003 3921 1120 3977 Βθ.
1158 3965 1221 3974 ....
1256 3926 1612 3975 Eratosthenes
1641 3940 1694 3988 p.
1723 3930 1835 3975 102.
1870 3926 1946 3973 ed.
1970 3925 2161 3974 Bernh.
2195 3966 2260 3975 -.
2304 3926 2437 3988 XV,
2469 3921 2582 3978 ΒΘ.

337 3993 483 4053 XII,
514 3989 615 4057 βγ.
671 3993 848 4043 Omitt.
893 3995 941 4043 d.
977 4033 1042 4042 -
1086 3991 1346 4055 lonyitudo,
1381 3994 1489 4043 Rd.
1542 3999 1614 4041 est
1646 3990 1909 4056 lonqitudo,
1940 3986 2040 4055 βγ.
2087 4032 2151 4041 ....
2197 3993 2492 4054 nominatur,
2517 3995 2582 4045 Β.

405 4059 472 4110 od
494 4060 783 4120 nominatur,
808 4062 855 4109 d.
894 4100 957 4109 .-.
1002 4058 1302 4121 Ananiam,
1324 4061 1389 4110 Β.
1426 4099 1491 4107 .-
1534 4058 1751 4120 introitu,
1775 4061 1840 4109 Β.
1885 4057 2146 4120 introitum,
2171 4055 2315 4124 ᾶβγ.
2350 4100 2415 4111 .-.
2467 4061 2583 4113 Vet

386 4128 444 4189 V,
465 4142 704 4178 numeros
729 4135 989 4190 corruptos
1013 4127 1133 4176 dicit
1153 4127 1325 4185 Kfflb„
1361 4140 1478 4176 cum
1504 4126 1709 4176 denario
1733 4126 1896 4176 maius
1929 4127 1995 4177 sit
2026 4126 2261 4189 spatium.
2299 4168 2363 4178 .-
2398 4128 2583 4178 initium

339 4193 518 4256 sinum,
550 4196 615 4245 Β.
653 4194 834 4244 initium
855 4193 1009 4254 sinus,
1034 4196 1139 4244 Td.
1166 4232 1228 4242 .-.
1264 4208 1451 4254 cursus,
1476 4194 1542 4243 Β.
1569 4233 1634 4243 -.
1668 4192 1869 4260 effigies,
1893 4195 1998 4244 Rd.
2036 4193 2273 4245 Ceterum
2295 4197 2425 4247 haec
2445 4197 2579 4247 Plin-

340 4263 557 4326 sumpsit
588 4276 655 4312 ex
686 4262 828 4312 Mela
860 4262 957 4313 111.
994 4267 1041 4324 8,
1066 4267 1134 4325 2.,
1158 4274 1225 4311 ex
1247 4260 1419 4311 Plinio
1452 4260 1614 4314 Solin.
1641 4265 1723 4323 54,
1751 4267 1829 4312 12.
1855 4270 1906 4312 et
1927 4261 2162 4312 Martian.
2188 4267 2235 4324 6,
2261 4267 2376 4314 699.
