2961 4861
839 905 946 1008 C.
1021 905 1367 1008 PLINI
1443 903 2015 1008 SECUNDI

404 1131 1420 1252 -NATURALIS
1497 1131 2424 1252 HISTORIAE
2535 1215 2540 1218 -

1221 1345 1518 1419 LIBER
1571 1344 1661 1418 ΙΙ.

405 1701 581 1767 CAP.
607 1701 661 1767 Ι.
706 1701 919 1768 ΒΕΟΤ.
948 1705 1007 1767 l.
1039 1668 1395 1771 Mundum
1424 1712 1492 1767 et
1518 1701 1659 1780 hoc,
1685 1702 2133 1786 quodcumque
2161 1703 2416 1769 nomine
2446 1703 2570 1770 alio
2595 1712 2626 1774 ὃ
2667 1719 2690 1763 1

306 1805 572 1870 caelum
601 1803 926 1889 appellare
954 1803 1163 1881 libuit,
1210 1802 1392 1867 cuius
1437 1801 1855 1867 circumflexu
1885 1803 2130 1890 degunt
2161 1814 2411 1882 cuncta,
2448 1827 2570 1871 nu-

310 1926 474 1967 men
506 1924 647 1967 esse
677 1901 851 1966 credi
881 1925 1000 1990 par
1030 1913 1148 1981 est,
1197 1912 1550 1981 aeternum,
1598 1902 1976 1981 inmensum,
2022 1925 2231 1987 neque
2258 1905 2570 1991 genitum,

312 2025 538 2087 neque
567 2002 973 2067 interiturum
995 2015 1319 2088 umquam.
1365 2003 1587 2068 Huius
1624 2014 1845 2068 extera
1879 2003 2188 2092 indagare
2218 2029 2340 2072 nec
2373 2006 2572 2073 inter-

206 2175 215 2183 ,
310 2117 427 2173 est
452 2105 802 2183 hominum,
832 2127 955 2170 nec
985 2105 1157 2192 capit
1183 2105 1502 2170 humanae
1532 2106 1896 2172 coniectura
1925 2107 2176 2173 mentis.
2222 2104 2422 2173 Sacer
2452 2119 2571 2188 est,
2601 2131 2632 2175 2

316 2217 632 2272 aeternus
651 2255 671 2284 ‚
731 2205 1097 2284 inmensus,
1158 2217 1331 2272 totus
1374 2206 1441 2271 in
1488 2217 1619 2272 toto
1637 2255 1655 2285 ‚
1714 2206 1908 2274 immo
1950 2232 2103 2275 vero
2145 2209 2286 2295 ipse
2332 2219 2533 2275 totum
2551 2235 2570 2287 3

316 2307 613 2372 infinitus
665 2329 741 2371 ac
791 2306 970 2372 finito
1025 2306 1250 2373 similis
1275 2355 1293 2385 ‚
1354 2308 1639 2373 omnium
1692 2330 1908 2374 rerum
1962 2320 2173 2375 certus
2229 2321 2295 2374 et
2351 2309 2573 2374 similis

318 2409 602 2488 incerto,
648 2420 830 2474 extra
847 2458 865 2487 ‚
910 2408 1079 2474 intra
1125 2419 1357 2475 cuncta
1401 2409 1751 2495 conplexus
1793 2408 1861 2474 in
1906 2432 1976 2474 se
2018 2410 2319 2496 idemque
2362 2433 2578 2476 rerum

320 2522 596 2575 naturae
651 2531 816 2596 opus
875 2519 941 2575 et
997 2533 1213 2574 rerum
1268 2509 1410 2596 ipsa
1451 2519 1702 2574 natura.
1791 2508 2002 2576 Furor
2057 2521 2156 2576 est
2210 2533 2577 2577 mensuram
2605 2533 2636 2577 s

324 2613 472 2677 eius
516 2610 728 2676 animo
772 2610 1081 2695 quosdam
1125 2612 1405 2697 agitasse
1450 2620 1643 2695 atque
1671 2610 1944 2697 prodere
1974 2634 2185 2691 ausos,
2231 2613 2389 2679 alios
2432 2635 2578 2678 rur-

326 2734 443 2780 sus
484 2712 815 2778 occasione
858 2712 1007 2777 hinc
1048 2723 1307 2798 sumpta
1351 2721 1465 2776 aut
1506 2712 1606 2777 his
1651 2713 1804 2777 data
1845 2712 2328 2784 innumerabilis
2374 2715 2577 2780 tradi-

327 2815 508 2879 disse
549 2814 844 2893 mundos‚
890 2825 965 2878 ut
1008 2814 1275 2881 totidem
1318 2837 1537 2879 rerum
1578 2826 1839 2880 naturas
1886 2815 2061 2881 credi
2091 2827 2416 2902 oporteret
2443 2827 2575 2896 aut,

330 2917 391 2981 si
443 2939 573 2980 una
629 2937 851 2980 omnes
907 2914 1316 2994 incubarent,
1379 2916 1643 2982 totidem
1698 2926 1910 2981 tamen
1964 2917 2131 2981 soles
2190 2917 2582 3001 totidemque

330 3018 516 3083 lunas
559 3025 625 3081 et
652 3027 864 3082 cetera
905 3016 1098 3081 etiam
1139 3017 1206 3081 in
1248 3039 1378 3082 uno
1422 3027 1489 3081 et
1530 3016 1820 3081 inmensa
1864 3026 1929 3080 et
1970 3015 2462 3081 innumerabilia
2492 3016 2580 3080 si-

335 3119 529 3196 dera3
588 3118 776 3203 quasi
818 3142 946 3184 non
992 3118 1218 3183 eadem
1261 3116 1638 3202 quaestione
1683 3137 1937 3200 semper
1978 3114 2047 3178 in
2093 3115 2361 3180 termino
2404 3104 2582 3203 cogi-

376 3260 403 3269 -e

406 3312 492 3360 Ad
523 3311 661 3360 hunc
691 3311 876 3359 librum
910 3310 1008 3358 toti
1044 3308 1246 3357 excussi
1277 3315 1397 3356 sunt
1430 3306 1564 3355 adR
1597 3301 1652 3365 (ξ
1679 3302 1975 3367 26-248.),
2009 3306 2062 3356 Α
2085 3302 2142 3368 (5
2171 3302 2498 3367 lae-248),
2523 3309 2590 3356 ad

339 3376 371 3436 ξ
399 3380 612 3427 1-137.
636 3377 696 3437 P,
722 3375 838 3436 ad§
869 3382 1050 3426 1-46.
1076 3377 1173 3437 bg,
1200 3376 1265 3423 ad
1289 3372 1318 3433 ᾖ
1345 3378 1632 3424 242-248.
1657 3374 1705 3433 b,
1731 3371 1847 3432 αᾶξ
1877 3378 2090 3424 15-40.
2119 3380 2198 3424 56.
2229 3377 2341 3423 175.
2366 3389 2416 3436 p.

410 3442 440 3502 ᾖ
469 3448 513 3492 1.
556 3440 794 3504 Mundus,
816 3444 876 3493 P.
930 3444 1050 3493 vid.
1092 3443 1284 3492 Melam
1308 3441 1349 3489 Ι.
1380 3447 1424 3501 1,
1454 3447 1498 3491 1.
1539 3481 1601 3489 .-.
1640 3438 1988 3505 quodcumque,
2012 3441 2328 3504 STabgpr.
2365 3457 2588 3505 quocum-

344 3525 453 3576 que,
479 3510 583 3560 dK.
641 3507 788 3572 quod,
828 3505 939 3572 Ρβ.
979 3550 1041 3559 ..
1079 3507 1340 3575 appellari,
1381 3509 1537 3559 PKr.
1575 3547 1638 3557 -.
1676 3507 1878 3570 dement,
1918 3508 2282 3572 STabdgpr.
2319 3507 2503 3569 dicunt,
2530 3501 2588 3557 Θ.

343 3586 583 3644 loquutur,
608 3571 762 3641 1²ss2».
802 3618 864 3626 .-.
899 3587 1075 3627 cuncta
1097 3575 1352 3638 contineri,
1380 3569 1437 3625 Θ.
1477 3616 1540 3624 ...
1578 3575 1811 3640 exempla,
1833 3576 1893 3625 P.

412 3643 442 3704 ἓ
468 3651 515 3694 2.
552 3640 709 3704 Satis,
732 3644 791 3693 P.
832 3685 894 3693 .-
932 3643 1040 3707 ipse
1080 3653 1221 3705 totuS,
1260 3645 1320 3694 P.
1362 3685 1424 3693 .-
1461 3641 1694 3705 infinitus
1735 3660 1795 3692 ac
1818 3642 1986 3707 finito,
2013 3643 2317 3705 Tabdgpr
2348 3639 2591 3704 michel„

341 3710 499 3774 nob.)
526 3711 866 3762 Consentiunt
887 3710 1157 3774 So(codd.
1180 3712 1407 3761 Turnebi
1430 3712 1542 3759 adv,
1566 3716 1649 3769 22,
1675 3709 1765 3772 4.),
1788 3711 1886 3759 nisi
1905 3712 2044 3773 quod
2062 3717 2109 3760 et
2133 3710 2339 3758 habent.
2364 3708 2595 3773 infinitus

345 3796 409 3829 ac
454 3778 665 3843 infinito,
706 3781 765 3830 P.
805 3779 991 3844 finitus
1033 3789 1078 3829 et
1118 3779 1321 3843 infinito,
1364 3781 1510 3835 codd.
1551 3779 1759 3828 Bai-bar.
1800 3772 1903 3842 βγ.
1944 3818 2005 3826 ..
2042 3776 2206 3838 etz'cm,
2238 3777 2297 3826 P.
2337 3815 2400 3826 ...
2437 3784 2501 3838 et,
2533 3778 2591 3826 P.

346 3863 424 3908 ex,
449 3849 620 3897 Tabd
635 3862 683 3910 g.

413 3914 443 3975 ξ
469 3921 515 3965 3.
552 3915 747 3966 Furore
770 3930 1056 3976 mensuram,
1079 3914 1137 3964 P.
1178 3955 1239 3963 -
1275 3922 1362 3964 aut
1386 3912 1495 3964 hinc
1520 3912 1661 3973 data,
1684 3928 1723 3961 r.
1753 3952 1814 3960 -
1852 3919 2087 3977 oporteat,
2110 3912 2175 3961 K.
2203 3936 2265 3960 =-
2292 3927 2393 3961 una
2417 3927 2595 3973 omnes,

712 4008 799 4036 una

348 4050 421 4099 ab
435 4064 518 4112 gr.
556 4065 716 4099 omnes
787 4085 801 4108 ‚
835 4053 883 4100 d.
929 4065 1086 4099 omnes
1121 4048 1174 4096 in
1211 4065 1333 4108 una,
1374 4047 1433 4096 P.
1491 4046 1578 4095 uni
1619 4060 1801 4106 omnes,
1834 4045 2068 4096 Sabellio.
2093 4047 2159 4097 K.
2205 4085 2250 4094 -
2299 4046 2598 4105 incubarent,

346 4118 696 4181 Tabdgpro
730 4114 903 4178 (codd.
946 4117 1171 4167 'rm-nebi
1213 4117 1324 4164 adv,
1369 4120 1451 4175 22,
1496 4120 1541 4163 4.
1586 4119 1667 4174 24,
1710 4111 1819 4175 24.)
1873 4111 2141 4174 incubaret,
2193 4107 2348 4176 Pfir.
2389 4152 2451 4162 ....
2489 4108 2598 4177 que,

349 4185 495 4235 addit
517 4187 550 4234 d
566 4187 601 4233 ².
642 4224 703 4233 ..
741 4184 897 4245 etiam,
923 4183 1039 4234 abd
1049 4199 1142 4248 gp.
1179 4182 1322 4233 etiam
1348 4191 1417 4243 ut,
1443 4181 1679 4231 Sabellio.
1717 4188 1773 4229 ιιι
1796 4180 1909 4240 iam,
1931 4181 2089 4231 Hard.
2133 4194 2162 4229 c
2185 4180 2331 4229 codd.
2358 4176 2434 4241 (ἲ)
2459 4193 2507 4243 r.
2538 4219 2598 4228 .-

353 4261 401 4300 et
432 4260 551 4302 ante
585 4250 803 4302 inmensa
839 4267 939 4302 om.
965 4252 1082 4313 Τάς
1120 4252 1184 4302 ab
1215 4252 1376 4301 altera
1408 4252 1565 4299 manu
1597 4248 1823 4299 additum
1855 4248 1909 4297 in
1941 4249 1988 4297 d.
2029 4287 2090 4299 ...
2130 4245 2327 4298 eaedem
2352 4248 2599 4312 quaestio-

357 4334 462 4381 nes,
487 4336 525 4371 r.
