2961 4861
1554 279 1566 305 ι

384 348 544 391 LVIII
1312 343 1692 388 PRAEFATIO.

387 499 653 575 egregias
682 494 942 556 servavit
967 496 1183 554 mixtas
1204 495 1338 556 illas
1357 494 1905 573 interpolationibus
1933 493 2151 571 ineptis
2177 493 2334 553 intra
2360 494 2640 572 singulas

387 626 565 667 voces
602 606 1072 665 subsistentibus.
1112 601 1312 675 Liber,
1343 605 1501 666 unde
1530 605 1606 662 κθ
1631 604 1913 676 manavit,
1944 603 2148 662 multis
2174 603 2293 661 iam
2322 611 2642 680 corrupte-

386 717 462 775 lis
491 716 715 774 obsitus
742 713 874 786 fuit,
905 731 1053 787 quas
1083 711 1348 770 sanaturi
1372 711 1595 769 librarii
1613 710 2092 788 interpolationes
2115 729 2254 769 suas
2280 711 2643 771 intulerunt.

390 824 578 899 Quae,
597 834 667 883 ut
685 825 772 894 fit,
795 822 1062 897 deinceps
1088 820 1277 896 magis
1300 821 1614 895 magisque
1637 825 1842 879 auctae
1864 826 1983 878 tres
2008 819 2223 878 classes
2245 820 2426 878 huius
2450 839 2642 894 gene-

388 936 469 993 ris
492 933 753 992 codicum
781 938 851 987 ut
871 929 1306 1004 distinguantur
1325 928 1567 1000 faciunt,
1590 946 1842 1004 quarum
1866 929 1938 986 x⁷
1960 929 2154 1009 minus
2176 947 2355 1002 quam
2376 947 2644 1004 sequen-

391 1050 485 1099 tes
521 1038 875 1114 interpolata
912 1056 1085 1114 saepe
1123 1036 1386 1114 egregias
1414 1037 1696 1096 lectiones
1730 1038 2021 1109 servavit,
2065 1037 2253 1096 altera
2277 1038 2352 1109 x?
2391 1055 2643 1096 manum

390 1148 884 1224 interpolatricem
913 1147 1120 1205 durius
1149 1156 1241 1206 est
1275 1155 1540 1223 experta,
1583 1146 1757 1231 tertia
1783 1146 1861 1204 19
1893 1146 2274 1223 ineptissimis
2310 1147 2641 1222 interpola-

274 1278 285 1292 ·
392 1258 647 1317 tionibus
676 1262 882 1328 scatet,
899 1273 1271 1331 ,quamquam
1297 1255 1358 1312 in
1385 1256 1498 1312 hac
1525 1271 1761 1330 quoque
1788 1254 2051 1331 singulas
2078 1272 2341 1330 gemmas
2380 1255 2641 1312 inveniri

395 1385 576 1443 supra
602 1365 926 1426 docuimus.
969 1364 1043 1422 In
1069 1363 1164 1421 his
1190 1363 1341 1438 ipsis
1361 1381 1503 1420 vero
1530 1362 2073 1439 interpolationibus
2099 1362 2249 1420 illud
2274 1381 2643 1439 percommo-

397 1477 540 1534 dum
567 1475 796 1547 accidit,
827 1473 983 1547 quod
1013 1472 1208 1530 statim
1237 1471 1358 1529 suis
1389 1489 1452 1528 se
1478 1471 1711 1546 ineptiis
1738 1472 1996 1548 produnt
2022 1465 2141 1551 (uti
2165 1470 2348 1548 praef.
2378 1475 2410 1541 ὅ
2431 1466 2640 1541 ,8:10,

294 1610 299 1613 -
398 1579 503 1644 90.
532 1577 638 1655 35,
673 1577 818 1640 111.
846 1575 950 1653 36,
982 1575 1115 1656 31.)
1143 1597 1333 1654 neque
1361 1597 1494 1638 eam
1521 1580 1774 1655 speciem
1815 1579 1943 1638 veri
1967 1598 2112 1656 prae
2140 1598 2204 1639 se
2229 1579 2457 1651 ferunt,
2487 1596 2644 1654 quae

399 1692 559 1752 viros
586 1692 763 1750 etiam
780 1708 909 1758 ⁸uon
933 1689 1198 1748 indoctos
1224 1688 1287 1746 in
1314 1686 1627 1764 Sophocle,
1655 1687 2071 1765 Xenophontis
2089 1689 2452 1748 institutione
2475 1685 2639 1767 Cyri,

401 1799 698 1860 Ciceronis
725 1799 888 1858 libris
915 1798 989 1857 de
1014 1804 1228 1856 natura
1254 1797 1499 1856 deorum
1525 1797 1774 1873 decepit.

488 1907 714 1983 Quibus
756 1906 1024 1964 omnibus
1067 1907 1143 1963 de
1189 1888 1515 1964 co'uditione
1557 1912 1618 1964 et
1653 1905 1998 1964 auctoritate
2044 1905 2311 1965 codicum
2359 1905 2642 1982 expositis

402 2023 609 2096 aptum
650 2015 794 2073 mihi
829 2013 1065 2073 videtur
1104 2013 1217 2071 hoc
1253 2013 1381 2090 ipso
1421 2014 1483 2071 in
1518 2014 1650 2072 loco
1690 2015 1948 2074 inserere
1988 2013 2285 2090 syllabum
2311 2015 2575 2073 codicum
2604 2032 2644 2072 a

404 2145 500 2185 me
524 2125 925 2200 inspectorum
954 2142 1087 2181 cum
1117 2121 1283 2197 siglis
1310 2123 1388 2179 ad
1415 2140 1517 2181 eos
1554 2122 1961 2198 significandos
1999 2123 2301 2200 appositis.
2353 2124 2496 2182 Feci
2530 2141 2642 2181 au-

404 2244 554 2305 tem,
595 2234 753 2309 quod
793 2231 1048 2290 maxime
1083 2231 1476 2289 necessarium
1518 2231 1835 2305 habebam,
1865 2233 2179 2308 duplicem,
2219 2240 2282 2291 et
2321 2233 2644 2291 secundum

404 2344 567 2419 ipsos
611 2342 837 2401 codices
876 2348 935 2399 et
970 2340 1293 2399 secundum
1331 2339 1504 2415 sigla,
1541 2345 1612 2399 ut
1647 2341 1833 2400 lector
1870 2341 2017 2401 haec
2056 2341 2251 2401 omnia
2275 2361 2394 2401 uno
2432 2344 2645 2401 obtutu

407 2454 622 2512 intueri
643 2462 703 2512 et
721 2454 873 2511 inter
901 2469 967 2509 se
997 2468 1337 2527 comparare
1362 2455 1583 2527 posset.

481 2643 816 2704 Secundum
845 2643 1108 2702 codicum
1134 2613 1401 2702 nomina:
1833 2639 2171 2702 Secundum
2197 2642 2381 2719 sigla:

410 2776 804 2837 Academicus
818 2814 1283 2835 ........
1321 2818 1354 2835 -
1441 2772 1474 2834 δ
1575 2776 1641 2836 A
1706 2816 1723 2834 .
1769 2817 1787 2833 .
1833 2816 1851 2835 .
1893 2775 2195 2837 Leidensis

410 2885 862 2961 Andegavensis
885 2924 1351 2944 ........
1436 2880 1477 2941 θ
1578 2884 1632 2943 Β
1707 2924 1725 2943 .
1771 2925 1789 2942 .
1837 2924 1855 2943 .
1898 2884 2351 2960 Bambergensis

410 2993 865 3070 Bambergensis
890 3033 1354 3053 ........
1426 2992 1480 3051 Β
1583 2991 1633 3052 C
1710 3034 1728 3050 .
1776 3034 1792 3051 .
1841 3035 1858 3053 .
1903 2992 2381 3054 Vindobonensis
2407 2996 2492 3055 11.

411 3105 764 3164 Barberinus
792 3103 828 3161 1
829 3144 1357 3164 .........
1439 3123 1483 3181 y
1578 3101 1640 3160 D
1709 3143 1728 3160 .
1775 3141 1793 3160 .
1842 3142 1858 3160 .
1902 3101 2227 3163 Vaticanus
2255 3099 2421 3164 3861

411 3213 765 3273 Barberinus
794 3207 961 3273 2503
1014 3252 1350 3274 ......
1448 3235 1482 3271 z
1580 3208 1645 3269 K
1713 3251 1731 3270 .
1778 3251 1798 3269 .
1840 3252 1859 3269 .
1904 3209 2097 3271 Vetus
2117 3212 2486 3290 Dalecampii

411 3322 779 3382 Burbonicus
807 3322 933 3381 sive
960 3319 1356 3382 Carbonarius
1419 3322 1483 3381 N
1581 3318 1636 3379 L
1713 3359 1733 3379 .
1777 3317 2212 3381 Laurentianus
2221 3320 2585 3382 s.Mediceus
2598 3321 2652 3381 1.

415 3428 820 3489 chiffletianus
894 3468 1355 3489 ........
1431 3422 1480 3487 Θ
1584 3429 1657 3486 Μ
1712 3469 1731 3488 .
1775 3470 1794 3487 .
1842 3468 1860 3487 .
1904 3429 2174 3489 Venetus

418 3535 826 3598 cracoviensis
846 3536 913 3596 A
955 3576 1359 3597 .......
1444 3555 1484 3616 η
1584 3535 1648 3595 Ν
1711 3576 1729 3595 .
1775 3577 1793 3597 .
1816 3534 2186 3598 Burbouicus
2194 3557 2244 3598 s.
2257 3537 2654 3601 Carbonarius

503 3645 907 3710 --B
957 3687 1358 3707 .......
1451 3644 2280 3708 λΡ...Μοηαωηεῑε
2610 3617 2630 3632 “

417 3756 709 3816 Fuxensis
764 3796 1360 3817 ..........
1424 3754 1489 3813 Y
1588 3754 1648 3813 R
1717 3795 1735 3814 .
1782 3790 1801 3815 .
1845 3796 1863 3815 .
1908 3757 2332 3819 Riccardianus

421 3863 733 3924 Gudianus
770 3905 1366 3925 ..........
1453 3883 1488 3944 ρ
1591 3865 1637 3926 S
1717 3906 1734 3924 .
1780 3908 1796 3924 .
1846 3907 1864 3925 .
1911 3864 2397 3929 salmanticensis

418 3972 852 4035 Laurentianus
897 4015 1362 4035 ........
1433 3972 1490 4034 L
1543 4009 1544 4012 =
1591 3974 1648 4035 Τ
1716 4016 1734 4036 .
1778 4018 1794 4034 .
1844 4018 1860 4037 .
1905 3976 2233 4037 Toletanus

418 4081 726 4143 Leidensis
771 4125 1361 4144 ..........
1426 4085 1491 4145 Α
1590 4085 1652 4145 V
1719 4127 1736 4145 .
1781 4127 1798 4145 .
1846 4127 1862 4145 .
1908 4085 2237 4146 Vossianus

594 4191 611 4209 ⁶
1592 4195 1652 4255 Y
1721 4238 1735 4255 .
1785 4237 1800 4255 .
1848 4236 1864 4256 .
1910 4194 2224 4256 Fuxeusis.

420 4190 809 4254 Londmensis
898 4236 1359 4256 ........
1440 4188 1489 4255 Δ
