2961 4861
1181 360 1562 405 PRAEFATIO.
2331 362 2490 404 xmx

204 522 358 572 tem
393 516 598 574 vitulos
625 516 874 573 marinos
901 513 1271 590 provocavit3
1302 514 1398 572 vel
1419 509 1525 584 32,
1550 509 1676 585 27.,
1706 513 1809 573 ubi
1835 512 1923 570 Βι
1952 513 2198 588 vestigia
2224 532 2400 573 verae
2431 522 2492 571 et

202 624 280 680 in
332 623 552 691 ceteris
589 622 857 681 omnibus
896 621 1066 680 codd.
1112 629 1379 682 servatae
1408 629 1469 681 et
1496 640 1534 679 a
1558 621 1903 680 Dioscoride
1931 622 2311 681 confirmatae
2340 624 2490 682 scri-

202 738 457 807 pturae
472 732 740 808 friabilcs
758 730 956 802 habet,
980 748 1116 788 cum
1133 728 1222 788 Β2
1241 731 1434 807 inepte
1455 731 1750 807 scripserit
1763 732 2012 808 fraqiles
2024 753 2047 798 ,-
2077 730 2177 790 vel
2198 725 2302 802 32,
2324 725 2489 804 128„

202 840 331 899 ubi
368 859 507 898 cum
537 840 717 916 vulgo
743 846 904 898 recte
932 838 1218 897 scribatur
1244 841 1652 917 defervefacta,
1691 837 1778 897 Βι
1807 839 1927 897 levi
1954 856 2156 897 errore
2183 838 2364 897 habet
2388 842 2492 899 de-

189 952 581 1027 ferr-efacta,
613 949 771 1023 quod
797 966 904 1024 per
929 945 1016 1005 B²
1043 948 1198 1006 male
1227 957 1319 1006 est
1344 947 1763 1025 interpolatum
1789 948 1852 1006 in
1881 949 1950 1006 de
1964 952 2138 1025 farre
2153 951 2321 1025 facta
2333 972 2356 1016 ,-
2395 949 2494 1007 vel

204 1053 309 1118 35
326 1100 347 1131 ,
386 1052 518 1127 38.,
559 1057 662 1115 ubi
700 1076 812 1132 pro
841 1059 991 1115 orcis
1017 1054 1103 1112 Βι
1145 1056 1324 1114 habet
1351 1058 1539 1127 urcis,
1580 1056 1634 1114 B
1649 1057 1675 1093 ²
1705 1074 1782 1113 ex
1808 1055 2252 1133 interpolatione
2280 1059 2487 1119 urceis.

204 1166 307 1226 Et
349 1165 473 1223 hae
511 1165 747 1239 quidem
785 1165 1108 1223 deteriores
1148 1164 1434 1223 lectiones
1475 1183 1687 1222 manus
1716 1166 2005 1223 secundae
2034 1175 2197 1224 ortae
2225 1175 2392 1239 sunt,
2440 1167 2491 1225 si

207 1276 382 1351 quid
412 1275 610 1345 video,
641 1292 719 1331 ex
745 1272 958 1348 glossis
987 1273 1411 1347 marginalibus
1438 1272 1530 1331 illi
1558 1273 1745 1331 codici
1771 1272 2088 1351 archetypo
2114 1275 2235 1333 iam
2261 1276 2488 1334 adscri-

206 1386 379 1462 ptis,
403 1384 560 1441 unde
574 1381 1024 1457 Bambergensis
1053 1390 1145 1440 est
1164 1383 1515 1458 descriptus,
1541 1400 1686 1456 quas
1707 1381 2003 1454 librarius,
2027 1401 2100 1442 ne
2122 1384 2263 1458 quid
2283 1386 2487 1443 arche-

206 1492 363 1570 typi
402 1491 650 1568 periret,
695 1490 821 1549 sive
861 1490 1043 1548 bonas
1085 1491 1211 1549 sive
1249 1491 1438 1549 malas
1466 1490 1715 1566 repetiit.
1758 1490 1918 1550 Hinc
1943 1493 2123 1551 huius
2150 1511 2362 1551 manus
2390 1512 2488 1552 se-

210 1601 471 1660 cundae
497 1602 616 1659 duo
644 1617 865 1675 genera
892 1599 1300 1671 discernenda,
1344 1600 1600 1657 alterum
1628 1601 2095 1659 emendationum
2123 1620 2330 1660 manus
2359 1602 2486 1679 pri-

209 1728 370 1768 mae
402 1708 628 1767 calamo
655 1709 857 1783 lapsae
870 1749 888 1778 ,
933 1708 1188 1766 alterum
1215 1707 1509 1764 malarum
1536 1707 1855 1764 lectionum
1886 1715 1946 1763 et
1970 1708 2487 1782 interpolationum

213 1837 305 1877 ex
330 1817 603 1892 margine
617 1816 832 1875 codicis
850 1815 1152 1892 archetypi
1172 1815 1233 1871 in
1245 1813 1744 1887 Bambergensem
1766 1821 2290 1890 transgressarum‚
2309 1834 2486 1890 quam

214 1943 439 1985 meam
479 1924 825 1983 sententiam
853 1941 891 1980 a
919 1939 1064 1981 vero
1092 1940 1212 1980 non
1239 1921 1558 1980 abhorrere
1585 1922 1844 1999 inprimis
1870 1923 2018 1982 illud
2045 1926 2115 1983 de
2129 1928 2302 2002 farre
2317 1929 2486 2003 sacta

215 2037 454 2094 docere
492 2033 757 2103 videtur,
797 2033 956 2106 quod
994 2032 1288 2105 quomodo
1323 2031 1512 2117 ipsam
1552 2030 1766 2089 codicis
1803 2034 2103 2110 archetypi
2132 2035 2484 2110 scripturam

219 2143 534 2216 exhibeat,
578 2159 751 2200 nemo
778 2142 1245 2213 demonstrabit,
1260 2159 1393 2199 cum
1424 2159 1554 2199 eam
1582 2140 1778 2217 potius
1804 2140 1867 2199 in
1895 2144 2269 2221 deserv-efacta
2295 2145 2486 2204 inesse

219 2255 313 2313 sit
356 2251 766 2312 certissimum.
819 2252 907 2312 Ut
942 2260 1140 2309 tamen
1177 2251 1427 2309 lectores
1467 2250 1643 2310 huius
1684 2251 1954 2309 editionis
1982 2253 2275 2325 viderent,
2306 2272 2483 2328 quam

222 2371 547 2421 externam
591 2362 848 2439 speciem
888 2369 1136 2436 utraque
1176 2378 1387 2419 manus
1425 2360 1489 2416 in
1531 2360 1726 2418 codice
1764 2357 2197 2436 Bambergensi
2233 2380 2378 2437 prae
2420 2381 2483 2420 se

219 2471 441 2543 ferret,
466 2457 802 2547 exemplum
830 2472 967 2534 eius*
983 2470 1265 2547 proposui
1290 2469 1427 2528 libri
1453 2467 1793 2528 XXXVII.
1826 2473 1890 2539 ἐς
1921 2465 2300 2557 203-2Q5.‚
2331 2491 2483 2546 quae

221 2586 396 2639 totae
432 2581 508 2636 ad
543 2581 722 2638 fidem
758 2580 920 2636 illius
959 2588 1100 2637 sunt
1136 2596 1468 2654 expressae.
1511 2579 1583 2635 In
1621 2578 1958 2637 universum
1984 2586 2183 2637 autem
2211 2581 2401 2638 codex
2426 2581 2479 2639 Β

222 2689 484 2747 summis
513 2687 827 2746 virtutibus
856 2687 1087 2759 eminet,
1117 2685 1441 2745 innumeris
1469 2687 1615 2745 locis
1644 2693 1748 2744 aut
1778 2706 1976 2747 veram
2005 2686 2352 2766 scripturam
2383 2708 2478 2748 so-

219 2797 327 2856 lus
357 2796 593 2855 exhibet
620 2807 724 2855 aut
750 2797 962 2855 leviter
990 2805 1300 2872 corruptus
1327 2796 1608 2873 originem
1638 2797 2002 2873 corruptelae
2023 2805 2356 2857 ceterorum
2380 2818 2477 2859 co-

222 2906 429 2965 dicum
468 2905 776 2981 patefacit,
816 2904 1291 2981 interpolationes
1329 2923 1536 2963 corum
1574 2905 1856 2978 ostendit,
1896 2924 2083 2981 parva
2121 2907 2478 2984 glossemata

221 3032 309 3072 ex
360 2987 654 3091 asyndetis
703 3014 1071 3092 potissimum
1134 3032 1253 3072 non
1300 3013 1612 3072 intellectis
1671 3022 1803 3071 orta
1864 3021 2151 3073 removet.
2236 3014 2332 3074 Ne
2380 3026 2474 3075 ta-

221 3140 366 3180 men
416 3140 587 3181 caeco
638 3123 833 3183 studio
870 3141 1006 3181 eum
1048 3139 1393 3195 sequamur,
1444 3139 1562 3177 non
1608 3120 1785 3177 modo
1832 3120 2132 3194 ingentem
2168 3140 2475 3181 numerum

220 3250 498 3291 errorum
537 3251 648 3308 per
686 3232 1102 3308 negligentiam
1140 3228 1363 3288 librarii
1408 3236 1683 3285 natorum
1724 3227 1931 3300 habet,
1976 3248 2111 3286 cum
2149 3238 2209 3289 et
2247 3231 2477 3289 litterae

221 3342 386 3398 male
424 3342 789 3411 omittantur,
829 3340 919 3397 uti
960 3334 1062 3412 35,
1097 3333 1242 3396 142.
1281 3355 1390 3413 pro
1423 3340 1483 3394 in
1511 3346 1635 3395 arte
1663 3337 1821 3394 male
1847 3336 1908 3393 in
1940 3355 2010 3395 eo
2040 3339 2311 3398 scribitur
2340 3342 2474 3412 inte,

222 3456 289 3504 et
313 3449 756 3506 terminationes
787 3466 997 3507 vocum
1025 3456 1266 3523 propter
1294 3445 1732 3504 similitudinem
1760 3446 1998 3505 illarum
2021 3449 2471 3522 confundantur,

224 3555 319 3612 uti
349 3550 454 3628 35,
489 3550 632 3612 141.
674 3558 1036 3614 Leontiscum
1064 3557 1310 3614 Aratum
1347 3556 1406 3614 in
1447 3574 1518 3613 eo
1559 3556 1774 3631 legitur
1807 3575 1918 3634 pro
1945 3559 2284 3618 Leontiscus
2312 3558 2472 3617 Ara-

227 3672 369 3736 tum,
418 3680 623 3721 verum
653 3662 828 3720 etiam
856 3663 1185 3733 maioribus
1200 3664 1443 3723 subinde
1470 3666 1625 3723 vitiis
1653 3666 1905 3725 laborat.
1961 3667 2120 3725 Nam
2159 3676 2219 3725 et
2255 3668 2473 3725 multas

230 3771 595 3849 corruptelas
624 3772 698 3829 ad
726 3771 999 3830 maiorem
1030 3781 1276 3832 aetatem
1306 3774 1636 3833 recedentes
1665 3776 1861 3846 habet,
1892 3776 1981 3833 uti
2008 3771 2114 3846 32,
2141 3770 2200 3834 5.
2229 3786 2473 3834 ventrem

230 3896 341 3953 pro
380 3882 645 3940 Venerem
687 3899 820 3940 cum
863 3883 1119 3940 secunda
1158 3881 1405 3940 lectione
1446 3885 1777 3953 invenerim,
1820 3878 1926 3954 32,
1970 3879 2071 3942 13.
2101 3886 2323 3960 pithias
2361 3903 2472 3961 pro

229 3990 504 4061 anthiam,
534 3990 692 4064 quod
721 3990 831 4049 viri
858 3991 1012 4049 docti
1041 4009 1116 4049 ex
1143 3988 1360 4049 Ovidio
1389 3991 1614 4047 dudum
1643 4002 2051 4066 reposuerunt,
2096 3989 2201 4065 32,
2235 3988 2335 4051 63.
2365 4013 2470 4051 no-

231 4114 352 4155 men
402 4099 666 4158 creatura
714 4119 823 4176 pro
874 4102 1315 4168 nomenclatura,
1366 4093 1472 4170 35,
1517 4095 1580 4155 4.
1619 4100 2040 4173 figur-abundus
2087 4104 2323 4160 crimine
2362 4123 2470 4178 pro

223 4205 546 4279 fiqurarum
574 4210 920 4281 discrimine,
961 4203 1066 4281 35,
1102 4204 1244 4267 144.
1276 4209 1432 4266 illam
1472 4226 1600 4266 cum
1627 4225 1735 4283 pro
1763 4208 2024 4281 Iliacum,
2065 4216 2126 4266 et
2150 4210 2469 4286 glossema-

2011 4323 2063 4372 D
