2961 4861
460 336 579 397 118
1154 346 1563 393 NATURALIS
1607 343 1998 392 ms'romAE

540 499 703 566 XII.
779 501 840 565 9.
898 499 988 563 Et
1044 499 1355 563 rationem
1405 496 1666 582 quidem
1722 496 2018 562 defectus
2045 495 2410 578 ,utriusque
2452 495 2730 581 primus
2760 517 2818 561 5³

457 600 731 668 Romani
775 600 1032 689 generis
1074 600 1143 663 in
1182 600 1443 684 volgum
1487 598 1719 664 extulit
1746 595 2072 683 Sulpicius
2103 592 2354 674 Gallus,
2401 595 2518 679 qui
2549 618 2723 662 con-

462 703 565 770 sul
592 725 740 768 cum
765 701 994 766 Marco
1022 699 1330 764 Marcello
1374 698 1501 764 fuit
1543 700 1661 764 sed
1701 712 1841 762 tum
1882 697 2177 763 tribunus
2219 695 2530 774 militum,
2576 700 2719 764 sol-

456 803 790 869 licitudine
836 801 1125 867 exercitu
1164 799 1455 878 liberato,
1500 799 1710 886 pridie
1755 821 1949 883 quam
1989 797 2227 863 Perses
2267 820 2386 862 rex
2429 819 2715 884 supera-

461 914 564 967 tus
607 926 646 965 a
686 901 892 966 Paulo
950 911 1049 966 est
1105 901 1173 965 in
1233 901 1603 966 concionem
1655 899 1737 965 ab
1790 899 2153 985 inperatore
2204 898 2567 983 productus
2618 900 2719 965 ad

456 1001 953 1087 praedicendam
996 1000 1306 1087 eclipsim,
1383 1023 1536 1065 mox
1590 1011 1658 1064 et
1711 998 2040 1085 conposito
2080 998 2424 1065 volumine.
2497 997 2719 1086 Apud

461 1098 744 1167 Graecos
789 1112 1004 1167 autem
1044 1101 1459 1189 investigavit
1498 1102 1746 1187 primus
1797 1101 2080 1167 omnium
2121 1100 2359 1166 Thales
2400 1099 2717 1168 Milesius

457 1202 843 1288 olympiadis
885 1225 1114 1267 xrvm.
1159 1224 1325 1267 anno
1369 1212 1596 1286 quarto
1619 1249 1641 1280 ,
1696 1201 2029 1286 praedicto
2047 1255 2052 1260 ,
2073 1200 2224 1266 solis
2274 1201 2541 1267 defectu
2593 1202 2717 1286 qui

457 1303 728 1389 Alyatte
769 1326 925 1392 rege
973 1304 1187 1369 factus
1229 1313 1330 1368 est
1369 1303 1549 1368 urbis
1595 1302 1891 1368 conditae
1933 1325 2099 1368 anno
2143 1319 2360 1366 CLXX.
2401 1300 2570 1366 Post
2599 1324 2718 1368 eos
2746 1323 2806 1366 54

458 1404 796 1489 utriusque
841 1405 1069 1470 sideris
1114 1427 1372 1470 cursum
1413 1403 1482 1466 in
1526 1414 1864 1468 sexcentos
1902 1425 2101 1468 annos
2128 1399 2495 1488 praecinuit
2527 1401 2713 1490 Hip-

459 1505 760 1591 parchus,
805 1528 1059 1570 menses
1102 1505 1393 1593 gentium
1438 1504 1704 1589 diesque
1750 1515 1817 1569 et
1855 1503 2046 1570 horas
2090 1526 2166 1570 ac
2210 1504 2373 1569 situs
2415 1504 2715 1570 locorum

463 1617 530 1673 et
570 1605 746 1671 visus
788 1607 1169 1693 populorum
1212 1606 1560 1691 conplexus
1585 1652 1603 1682 ,
1661 1627 1821 1670 aevo
1873 1615 2038 1670 teste
2063 1653 2082 1683 ,
2141 1605 2301 1670 haut
2343 1604 2469 1670 alio
2510 1605 2715 1670 modo

463 1730 660 1791 quam
704 1707 1110 1776 consiliorum
1150 1717 1418 1772 naturae
1460 1705 1822 1791 particeps:
1874 1705 1997 1770 viri
2038 1705 2334 1796 ingentes
2379 1727 2714 1791 supraque

462 1809 827 1874 mortalium
870 1820 1166 1873 naturam
1188 1856 1208 1887 ,
1267 1817 1587 1873 tantorum
1628 1806 1962 1871 numinum
2004 1807 2150 1894 lege
2194 1806 2600 1891 deprehensa
2643 1819 2713 1872 et

410 1939 419 1945 ⁴
462 1908 699 1973 misera
737 1908 1066 1972 hominum
1115 1919 1330 1974 mente
1373 1907 1702 1994 apsoluta,
1756 1907 1825 1971 in
1869 1906 2242 1973 ‘defectibus
2294 1906 2538 1972 scelera
2594 1918 2711 1972 aut

461 2017 733 2071 mortem
778 2007 1056 2091 aliquam
1099 2008 1378 2073 siderum
1418 2018 1699 2094 pavente
1722 2056 1740 2085 ,
1802 2031 1929 2093 quo
1971 2008 2040 2072 in
2078 2019 2258 2073 metu
2301 2008 2506 2073 fuisse
2548 2005 2706 2075 Ste-

466 2106 703 2173 sichori
761 2116 827 2174 et
875 2106 1141 2172 Pindari
1198 2119 1420 2173 vatum
1478 2108 1774 2175 sublimia
1828 2132 1942 2174 ora
1996 2110 2211 2195 palam
2267 2119 2371 2173 est
2420 2108 2710 2194 deliquio

469 2207 643 2288 solis,
687 2218 755 2272 at
795 2207 864 2271 in
904 2208 1058 2273 luna
1099 2208 1412 2274 veneficia
1448 2220 1763 2297 arguente
1791 2210 2174 2277 mortalitate
2218 2221 2283 2275 et
2323 2209 2406 2275 ob
2448 2210 2520 2274 id
2562 2233 2708 2276 cre-

463 2309 611 2396 pitu
654 2309 909 2375 dissono
955 2308 1323 2377 auxiliante.
1400 2310 1551 2391 Quo
1608 2332 1845 2397 pavore
1902 2312 2167 2399 ignarus
2211 2333 2443 2377 causae
2482 2310 2709 2377 Nicias
2735 2331 2797 2375 55

464 2410 966 2478 Atheniensium
1020 2410 1342 2498 inperator
1394 2412 1637 2478 veritus
1688 2412 1954 2478 classem
1995 2423 2187 2499 portu
2229 2412 2505 2478 educere
2548 2436 2708 2500 opes

466 2536 687 2579 eorum
730 2512 996 2579 adflixit.
1057 2511 1263 2579 Macti
1304 2514 1563 2602 ingenio
1609 2524 1742 2579 este
1759 2563 1776 2592 ‚
1824 2515 1986 2582 caeli
2027 2514 2411 2600 interpretes
2453 2537 2706 2580 rerum-

468 2636 594 2699 que
636 2624 904 2678 naturae
949 2636 1218 2699 capaces
1262 2614 1624 2703 argumenti
1667 2625 2026 2701 repertores
2048 2663 2067 2693 ,
2125 2637 2251 2699 quo
2293 2615 2453 2680 deos
2492 2616 2706 2681 homi-

462 2735 708 2796 nesque
765 2713 1044 2811 vicistis!
1123 2711 1291 2795 Quis
1337 2715 1507 2779 enim
1548 2716 1711 2780 haec
1754 2738 2019 2781 cernens
2064 2726 2130 2781 et
2174 2726 2373 2782 statos
2420 2716 2705 2781 siderum

532 2887 561 2950 §
589 2892 667 2936 53.
706 2885 916 2952 vulyum,
940 2887 1072 2936 Rad
1094 2882 1353 2949 (Oudend.
1378 2890 1443 2937 ad
1465 2889 1660 2952 Appul.
1685 2890 1891 2939 Metam.
1926 2904 1975 2953 p.
2014 2895 2126 2940 118.
2162 2904 2190 2939 e
2222 2887 2398 2952 codd.)
2441 2889 2635 2951 vulqus,
2660 2890 2706 2940 P

464 2946 831 3018 (Rober't.),5’r.
852 2992 914 3003 ...
942 2951 1292 3017 Marco,Rad.
1317 2953 1411 3015 M„
1429 2957 1490 3006 P.
1517 2957 1693 3007 Omitt.
1711 2953 1814 3021 βγ.
1830 2997 1893 3006 .-
1912 2958 2039 3017 et,P.
2055 2997 2117 3005 .-
2140 2959 2385 3016 cunaRP.
2415 2998 2479 3006 .-
2503 2957 2704 3016 Pam,

462 3024 619 3074 RPd.
654 3022 885 3084 Persea-9,
909 3017 1048 3086 assr.
1093 3065 1156 3073 -
1195 3031 1285 3085 est,
1311 3039 1409 3072 om.
1434 3025 1495 3075 P.
1531 3065 1594 3072 -.
1630 3025 1901 3083 contionem,
1934 3026 1997 3075 Β.
2043 3022 2289 3086 concione,
2317 3026 2378 3074 P.
2413 3065 2478 3073 -.
2507 3027 2705 3089 proeci-

464 3090 689 3151 nendam,
712 3091 821 3139 Κσ.
850 3131 913 3139 -
940 3089 1170 3156 eclipsim,
1193 3092 1238 3142 P
1248 3108 1293 3145 a.
1319 3092 1411 3142 ecIi
1440 3093 1533 3151 sin,
1557 3093 1664 3141 Rd.
1693 3132 1754 3140 .-
1781 3110 1854 3152 ex,
1879 3092 1983 3141 Td.
2011 3132 2073 3141 .,
2100 3099 2258 3141 autem
2287 3088 2529 3153 Graecos,
2553 3093 2612 3142 P.
2639 3132 2703 3141 .-

464 3157 746 3223 olympiade,
778 3159 828 3208 Β
870 3155 922 3219 (e
954 3174 1020 3208 ex
1054 3156 1210 3223 corr.)
1248 3200 1310 3208 -
1408 3157 1703 3220 LIX-II,
1740 3159 1970 3222 Scaliger
1999 3160 2061 3208 (16
2095 3161 2290 3208 emend.
2332 3167 2488 3222 temp.
2517 3175 2567 3223 p.
2589 3164 2703 3209 889.

462 3226 564 3288 τῆς·
579 3220 810 3288 ἐννάτης·
823 3220 913 3272 καὶ
932 3229 1368 3291 τεσσαρακοστῆς
1383 3222 1733 3288 ὀλυμπιάδος,
1753 3229 1928 3290 Lydus
1945 3228 2006 3276 de
2025 3234 2208 3276 ostent.
2226 3242 2276 3289 p.
2302 3233 2383 3277 30.
2419 3267 2483 3275 ...
2519 3236 2704 3291 quarto,

463 3305 564 3339 om.
582 3292 641 3349 P,
663 3289 749 3350 qui
767 3297 916 3337 antea
942 3293 1314 3359 quadraqesimo
1333 3305 1498 3344 octavo
1515 3295 1686 3344 habet.
1713 3334 1774 3342 ...
1798 3294 2009 3357 Alyatte,
2034 3294 2140 3343 ΒΤ
2151 3296 2298 3343 ad¹6
2315 3290 2486 3355 (codd.
2505 3293 2705 3344 Gelenii

464 3363 516 3404 et
532 3355 762 3432 Turnebi
780 3356 892 3403 adv,
921 3362 998 3416 18,
1033 3358 1142 3420 24.)
1168 3363 1258 3409 sub
1290 3362 1502 3423 Alyatte,
1528 3363 1586 3410 d²
1619 3359 1921 3423 (Richelet.)
1966 3364 2055 3410 sub
2078 3358 2300 3421 Alarico,
2323 3362 2383 3412 P.
2424 3401 2487 3410 -.
2529 3358 2703 3421 CXX,

463 3422 649 3471 BPad
673 3418 926 3483 (Richel.)
969 3421 1130 3485 CLX,
1155 3426 1208 3472 h.
1252 3423 1538 3487 CLXXX,
1575 3421 1667 3476 Gr.
1704 3428 1823 3478 Vid.
1856 3429 2035 3478 Ideler.
2070 3429 2298 3478 chronol.
2322 3429 2484 3479 math.
2511 3434 2560 3489 Β,
2589 3434 2701 3478 166.

533 3489 562 3549 5
590 3492 669 3536 54.
707 3487 826 3544 eius,
844 3488 904 3536 P.
929 3528 989 3535 -
1017 3504 1226 3550 cursum,
1248 3492 1421 3540 Pad2.
1460 3494 1637 3543 Omitt.
1669 3496 1805 3545 Rd1.
1843 3537 1904 3544 ..
1942 3503 2182 3556 sexcenta,
2205 3497 2265 3545 P.
2302 3536 2365 3544 -.
2403 3510 2577 3556 annos,
2602 3510 2701 3545 om.

463 3555 524 3605 P.
561 3593 625 3602 ...
658 3554 915 3617 praecinit,
939 3556 1025 3603 ad.
1064 3557 1339 3619 praecinit,
1363 3560 1452 3608 R'.
1492 3562 1807 3625 praececinit,
1832 3564 1970 3614 R2P.
2010 3603 2073 3610 -.
2118 3570 2166 3612 et
2189 3563 2328 3623 sime,
2352 3565 2400 3612 d.
2439 3602 2503 3611 .-
2552 3564 2702 3625 vibus,

463 3621 738 3673 RTSa¹r.
793 3621 940 3682 vicos,
980 3622 1134 3671 Pa²d
1174 3618 1267 3683 (ex
1305 3624 1460 3689 corr.)
1500 3622 1558 3688 β.
1596 3669 1659 3676 -
1696 3628 1884 3693 inqens,
1926 3631 1975 3679 Β
2016 3626 2109 3690 (ex
2149 3628 2299 3691 corr.)
2326 3670 2390 3680 -.
2414 3630 2701 3690 mortalium,

464 3691 665 3741 RPad.
701 3688 942 3747 mortalia,
967 3688 1063 3737 Tr.
1102 3729 1165 3738 -.
1200 3699 1434 3753 namram,
1460 3696 1660 3745 RPad.
1698 3706 1896 3757 natura,
1920 3711 1968 3746 σ.
1996 3697 2172 3747 Omitt.
2199 3698 2293 3746 Tr.
2333 3738 2396 3747 ....
2435 3697 2701 3757 numinum,

465 3772 565 3806 om.
599 3770 647 3805 σ.
695 3796 758 3805 ...
802 3756 988 3817 misere,
1021 3756 1112 3803 R'-
1162 3796 1226 3804 ...
1271 3758 1489 3821 insoluta,
1523 3764 1611 3812 R‘.
1661 3803 1724 3812 -.
1772 3760 2057 3827 desectam,
2091 3764 2392 3815 RSTPad.
2440 3764 2704 3842 defectibus

464 3821 736 3885 stellarum,
759 3818 817 3885 β.
856 3863 918 3870 -.
955 3822 1154 3883 scelera,
1179 3824 1229 3873 Β
1252 3821 1332 3886 (in
1355 3840 1456 3888 quo
1482 3832 1874 3894 suprascriptum
1899 3830 2177 3891 stellarum)
2203 3834 2293 3882 ad.
2318 3832 2513 3894 scelera,
2537 3832 2597 3882 P.
2635 3872 2697 3880 .-

465 3899 567 3950 aut,
608 3891 656 3938 d.
708 3899 772 3951 ut,
811 3884 1052 3940 RPOar.
1092 3931 1154 3939 .-
1184 3900 1414 3956 pavente,
1446 3894 1653 3946 Barbar.
1688 3899 1835 3947 Rad.
1873 3907 2128 3962 paventes,
2161 3900 2263 3949 Po.
2304 3939 2368 3949 ...
2415 3914 2525 3961 quo,
2555 3899 2699 3950 Pad.

470 3957 611 4020 quod,
635 3958 699 4006 R.
727 3973 845 4036 qua,
869 3974 907 4007 r.
935 3997 998 4007 -.
1022 3968 1162 4019 metu,
1183 3961 1233 4011 Β
1256 3957 1347 4023 (ad
1369 3959 1559 4026 marg.)
1583 3966 1631 4012 d.
1668 3979 1846 4022 mense,
1869 3966 1974 4016 Ra.
2010 3976 2173 4027 mente,
2194 3967 2292 4016 Pr.
2321 4006 2385 4016 ...
2423 3964 2704 4018 Stesichori

468 4033 514 4072 et
533 4023 769 4083 Pindari,
793 4026 890 4075 vid.
914 4027 1174 4077 Plutarch.
1199 4030 1262 4077 (16
1284 4028 1415 4079 facio
1435 4031 1491 4080 in
1515 4033 1622 4080 orb.
1648 4028 1752 4079 lun.
1781 4037 1858 4081 19.
1882 4048 1932 4096 p.
1959 4038 2073 4083 931.
2109 4034 2316 4083 Pindari
2350 4034 2503 4083 vcrba
2534 4048 2696 4084 serva-

467 4091 542 4139 vit
580 4093 795 4156 Dionys.
830 4093 996 4143 Halic.
1039 4096 1100 4144 de
1122 4096 1391 4147 Demosth.
1433 4098 1611 4160 gravit.
1652 4098 1746 4147 dic.
1781 4113 1831 4161 p.
1860 4102 1972 4149 167.
1999 4097 2204 4164 (fragm.
2229 4101 2376 4151 Pind.
2400 4101 2522 4154 vn.
2548 4108 2595 4151 4.
2619 4102 2695 4150 ed.

465 4157 727 4222 Boeckh.)
766 4200 828 4209 -
865 4159 1077 4222 sublimi,
1101 4163 1151 4213 Β
1174 4160 1235 4223 (α
1258 4180 1349 4213 ora
1379 4165 1608 4214 additum
1642 4166 1706 4215 ab
1737 4166 1825 4215 alt.
1860 4164 2058 4228 manu.)
2088 4167 2312 4229 sublima,
2346 4182 2395 4218 σ.
2434 4207 2498 4218 ...
2536 4165 2598 4216 de
2619 4182 2695 4218 n·

469 4222 621 4289 liquo,
644 4226 704 4275 P.
743 4267 804 4275 -.
841 4237 898 4277 at
927 4228 992 4290 in,
1028 4231 1115 4278 ad.
1164 4240 1221 4289 et,
1255 4231 1315 4279 P.
1353 4231 1436 4293 ad,
1460 4234 1511 4282 Β
1544 4229 1607 4294 (d
1629 4247 1693 4281 ex
1719 4230 1871 4293 corr.)
1909 4244 2009 4294 aut,
2032 4249 2073 4283 r.
2111 4235 2246 4296 etin,
2269 4231 2328 4297 β.
2369 4277 2431 4285 -.
2469 4233 2635 4295 lunae,
2657 4251 2694 4285 r.

535 4294 564 4354 ξ
592 4298 670 4341 55.
703 4303 911 4355 partem,
954 4298 1024 4345 a¹.
1074 4306 1236 4358 parte,
1282 4299 1367 4346 R'.
1410 4338 1469 4346 -
1508 4300 1716 4360 iqnarue
1756 4302 1987 4362 canitia-s,
2027 4302 2085 4350 P.
2136 4342 2196 4349 ...
2243 4301 2508 4362 seducere,
2548 4319 2596 4352 a.
2635 4342 2694 4351 ...
