2961 4861
1238 362 1615 406 PRAEFATIO.
2434 365 2545 406 Lxx

303 522 400 574 est
431 514 759 573 immutata.
813 514 877 572 N
877 531 973 573 am
1001 521 1071 573 ut
1107 523 1335 574 taceam
1362 515 1605 574 illorum
1633 515 1915 574 librorum
1942 514 2415 588 emendationem,
2444 517 2549 575 nbi

301 623 755 700 Bambergensis
784 641 892 681 nos
921 624 1197 696 destituit,
1221 625 1297 682 ab
1321 642 1392 682 ea
1418 624 1788 701 perfectione,
1818 643 1969 700 quae
1996 642 2100 681 sex
2127 624 2293 682 libris
2321 633 2548 700 postre-

301 734 422 790 mis
458 752 566 808 per
607 732 776 790 illum
815 733 1055 808 contigit
1070 775 1089 804 ,
1133 734 1346 791 mirum
1385 741 1671 808 quantum
1709 736 1944 805 abesse,
1988 733 2060 791 de
2086 733 2233 808 ipsis
2260 733 2550 808 prioribus

301 842 475 899 libris
502 860 822 916 eorumque
847 843 1252 901 emendatione
1278 844 1494 903 rectius
1521 844 1761 918 quidem
1789 861 1967 919 quam
1993 852 2130 900 ante
2156 841 2551 917 Bambergen-

301 968 434 1008 sem
459 957 757 1026 repertum
798 951 1058 1010 iudicare
1097 970 1441 1028 possumus3
1483 953 1584 1010 sed
1623 953 1770 1011 haec
1795 953 1926 1028 ipsa
1952 952 2339 1026 intelligentia
2367 951 2550 1008 confi-

301 1059 570 1117 dentiam
608 1059 789 1116 animi
826 1059 1080 1118 multum
1120 1060 1428 1121 imminuat
1467 1078 1705 1119 necesse
1743 1070 1850 1118 est.
1905 1058 2132 1132 Quodsi
2169 1060 2325 1117 enim
2366 1059 2552 1117 codex

300 1165 762 1244 Bambergensis
790 1186 909 1225 non
938 1169 1198 1227 detectus
1226 1168 1452 1240 fuisset,
1486 1187 1597 1245 per
1622 1170 1807 1227 libros
1835 1168 2311 1244 praestantiores,
2341 1168 2550 1244 quales

303 1267 451 1334 sunt
475 1275 756 1348 AVRa,
788 1277 1001 1350 quibus
1028 1277 1282 1352 proximi
1309 1278 1597 1335 accedunt
1641 1269 1757 1334 ΘΤ
1774 1278 1833 1349 d,
1883 1277 1945 1334 id
1975 1278 2120 1334 effici
2146 1295 2318 1354 posse
2345 1277 2549 1335 existi-

301 1393 535 1443 matum
557 1385 728 1456 foret,
750 1393 820 1443 ut
838 1386 1123 1444 naturalis
1145 1385 1407 1456 historia,
1432 1387 1482 1444 si
1515 1404 1632 1444 non
1665 1386 1743 1443 ad
1763 1387 1998 1462 plenam
2020 1386 2112 1443 sui
2132 1385 2547 1460 integritatem,

302 1502 374 1552 at
415 1502 571 1552 certe
608 1495 685 1551 ad
721 1512 857 1551 eum
891 1495 1139 1553 nitorem
1177 1496 1576 1565 reduceretur,
1608 1495 1709 1569 qui
1735 1495 1810 1552 ab
1845 1493 1951 1552 illa
1991 1494 2257 1570 proxime
2297 1495 2551 1552 abesset.

303 1604 478 1662 Haec
518 1621 654 1679 spes
692 1609 818 1660 tota
852 1609 944 1660 est
980 1621 1284 1661 concussa.
1349 1603 1459 1661 Uti
1499 1603 1665 1660 crisis
1706 1603 1889 1659 Plinii
1925 1621 2031 1676 per
2057 1603 2551 1676 Bambergensem

304 1721 402 1771 est
428 1711 658 1770 facilior
684 1710 861 1782 iacta,
893 1711 1053 1784 quod
1094 1728 1252 1767 nunc
1278 1710 1493 1767 rectius
1524 1709 1602 1766 de
1631 1709 1922 1766 codicibus
1950 1726 2269 1781 eorumque
2296 1712 2554 1768 auctori-

302 1827 434 1880 tate
459 1821 720 1877 iudicare
743 1820 901 1889 licet,
932 1819 1017 1875 ita
1038 1819 1239 1875 eadem
1262 1817 1450 1874 multo
1472 1834 1654 1890 quam
1681 1824 1855 1873 antea
1882 1815 2162 1873 difficilior
2188 1816 2391 1885 evasit,
2421 1817 2559 1890 quia

305 1947 352 1986 a
377 1925 806 1999 Bambergensi
834 1924 1103 1982 destituti
1129 1942 1376 1999 prorsus
1403 1926 1567 1984 dubii
1594 1927 1923 1996 haeremus,
1955 1942 2260 1999 quousque
2286 1926 2558 2002 progredi

304 2038 502 2095 liceat.
547 2035 612 2091 N
611 2053 707 2091 am
736 2032 832 2091 vel
859 2032 1209 2091 fortissimus
1237 2036 1711 2093 membranarum
1753 2035 1977 2092 assecla
2015 2034 2277 2092 confiteri
2302 2034 2553 2104 debebit,

305 2164 420 2224 per
447 2144 584 2202 illos
615 2161 764 2217 quos
796 2160 977 2218 supra
996 2143 1450 2218 praestantiores
1471 2144 1597 2203 dixi
1620 2144 1868 2215 codiceS,
1898 2143 1950 2201 si
1976 2162 2110 2201 cum
2138 2143 2555 2218 Bambergensi

307 2261 756 2330 comparantur,
806 2270 925 2309 non
974 2251 1223 2309 multum
1281 2253 1485 2327 profici
1536 2246 1734 2330 (cuius
1780 2253 1866 2310 rei
1904 2271 2038 2310 cum
2082 2253 2388 2310 innumera
2436 2252 2553 2310 alia

312 2361 606 2439 exempla,
641 2369 767 2419 tum
810 2361 1273 2418 luculentissima
1300 2369 1536 2418 exstant
1563 2357 1667 2430 36,
1711 2356 1811 2418 65.
1854 2371 1905 2418 et
1940 2363 2045 2418 alii
2083 2363 2338 2419 excidere
2377 2380 2555 2435 reyes.

311 2473 533 2533 Statuit
561 2491 672 2543 eos,
703 2470 801 2529 vel
829 2466 935 2541 36,
968 2467 1069 2528 72.
1111 2473 1334 2544 inqenio
1374 2470 1644 2528 Facundi
1680 2469 1833 2528 Novi
1869 2471 2277 2540 mathematici,
2327 2470 2449 2540 ubi,
2489 2477 2557 2526 ut

310 2580 460 2640 nihil
488 2581 675 2637 dicam
706 2580 779 2637 de
806 2595 985 2653 grege
1011 2577 1306 2636 inutilium
1335 2579 1604 2637 codicum
1635 2576 1886 2650 Zoegae,
1916 2577 2013 2635 vel
2041 2578 2177 2635 boni
2217 2579 2552 2652 ceteroquin

314 2689 569 2758 codices,
601 2689 805 2762 quales
824 2689 974 2745 -sun't
1013 2687 1070 2745 R
1084 2685 1264 2744 VTd
1278 2727 1296 2758 ,
1335 2686 1479 2744 nihil
1523 2688 1684 2758 dant,
1729 2687 1886 2761 quod
1923 2686 2037 2745 illis
2081 2687 2341 2746 codicum
2370 2687 2558 2745 servis

314 2794 622 2872 arrideat),
675 2804 736 2853 et
783 2796 1023 2872 proinde
1072 2796 1133 2854 in
1175 2795 1339 2854 libris
1386 2796 1627 2871 triginta
1682 2796 1975 2871 prioribus
2020 2796 2347 2873 permultos
2398 2796 2560 2853 locos

316 2924 631 2982 superesse
674 2906 917 2975 dolebit,
960 2905 1061 2963 ubi
1104 2907 1497 2982 corruptelam
1532 2906 1912 2965 insanabilem
1963 2906 2146 2963 latere
2184 2923 2260 2962 ex
2298 2905 2561 2963 codicum

320 3015 618 3090 scriptura
644 3013 930 3090 suspicari
956 3021 1152 3090 potest
1164 3033 1182 3085 3
1211 3016 1367 3073 idem
1397 3032 1560 3084 vero,
1590 3014 1751 3087 quod
1782 3014 1960 3069 etiam
1988 3013 2191 3068 durius
2220 3019 2336 3079 est,
2365 3011 2564 3085 plures

319 3124 575 3183 fortasse
614 3132 846 3181 exstare
885 3123 1161 3181 concedet
1176 3162 1196 3191 ,
1224 3123 1328 3179 ubi
1352 3140 1430 3178 ne
1460 3119 1714 3194 suspicio
1742 3118 1977 3193 quidem
2003 3118 2141 3175 talis
2170 3117 2373 3175 oritur.
2418 3118 2565 3191 Quis

319 3250 604 3306 umquam
647 3227 752 3302 35,
799 3226 943 3289 176.
998 3231 1124 3287 sine
1176 3227 1376 3286 codice
1413 3226 1841 3301 Bambergensi
1878 3227 2209 3302 suspicatus
2251 3236 2408 3284 esset
2456 3246 2566 3303 pro

319 3342 571 3401 candens
609 3343 670 3397 in
709 3342 883 3397 calice
923 3356 1061 3395 novo
1101 3336 1414 3412 legendum
1453 3354 1586 3394 esse
1626 3338 1843 3395 addens
1883 3338 1942 3393 in
1985 3339 2213 3395 calicem
2252 3337 2401 3407 vini,
2434 3353 2565 3393 cum

322 3450 553 3527 primae
595 3448 758 3506 vocis
794 3446 1029 3504 nullum
1069 3446 1128 3504 in
1166 3446 1431 3504 omnibus
1475 3445 1775 3503 codicibus
1814 3451 2043 3520 praeter
2068 3444 2566 3519 Bambergensem

326 3553 644 3628 vestigium
671 3561 883 3624 exstet,
915 3563 1220 3628 sequentes
1247 3555 1306 3612 in
1333 3554 1403 3613 iis
1431 3556 1606 3613 modo
1635 3560 1947 3630 corruptae
1988 3552 2291 3630 legantur?
2333 3555 2566 3613 Rursus
