2961 4861
941 344 1081 392 mn.
1116 345 1211 391 V1.
1273 344 1428 393 cAP.
1460 346 1613 393 x111.
1675 344 1870 393 snc'r.
1904 348 1965 390 15.
2441 326 2567 393 415

321 513 386 565 et
432 499 852 565 Sauromatae
894 498 1113 565 multis
1154 498 1551 575 nominibus,
1606 497 1782 563 illinc
1824 497 2091 563 Abzoae
2134 520 2261 562 non
2302 497 2569 583 paucio-x

316 600 515 666 ribus.
582 598 695 663 Ab
749 599 1016 665 introitu
1068 599 1296 663 dextra
1347 620 1716 663 mucronem
1767 598 1980 683 ipsum
2024 598 2306 663 saucium
2350 608 2572 663 tenent

317 700 524 767 Udini
558 698 951 785 Scytharum
978 701 1278 786 populus.
1331 698 1507 764 Dein
1547 721 1667 786 per
1707 722 1883 764 oram
1911 698 2173 778 Albani,
2217 708 2293 763 ut
2328 699 2568 778 ferunt,

319 802 402 867 ab
429 802 662 866 Iasone
690 800 870 880 creti,
918 811 1069 866 ante
1103 822 1264 884 quos
1293 823 1470 865 mare
1500 800 1675 883 quod
1703 811 1801 865 est
1830 799 2159 866 Albanum
2186 801 2568 867 nominatur.

319 902 509 969 Haec
561 925 724 990 gens
771 903 1113 988 superfusa
1152 901 1474 967 montibus
1521 898 1853 966 Caucasiis
1897 902 1981 966 ad
2028 899 2277 987 Cyrum
2319 924 2573 968 amnem
2596 916 2661 964 39

319 1004 675 1070 Armeniae
719 1004 1062 1069 confinium
1103 1014 1298 1087 atque
1338 1001 1591 1068 Iberiae
1636 1000 2000 1081 descendit,
2046 1013 2121 1066 ut
2163 1004 2406 1068 dictum
2450 1013 2568 1068 est.

320 1102 539 1190 Supra
589 1104 906 1168 maritima
958 1105 1095 1169 eius
1138 1080 1635 1187 Udinorumque
1677 1112 1940 1191 gentem
1986 1100 2321 1169 Sarmatae
2337 1152 2355 1182 ,
2416 1102 2571 1168 Uti-

320 1190 514 1283 dorsi,
559 1202 869 1270 Aroteres
897 1205 1427 1291 praetenduntur,
1473 1225 1745 1287 quorum
1785 1226 1824 1267 a
1865 1213 2047 1291 tergo
2087 1204 2405 1269 indicatae
2443 1203 2573 1268 iam

320 1306 691 1372 Amazones
737 1303 1237 1371 Sauromatides.
1303 1304 1605 1369 Flumina
1657 1326 1774 1390 per
1821 1301 2168 1369 Albaniam
2221 1304 2571 1370 decurrunt

319 1409 388 1472 in
444 1428 623 1470 mare
686 1403 921 1471 Casius
980 1417 1046 1471 et
1099 1406 1433 1483 Albanus,
1495 1405 1646 1469 dein
1702 1402 2061 1489 Cambyses
2117 1405 2185 1469 in
2241 1402 2572 1470 Caucasiis

323 1519 502 1574 ortus
544 1507 890 1586 montibus,
934 1530 1087 1572 mox
1127 1505 1342 1591 Cyrus
1385 1507 1454 1571 in
1494 1503 1849 1584 Coraxicis,
1896 1516 1970 1570 ut
2012 1506 2312 1572 diximus.
2370 1505 2575 1571 Oram

323 1632 576 1676 omnem
642 1633 682 1674 a
748 1606 944 1674 Casio
1008 1608 1314 1694 praealtis
1377 1607 1649 1694 rupibus
1713 1607 2107 1673 inaccessam
2168 1618 2390 1693 patere
2454 1631 2574 1694 per

321 1733 612 1775 ccccxxv
655 1732 706 1773 m
747 1732 813 1795 p.
868 1719 1092 1774 auctor
1144 1720 1243 1774 est
1295 1708 1614 1797 Agrippa.
1688 1708 1757 1772 A
1810 1706 1986 1792 Cyro
2034 1706 2344 1794 Caspium
2396 1732 2573 1774 mare

323 1811 540 1878 vocari
580 1800 811 1895 incipit
826 1835 846 1886 ;
894 1802 1196 1873 adcoh‘mt
1239 1806 1479 1895 Caspii.
1543 1806 1979 1894 Corrigendus
2024 1819 2123 1874 est
2162 1808 2230 1872 in
2271 1809 2391 1875 hoc
2431 1810 2571 1875 loco
2597 1825 2664 1870 40

324 1934 497 1977 error
553 1911 896 1974 multorum
913 1956 933 1987 ,
995 1910 1188 1974 etiam
1240 1910 1352 1993 qui
1407 1909 1475 1973 in
1530 1908 1840 1989 Armenia
1896 1932 2001 1973 res
2057 1932 2371 1995 proxume
2424 1933 2572 1976 cum

325 2010 693 2077 Corbulone
747 2032 1028 2098 gessere.
1099 2008 1392 2093 Namque
1444 2009 1513 2073 hi
1566 2007 1839 2095 Caspias
1896 2012 2298 2096 appellavere
2352 2022 2572 2097 portas

320 2113 573 2179 Iberiae
620 2134 780 2195 quas
827 2109 1175 2176 Caucasias
1218 2110 1500 2175 diximus
1554 2111 1804 2189 vocari,
1862 2112 2149 2195 situsque
2210 2114 2451 2200 depicti
2508 2123 2574 2180 et

321 2215 474 2280 inde
528 2213 707 2279 missi
759 2214 881 2278 hoc
923 2234 1154 2277 nomen
1195 2211 1576 2297 inscriptum
1616 2211 1873 2277 habent.
1940 2212 2030 2277 Et
2070 2213 2346 2280 Neronis
2387 2215 2570 2301 prin-

323 2316 489 2402 cipis
534 2314 918 2381 conminatio
960 2312 1045 2377 ad
1088 2309 1363 2398 Caspias
1416 2322 1634 2398 portas
1690 2313 1953 2378 tendere
2005 2315 2364 2394 dicebatur,
2425 2340 2572 2381 cum

323 2425 576 2504 peteret
616 2416 759 2482 illas
804 2437 969 2499 quae
1012 2436 1129 2500 per
1156 2412 1435 2478 Iberiam
1475 2412 1545 2477 in
1577 2409 1907 2478 Sarmatas
1953 2415 2244 2494 tendunt,
2289 2417 2401 2482 vix
2442 2418 2571 2486 ullo

322 2528 589 2604 propter
630 2516 958 2604 oppositos
999 2514 1234 2579 montis
1278 2514 1458 2577 aditu
1502 2513 1587 2577 ad
1633 2510 1943 2600 Caspium
1984 2538 2181 2582 mare.
2239 2515 2410 2582 Sunt
2452 2542 2567 2585 au-

323 2687 382 2752 β.
422 2730 482 2740 ...
524 2688 837 2753 lonqitudine,
871 2690 919 2737 d.
956 2727 1020 2736 -.
1058 2695 1218 2748 atque,
1252 2686 1353 2734 ΤΡ
1365 2685 1412 2734 d.
1467 2686 1645 2750 adque,
1681 2688 1743 2737 R.
1799 2695 1870 2749 at,
1901 2684 2002 2752 βγ.
2040 2730 2102 2738 .-
2134 2690 2327 2755 pandit,
2359 2695 2465 2744 Rd,
2504 2736 2567 2745 —

324 2757 559 2821 obliquat,
581 2759 642 2807 P.
669 2798 732 2806 .-
767 2755 1052 2815 Maeotium,
1075 2753 1292 2804 RTPd.
1331 2750 1565 2814 Maeotin,
1589 2748 1647 2813 β.
1677 2796 1740 2803 -.
1777 2753 2088 2817 descendens,
2113 2759 2316 2811 RSTP
2329 2763 2376 2810 d.
2414 2761 2569 2812 disce-

324 2825 458 2887 dens,
481 2820 539 2885 β.
577 2864 641 2872 -.
677 2821 855 2884 sicilis,
878 2823 1030 2873 RSd.
1075 2820 1243 2880 silicis,
1266 2822 1382 2870 TP.
1428 2819 1649 2885 Scythici
1668 2838 1837 2883 arcus,
1861 2818 1919 2882 β.
1966 2823 2176 2886 sicilicis,
2200 2828 2333 2876 Pint.
2372 2869 2435 2877 -..
2472 2829 2568 2891 M,

325 2893 446 2943 RP.
484 2891 661 2940 Omitt.
686 2890 790 2939 Td.
826 2931 890 2940 ,-
920 2904 1031 2954 per,
1058 2889 1220 2936 omitt.
1242 2888 1348 2935 Rd.
1377 2928 1436 2936 .-
1476 2888 1807 2949 communiunt,
1831 2891 1890 2938 P.
1920 2930 1982 2938 -
2017 2891 2194 2952 Abzoe,
2219 2895 2266 2942 d.
2302 2895 2451 2955 Abze,
2474 2898 2567 2946 R1.

323 2956 476 3018 Abzo‚
499 2958 590 3006 R2.
624 2957 803 3016 Abece,
825 2957 885 3005 P.
922 2997 984 3004 -
1023 2954 1280 3003 tenentium
1305 2952 1432 3013 dein,
1457 2956 1506 3003 d.
1543 2956 1793 3004 tenentium
1819 2955 1971 3017 denis,
1993 2958 2053 3007 P.
2081 2998 2144 3006 -
2180 2958 2390 3022 Deinde,
2413 2964 2473 3011 P.
2502 3003 2566 3012 —

324 3026 459 3085 creti,
482 3026 574 3075 Pr.
611 3024 743 3084 certi,
769 3025 815 3072 d.
865 3020 1005 3081 circi,
1039 3021 1161 3071 ΒΤ.
1208 3019 1319 3081 orti,
1344 3016 1444 3085 βγ.
1485 3061 1548 3069 -..
1586 3020 1727 3084 quod,
1751 3023 1914 3075 RPd.
1956 3063 2019 3071 .-
2056 3041 2188 3074 mare
2211 3034 2296 3087 est,
2321 3029 2395 3077 di·
2433 3046 2567 3080 mare

327 3093 504 3152 absest,
527 3092 618 3141 ΒΕ
656 3091 811 3149 abest,
833 3089 1044 3139 R2Pd2.
1080 3089 1331 3151 Equidem
1351 3088 1577 3138 Plinium
1603 3090 1858 3152 scripsisse
1881 3091 2117 3139 arbitror:
2155 3101 2266 3143 ante
2292 3112 2412 3157 quos
2438 3096 2570 3159 quod

324 3175 457 3208 mare
482 3168 563 3218 est,
587 3158 652 3207 A.
684 3176 729 3207 n.
768 3157 1071 3220 Corruptela
1092 3163 1225 3204 certe
1249 3156 1405 3205 latere
1429 3156 1639 3204 videtur.
1680 3197 1741 3204 -.
1777 3156 2038 3217 Albarum,
2061 3158 2124 3206 R.

394 3226 424 3286 ξ
450 3233 531 3277 39.
575 3222 862 3286 Caucaseis,
886 3227 930 3274 P
940 3220 998 3285 β
1038 3264 1101 3272 -.
1141 3221 1320 3272 dictum
1353 3232 1427 3271 est
1457 3226 1486 3286 ξ
1513 3228 1592 3272 29.
1618 3265 1680 3272 -
1719 3232 1808 3285 est,
1834 3240 1933 3272 om.
1958 3226 2017 3273 P.
2045 3266 2107 3274 .-
2145 3225 2328 3291 Supra,
2352 3221 2564 3281 ROTd.

325 3292 505 3359 Super,
529 3289 641 3353 Ρβ.
682 3334 745 3342 -.
781 3294 829 3342 in
853 3292 1182 3354 dinorumque,
1205 3292 1264 3339 P.
1305 3331 1362 3339 ...
1400 3289 1656 3351 Armatae,
1680 3292 1787 3340 Rd.
1823 3293 1873 3341 in
1900 3294 2171 3350 armethem,
2193 3294 2252 3344 P.
2287 3337 2350 3345 -
2386 3297 2562 3360 Dor-si,

322 3362 382 3411 P.
422 3402 485 3410 -
522 3359 824 3420 indicatae§
858 3366 940 3409 35.
979 3400 1042 3408 ...
1077 3359 1362 3419 Amazones,
1385 3358 1593 3408 Barbar.
1629 3357 1898 3408 Amazones
1931 3368 1993 3420 et,
2017 3362 2235 3412 RTPd.
2274 3405 2336 3412 ..-
2377 3364 2565 3428 Casius,

319 3429 420 3477 vid.
444 3430 566 3478 Mel.
589 3431 687 3478 ΠΙ.
716 3434 760 3487 5,
786 3435 832 3477 4.
875 3425 1058 3487 Casus,
1080 3428 1240 3477 RPd.
1268 3467 1330 3475 .-
1365 3424 1626 3486 Albanas,
1650 3428 1714 3477 R.
1742 3468 1805 3475 -
1842 3425 1972 3489 dein,
1995 3428 2213 3479 RTPd.
2252 3429 2440 3493 deinde,
2464 3429 2564 3497 βγ.

324 3536 388 3543 -.
429 3493 711 3555 Coraxicis,
744 3497 950 3545 Barbar.
1002 3491 1303 3554 Choma-icis,
1337 3495 1401 3543 R.
1456 3492 1719 3556 Gorasicis,
1742 3496 1843 3544 Pd.
1882 3535 1945 3543 .-
1982 3498 2070 3557 uti,
2101 3497 2219 3547 ΒΤ.
2258 3538 2322 3547 -
2357 3498 2567 3550 diximus

323 3563 353 3621 ξ
380 3568 460 3611 26.
487 3604 551 3611 .-
583 3562 744 3623 Casio,
768 3564 902 3612 Pint.
946 3561 1095 3624 Casu,
1117 3562 1232 3611 ΒΡ.
1277 3559 1418 3622 Cam,
1444 3562 1496 3612 S.
1533 3560 1687 3624 Raso,
1713 3563 1845 3612 Td2.
1885 3579 2021 3624 rasu,
2047 3566 2121 3613 d'.
2162 3562 2401 3627 Caucaso,
2420 3561 2478 3626 β.
2501 3608 2563 3616 ,-

315 3628 579 3692 praelatis‚
603 3632 652 3679 d.
689 3671 751 3679 -
791 3630 1105 3689 inaccessam,
1130 3630 1182 3680 S.
1229 3646 1487 3690 accessam,
1510 3630 1574 3678 R.
1619 3645 1883 3691 accessum,
1909 3631 2015 3680 Td.
2053 3648 2316 3694 accensum,
2338 3632 2398 3682 P.
2432 3634 2564 3684 inac-

322 3693 549 3774 cesso‚ss.
588 3713 895 3813 —Pyaryre,
927 3698 1036 3747 Rd.
1079 3697 1304 3761 qarqiae,
1338 3700 1397 3748 P.
1438 3738 1501 3746 ....
1531 3713 1637 3762 per,
1676 3697 1787 3748 Rd.
1827 3714 1923 3761 per
1943 3716 2009 3762 p,
2050 3700 2109 3748 P.
2147 3699 2324 3751 omitt.
2357 3695 2460 3765 βγ.
2500 3742 2562 3751 .-

319 3781 500 3824 vocarz,
525 3780 627 3813 om.
698 3801 710 3813 .

388 3829 417 3891 ὅ
444 3839 524 3881 40.
563 3832 613 3881 in
637 3829 741 3894 hoc,
765 3833 824 3882 Ρ.
861 3832 925 3894 in,
949 3833 1111 3883 R'rd.
1139 3873 1201 3881 .-
1240 3847 1389 3894 error,
1414 3833 1522 3883 Rd.
1558 3834 1701 3882 Pone
1726 3840 1800 3882 est
1824 3833 2083 3883 collocant
2104 3829 2260 3897 Ρβγ.
2297 3875 2360 3883 -.
2397 3836 2562 3886 multo-

320 3916 439 3960 rum,
472 3900 652 3949 RTP.
700 3899 953 3968 multorum
986 3916 1163 3957 eorum,
1203 3891 1346 3964 θᾱγ.
1393 3901 1642 3950 multorum
1669 3909 1914 3961 eteorum,
1945 3895 2002 3960 β.
2041 3942 2105 3949 .-
2142 3899 2291 3963 Nam,
2316 3904 2374 3952 P.
2414 3944 2476 3952 ...
2513 3905 2567 3954 hi

324 3963 563 4031 Caspias,
596 3968 654 4017 P.
712 3964 769 4015 1ιί
803 3963 1099 4031 Caspasias‚
1132 3968 1195 4016 R.
1251 3966 1290 4015 ii
1322 3964 1556 4032 Caspiae,
1591 3968 1653 4016 Τ.
1701 3966 2039 4031 iscappasias,
2072 3957 2139 4018 d?
2159 4010 2221 4018 .-
2253 3980 2441 4034 portas,
2475 3972 2561 4021 hic

317 4050 488 4084 rursus
519 4035 697 4097 incipit
726 4035 794 4083 A.
831 4075 894 4083 ....
933 4032 1145 4084 diximus
1168 4037 1197 4097 ξ
1221 4040 1305 4085 30.
1333 4075 1396 4084 .-
1432 4034 1735 4097 inscriptum,
1759 4034 1812 4083 A
1829 4036 1873 4083 Ρ
1883 4038 1928 4084 (1.
1966 4035 2212 4099 scriptum,
2235 4039 2299 4087 R.
2327 4078 2388 4086 ..
2449 4054 2559 4089 rae-

320 4100 498 4164 teriret,
532 4104 591 4152 P.
631 4143 694 4152 -..
741 4101 851 4163 ἰῑῐο,.
875 4101 939 4150 R.
983 4143 1046 4152 .-
1095 4101 1352 4165 oppositos,
1382 4101 1540 4151 RAS
1553 4103 1668 4151 ΤΡ.
1723 4101 1982 4166 apposito-9,
2017 4099 2190 4167 drssr.
2246 4105 2360 4156 Om.
2399 4055 2454 4155 ἔ.
2493 4148 2557 4156 .-

319 4167 465 4218 aditu.
501 4166 840 4288 Αᾱὲῗχὲξαηι
863 4185 995 4219 mare
1017 4177 1124 4220 sunt
1148 4168 1292 4231 aliae,
1311 4164 1367 4229 β.
1404 4170 1684 4231 Vulgatam
1707 4170 2163 4234 interpunctionem
2188 4180 2237 4222 et
2261 4175 2559 4238 scripturam

317 4242 520 4285 tuentur
539 4239 588 4290 R
764 4239 846 4287 dr.
