2961 4861
1286 356 1665 399 PRAEFATIO.
2459 357 2594 397 LVII

1146 504 1516 634 Arche'typum.

620 687 686 729 xl
1944 690 2014 732 x2

348 875 412 923 B.
437 875 962 937 Pseudo-Appuleius,
1032 875 1085 924 A
2102 882 2173 925 x3

351 942 652 992 scholiastes
678 941 982 993 Germanici.
2124 938 2131 1005 Ι

1150 1059 1222 1101 x4
1711 1060 1781 1104 x5
2272 1057 2343 1101 x6

916 1248 923 1259 ·
951 1185 1455 1280 Ἦ
1491 1187 1995 1282 W
2035 1235 2102 1282 x7
2213 1237 2281 1280 x8
2423 1234 2494 1278 x9

923 1298 1280 1359 Murbacensis‚
1301 1299 1500 1350 codices
1726 1296 1735 1434 Ι
1949 1295 2147 1387 —J—
2233 1294 2242 1360 Ι
2452 1291 2460 1357 Ι

2168 1358 2578 1391 μί--ώ-

921 1364 1130 1415 Basbffl‘
1163 1374 1215 1416 0⁸
1249 1365 1462 1418 Gfflfflffi·
1948 1396 2579 1462 hoopqo.NPp.CN2N³i1.

1533 1440 1937 1534 ι--ᾺΓ

429 1599 564 1658 Hoc
599 1601 675 1658 ad
713 1606 960 1658 stemma
994 1598 1413 1660 illustrandum
1452 1620 1644 1678 pauca
1685 1611 1824 1660 sunt
1861 1601 2145 1658 addenda.
2204 1601 2286 1658 Et
2325 1601 2579 1676 primum

347 1709 581 1783 quidem
621 1726 772 1784 quae
811 1728 993 1784 supra
1031 1710 1105 1767 de
1146 1710 1388 1786 singulis
1418 1711 1714 1769 codicibus
1743 1710 1865 1766 dixi
1892 1710 2106 1767 docent
2129 1727 2331 1766 omnes
2360 1711 2586 1767 codices

347 1834 427 1872 ex
465 1819 780 1894 archetypo
808 1818 1017 1874 litteris
1047 1819 1345 1892 quadratis
1384 1824 1627 1876 exarato
1654 1830 1953 1889 manasse3
1985 1824 2111 1874 tum
2139 1816 2309 1874 multi
2336 1816 2451 1874 loci
2477 1835 2588 1893 per

347 1924 715 1999 corruptelas
757 1942 1099 1983 communes
1142 1932 1434 1984 testantur
1476 1943 1676 1984 omnes
1716 1942 1864 2001 quos
1901 1927 2019 1984 iam
2058 1925 2327 1983 novimus
2358 1926 2585 1984 codices

345 2052 423 2091 ex
449 2051 569 2089 uno
599 2034 889 2091 communi
917 2033 1079 2092 fonte
1107 2053 1238 2092 esse
1264 2034 1509 2093 haustos
1540 2028 1630 2112 (v.
1647 2036 1722 2093 ad
1744 2030 1848 2106 33,
1876 2031 2019 2094 108.
2048 2037 2453 2106 avellanarum,
2477 2029 2583 2106 35,

345 2137 449 2200 11.
479 2151 552 2212 et,
581 2149 758 2216 atque
797 2142 870 2200 de
895 2142 1060 2202 libris
1088 2144 1379 2219 prioribus
1407 2144 1484 2202 ad
1511 2143 1698 2219 praef.
1728 2147 1760 2212 ξ
1791 2139 1871 2216 8.,
1914 2144 2016 2201 ubi
2046 2161 2249 2201 omnes
2278 2143 2391 2200 mei
2420 2144 2582 2200 codi-
2621 2196 2635 2205 .

344 2268 439 2309 ces
466 2252 664 2326 inepto
691 2250 1046 2326 glossemate
1067 2261 1205 2311 sunt
1225 2250 1568 2329 deturpati).
1616 2249 1792 2325 Quod
1812 2253 1930 2310 iam
1951 2254 2028 2311 ad
2050 2252 2308 2327 singulas
2330 2251 2584 2310 familias

344 2360 606 2418 codicum
655 2361 891 2433 attinet,
942 2362 1126 2419 codex
1166 2363 1239 2419 x¹
1277 2363 1526 2420 difficilis
1570 2363 1725 2419 lectu
1762 2370 1822 2419 et
1855 2362 2083 2419 lacunis
2128 2361 2399 2419 foedatus
2451 2360 2580 2419 fuit.

345 2469 569 2542 Quodsi
617 2471 771 2528 enim
825 2470 1094 2529 librarius
1138 2469 1595 2546 Bambergensis
1644 2472 1748 2529 illo
1787 2488 1934 2529 usus
1987 2472 2048 2527 in
2089 2471 2465 2529 describendo
2513 2489 2584 2528 eo

338 2578 558 2654 primas
596 2577 733 2637 illas
768 2579 1012 2637 lacunas
1053 2579 1372 2653 intulisset,
1416 2580 1693 2638 librarius
1731 2580 2022 2638 secundae
2059 2598 2292 2650 manus,
2334 2579 2435 2653 qui
2475 2579 2579 2636 vel

341 2688 648 2745 levissima
689 2688 835 2746 vitia
882 2689 1094 2766 prioris
1134 2698 1409 2747 accurate
1451 2688 1815 2761 emendavit,
1868 2689 2019 2747 tales
2063 2688 2403 2747 omissiones
2464 2707 2584 2746 non

342 2797 724 2872 neglexisset,
777 2797 880 2855 sed
921 2798 1175 2872 margini
1218 2798 1616 2874 appinxisset.
1682 2796 1885 2857 Codex
1930 2818 1974 2855 x
1989 2798 2014 2835 ²
2062 2799 2282 2874 pariter
2324 2798 2574 2856 difficilis

336 2904 513 2977 lectu,
543 2905 698 2963 unde
722 2906 926 2980 ingens
965 2907 1130 2982 copia
1188 2926 1452 2966 errorum
1494 2908 1750 2965 maxime
1793 2907 2091 2964 nominum
2126 2907 2496 2982 propriorum
2521 2907 2585 2963 in

338 3014 633 3073 codicibus
660 3014 795 3073 inde
820 3014 1098 3075 derivatis
1127 3018 1477 3093 explicatur,
1516 3035 1704 3075 novas
1746 3016 1971 3087 sibique
2005 3015 2274 3088 proprias
2343 3015 2585 3072 lacunas

334 3122 557 3195 habuit,
601 3142 753 3198 quae
792 3124 1062 3201 deinceps
1100 3144 1207 3200 per
1269 3124 1495 3182 codices
1523 3142 1598 3180 ex
1626 3141 1696 3200 eo
1724 3121 1967 3178 haustos
1997 3128 2135 3178 sunt
2162 3127 2387 3178 auctae.
2431 3119 2585 3178 Cum

332 3251 474 3291 vero
503 3234 688 3291 codex
714 3230 778 3289 A
804 3233 994 3290 multo
1022 3231 1413 3307 praestantior
1441 3230 1520 3286 sit
1560 3228 1850 3287 codicibus
1880 3230 2083 3286 ceteris
2102 3229 2271 3287 bonis
2294 3229 2582 3302 omnibus,

335 3340 649 3414 gemellum
688 3341 828 3400 huic
864 3340 1083 3397 librum
1127 3334 1200 3418 (x
1222 3333 1278 3418 3)
1328 3337 1584 3396 adfuisse
1633 3346 1895 3413 oportet,
1946 3339 2104 3396 unde
2153 3339 2329 3397 ceteri
2378 3357 2580 3398 omnes

337 3448 566 3505 codices
619 3449 937 3507 fluxerunt.
1008 3447 1090 3505 Et
1168 3457 1357 3520 aeth
1411 3448 1677 3523 quidem,
1735 3466 1853 3506 non
1910 3449 2219 3524 dignitate,
2275 3450 2436 3526 prior
2490 3458 2583 3509 est

336 3555 485 3615 ordo
534 3573 737 3613 eorum
773 3558 1038 3615 codicum
1049 3598 1069 3628 ,
1123 3558 1226 3632 qui
1275 3529 1528 3622 codicem
1575 3576 1617 3613 x
1635 3557 1660 3593 4
1700 3563 1839 3615 sunt
1912 3559 2122 3630 secuti,
2175 3560 2278 3632 qui
2325 3559 2470 3617 ordo
2518 3559 2578 3616 in

330 3665 675 3742 repetitione
697 3666 1014 3724 verborum
1037 3661 1140 3738 33,
1159 3661 1432 3726 95-98.
1457 3684 1592 3724 cum
1613 3663 1677 3722 V
1697 3667 1988 3741 congruit.
2017 3666 2115 3723 Ex
2134 3667 2374 3726 meliore
2394 3667 2573 3741 fonte,

333 3791 696 3850 quamquam
723 3773 1019 3833 inferioris
1047 3777 1277 3849 aetatis,
1302 3776 1518 3834 hausta
1543 3783 1635 3833 est
1660 3774 1883 3833 familia
1915 3775 2130 3833 codicis
2159 3775 2253 3846 x⁵,
2290 3792 2460 3850 quem
2484 3777 2576 3835 illi

328 3883 586 3943 familiae
621 3901 666 3940 x
683 3882 709 3921 4
745 3891 937 3942 aetate
977 3885 1178 3968 cedere
1213 3886 1420 3944 docent
1464 3884 1948 3959 transpositiones
2019 3903 2265 3961 magnae
2305 3885 2366 3943 in
2412 3886 2575 3945 libris

330 3989 519 4052 2-4.
541 3988 643 4053 31.
668 3989 775 4053 32.
798 3989 900 4053 33.
935 4011 1115 4070 supra
1144 4000 1628 4053 commemoratae
1654 3998 1714 4048 et
1740 3992 1801 4049 in
1830 3993 1907 4048 x4
1954 4012 2070 4052 non
2115 3995 2340 4053 obviae.
2380 3993 2575 4055 Acce-

329 4102 518 4161 dimus
546 4102 663 4161 iam
690 4103 767 4161 ad
797 4103 1028 4162 codices
1049 4102 1346 4179 prioribus
1375 4102 1495 4161 illis
1524 4101 1868 4160 auctoritate
1897 4119 2012 4160 non
2040 4104 2397 4177 aequandos,
2428 4122 2573 4179 quo-

329 4233 459 4271 rum
500 4233 542 4270 x
562 4213 587 4250 ὅ
634 4233 740 4290 per
791 4213 992 4289 plures
1032 4213 1254 4289 gradus
1304 4232 1337 4270 e
1388 4211 1471 4269 x²
1511 4210 1809 4270 derivatus
1860 4228 1976 4269 non
2024 4230 2266 4288 paucas„
2292 4213 2570 4273 lectiones
