2961 4861
1214 434 1597 481 PRAEFATIO.
2312 441 2521 484 Lxxm

262 588 532 649 videant.
574 587 770 648 Multa
808 587 1064 648 fortasse
1100 605 1197 649 me
1236 589 1445 650 melius
1482 590 1625 649 dare
1664 590 1927 668 potuisse
1940 633 1957 664 ,
1997 590 2051 651 si
2091 591 2309 651 diutius
2345 595 2523 653 etiam

261 715 427 777 opus
452 698 518 757 in
545 698 774 758 scriniis
795 698 942 757 meis
971 715 1323 773 servassem,
1349 698 1478 777 ipse
1507 700 1722 778 optime
1748 700 1871 760 scio
1898 718 2091 779 neque
2118 702 2358 779 ignarus
2391 719 2524 763 sum

258 804 722 868 Lobeckium
761 824 963 868 omnes
1002 807 1313 869 festinasse
1354 809 1569 884 dicere,
1619 827 1871 888 quorum
1908 810 2007 870 alii
2046 810 2185 872 libri
2222 819 2526 873 exstarent

257 925 508 996 praeter
530 925 870 995 postumos3
900 923 965 977 at
988 917 1143 978 idem
1171 916 1279 979 Go
1292 918 1563 978 ethium
1590 919 1782 979 dicere
1810 921 2073 995 memini,
2099 939 2318 997 magno
2345 921 2522 982 alicui

258 1033 326 1086 et
352 1044 468 1104 per
492 1025 694 1105 plures
721 1025 995 1105 deinceps
1022 1045 1209 1087 annos
1246 1034 1500 1088 tractato
1535 1029 1699 1106 operi
1726 1029 1961 1090 tandem
1998 1029 2317 1106 aliquando
2343 1031 2522 1091 finem

256 1135 691 1214 imponendum
719 1152 867 1195 esse.
910 1134 985 1194 Id
1012 1142 1169 1195 certe
1193 1155 1288 1196 me
1308 1138 1677 1215 praestitisse
1703 1145 1870 1216 puto,
1898 1147 1967 1197 ut
1990 1139 2108 1198 iam
2128 1140 2306 1199 Plinii
2333 1140 2521 1200 oratio

258 1251 434 1304 certo
453 1245 836 1304 fundamento
854 1243 1100 1318 nitatur,
1128 1246 1283 1305 unde
1310 1254 1440 1306 tuto
1465 1248 1743 1324 progredi
1761 1248 1975 1325 possis,
2004 1255 2073 1308 ut
2100 1249 2175 1309 sit
2202 1250 2519 1327 cognitum,

258 1354 414 1432 quid
442 1354 757 1427 codicibus,
804 1354 948 1433 quid
974 1355 1322 1416 coniecturis
1351 1355 1615 1417 virorum
1642 1356 1951 1419 doctorum
1978 1359 2280 1433 debeatur,
2322 1365 2392 1419 ut
2429 1359 2522 1419 di·

259 1472 445 1525 scant
478 1448 763 1542 plurimas
808 1481 984 1524 voces
1022 1470 1085 1524 et
1125 1464 1451 1526 locutiones
1493 1483 1649 1543 quae
1697 1484 1855 1528 nunc
1903 1468 1967 1527 in
2007 1467 2210 1529 lexicis
2249 1466 2349 1527 vel
2391 1466 2522 1527 aliis

148 1599 152 1602 ·
255 1574 436 1634 libris
471 1581 542 1634 ut
566 1571 870 1634 Plinianae
906 1572 1398 1634 circumferuntur
1432 1575 1571 1634 inde
1609 1574 1918 1636 eiiciendae
1948 1595 2108 1651 esse,
2147 1576 2287 1653 quia
2324 1577 2521 1636 conie-

258 1682 454 1745 cturis
490 1683 875 1755 debebantur,
913 1699 1068 1758 quae
1095 1690 1202 1742 aut
1226 1683 1569 1742 melioribus
1606 1683 1869 1743 codicum
1905 1686 2210 1762 scripturis
2246 1686 2523 1745 cederent

261 1792 536 1871 oportuit
571 1800 675 1853 aut
709 1799 868 1852 certe
891 1792 1127 1867 magnis
1163 1792 1625 1852 dubitationibus
1653 1793 1942 1852 obnoxiae
1971 1800 2166 1862 erant3
2207 1798 2269 1851 et
2293 1793 2356 1852 in
2381 1793 2520 1851 uni-

238 1919 516 1962 versum
540 1900 602 1960 id
626 1901 702 1959 de
728 1917 825 1963 me
853 1900 1142 1977 spondere
1166 1917 1439 1980 possum,
1484 1918 1579 1959 me
1604 1907 1674 1960 ut
1700 1918 1850 1979 opus
1892 1909 2058 1961 tanta
2091 1919 2298 1980 regum
2326 1919 2521 1978 augu-

262 2009 670 2070 stissimorum
708 2007 1099 2069 munificentia
1138 2018 1200 2069 et
1235 2011 1672 2088 exspectatione
1708 2009 2006 2072 hominum
2045 2011 2353 2072 doctorum
2391 2012 2520 2070 sine

261 2137 414 2179 mea
439 2119 617 2198 culpa
639 2135 748 2198 per
771 2117 1003 2197 longius
1023 2120 1302 2198 temporis
1330 2119 1582 2197 spatium
1611 2119 1777 2181 elusa
1802 2139 1922 2181 non
1941 2138 2183 2199 prorsus
2211 2121 2518 2198 indignum

260 2229 611 2308 perficerem
639 2246 935 2290 summum
964 2229 1123 2306 quod
1149 2229 1315 2308 potui
1340 2230 1597 2290 studium
1623 2230 2000 2309 impendisse.

355 2363 694 2425 Scribebam
722 2363 1039 2425 Dresdae
1066 2365 1257 2444 pridie
1284 2362 1567 2424 kalendas
1596 2363 1832 2444 Apriles
1866 2361 2411 2425 MDCCCXLVII.

349 2754 528 2816 Hanc
569 2755 995 2835 praefationem
1030 2756 1268 2816 editioni
1304 2773 1469 2816 meae
1508 2753 1687 2815 Plinii
1714 2752 1971 2817 Secundi
2008 2752 2512 2831 praemittendam,

262 2882 450 2940 quam
488 2884 646 2925 nunc
671 2864 866 2938 TIBI,
908 2865 1099 2924 lector
1125 2864 1436 2940 benevole,
1473 2866 1680 2943 paucis
1713 2866 1779 2925 in
1804 2864 1950 2924 locis
1994 2863 2091 2923 vel
2129 2871 2367 2923 auctam
2415 2862 2515 2922 vel

259 2975 640 3034 immutatam
666 2975 902 3047 tradidi,
929 2980 1245 3052 postquam
1272 2982 1413 3035 ante
1438 2981 1561 3035 tres
1588 2981 1649 3034 et
1674 2974 1833 3051 quod
1864 2971 2124 3031 excurrit
2150 2989 2335 3032 annos
2363 2972 2514 3032 scri-

135 3110 140 3115 ·
261 3101 525 3160 pseram,
563 3083 996 3162 redemptorem
1016 3086 1216 3164 ,operis
1245 3102 1390 3144 sane
1428 3083 1613 3160 ampli
1650 3099 1762 3140 nec
1800 3081 1930 3139 sine
1970 3078 2198 3154 magnis
2233 3078 2515 3155 impensis

263 3192 620 3270 suscipiendi
648 3210 935 3268 quaerere
964 3193 1148 3270 coepi.
1177 3192 1266 3252 At
1292 3190 1490 3251 evenit
1508 3190 1667 3266 quod
1687 3187 1820 3247 fore
1838 3186 2267 3264 praevideram.
2295 3186 2514 3246 Plures

216 3299 223 3305 ”
263 3318 417 3374 quos
452 3302 728 3378 deinceps
769 3303 1121 3362 accedebam
1162 3299 1318 3361 Sosii
1352 3296 1697 3359 nobilissimi
1732 3298 2185 3371 litterarumque
2223 3296 2513 3357 iuvanda-

265 3425 405 3465 rum
432 3410 628 3468 studio
654 3410 878 3486 alioqui
905 3410 1162 3485 insignes
1183 3410 1355 3471 bonis
1376 3427 1528 3485 quae
1549 3407 1821 3469 dicuntur
1850 3407 2057 3467 litteris
2077 3405 2239 3466 haud
2257 3407 2512 3467 multum

267 3516 478 3575 confisi
513 3524 574 3575 et
612 3519 829 3578 nostris
869 3518 1239 3596 potissimum
1282 3518 1642 3597 temporibus
1682 3535 1964 3594 maguum
2002 3517 2221 3576 librum
2260 3534 2511 3594 eumque

264 3623 695 3702 philologicum
732 3644 1014 3703 magnum
1053 3628 1275 3690 malum
1313 3648 1448 3689 cum
1477 3627 1840 3689 Callimacho
1875 3627 2146 3687 arbitrati
2183 3627 2510 3687 comissime

264 3735 488 3812 pariter
511 3740 691 3811 atque
720 3736 1149 3812 elegantissime
1174 3740 1607 3817 responderunt
1633 3757 1699 3798 se
1726 3737 1938 3798 honori
1963 3745 2088 3796 tam
2116 3734 2337 3811 egregii
2371 3753 2511 3812 ope-

264 3845 347 3905 ris
374 3845 711 3922 publicandi
736 3846 989 3925 impares
1010 3866 1075 3908 se
1096 3850 1409 3909 sentientes
1433 3849 1605 3909 illum
1634 3831 1877 3926 collegis
1906 3848 2031 3907 suis
2050 3844 2312 3905 invidere
2331 3845 2510 3905 nolle.

265 3952 349 4013 Et
374 3963 443 4015 ut
468 3955 678 4016 ultima
702 3974 839 4035 spes
865 3956 1084 4035 incepti
1104 3960 1222 4018 mei
1249 3961 1326 4018 ad
1351 3960 1578 4019 laetum
1604 3959 1782 4016 finem
1803 3955 2130 4016 deducendi
2153 3955 2511 4033 praecidere-

266 4069 387 4137 tur,
417 4064 597 4141 paulo
623 4076 762 4143 post
786 4067 1055 4128 insecuta
1082 4076 1222 4128 sunt
1248 4075 1514 4146 tempora
1539 4067 1648 4126 illa
1668 4064 2025 4126 Germaniae
2051 4065 2507 4139 luctuosissima,

270 4190 423 4246 quae
463 4176 624 4236 omni
658 4177 762 4237 alii
796 4179 884 4238 rei
920 4195 1100 4253 quam
1136 4177 1335 4239 Plinio
1376 4196 1509 4237 meo
1546 4177 1846 4256 favebant,
1887 4183 1946 4237 et
1983 4194 2117 4236 cum
2153 4183 2339 4236 totam
2365 4169 2508 4236 'rem

269 4283 394 4344 iure
414 4302 567 4361 meo,
590 4294 662 4354 ut,
686 4288 1018 4364 videbatur,
1043 4308 1157 4367 pro
1189 4288 1552 4349 conclamata
1572 4288 1871 4360 haberem,
1900 4287 2044 4346 nihil
2065 4284 2225 4345 aliud
2253 4286 2395 4344 mihi
2421 4285 2508 4343 fa-

2057 4405 2101 4452 F
