2961 4861
1281 374 1660 420 PRAEFATIO.
2418 376 2601 417 Lxxv

362 526 475 586 dici
501 532 775 604 possunt,
803 525 888 584 ita
916 523 1059 585 vitia
1085 544 1320 603 quoque
1345 528 1460 605 ipsi
1489 547 1622 588 cum
1652 528 1788 588 aliis
1817 527 2108 587 codicibus
2138 528 2466 587 communia
2492 546 2597 587 co-

362 637 480 695 dex
499 637 758 712 optimus
781 634 978 708 habet,
1009 636 1259 711 quorum
1281 639 1638 713 gravissima
1675 637 1802 696 fere
1838 644 1978 696 sunt
2003 636 2255 697 Annibal
2282 644 2343 717 et
2371 637 2599 709 similia,

360 748 721 818 Brittannia,
752 747 1151 823 interpr-actor,
1174 748 1395 822 paullo,
1417 751 1728 824 praetium.
1772 747 1937 806 Haec
1956 747 2019 805 in
2040 764 2314 824 praesens
2336 746 2605 804 sufficere

362 855 714 914 videbantur
740 856 817 913 ad
847 853 1324 931 orthographiam
1364 854 1698 916 Plinianam
1738 857 2141 934 exponendam
2156 898 2173 928 ‚
2219 856 2387 915 cuius
2414 853 2607 931 prima

361 964 744 1024 fundamenta
777 964 986 1023 iecisse
1024 963 1244 1039 aliquid
1281 983 1413 1024 esse
1452 970 1733 1042 putabam
1745 984 1764 1039 ;
1816 965 2113 1041 longiores
2164 965 2605 1024 dissertationes

362 1073 580 1133 addere
607 1074 713 1133 vix
739 1083 945 1150 aptum
974 1073 1302 1145 videbatur,
1333 1093 1466 1133 cum
1494 1076 1614 1134 alia
1640 1095 1678 1134 a
1704 1075 2001 1152 Wagnero
2025 1076 2108 1135 ita
2136 1077 2255 1135 sint
2273 1073 2603 1150 profligata,

362 1191 435 1241 ut
470 1184 534 1241 in
569 1183 642 1242 iis
684 1183 1051 1259 acquiescere
1085 1200 1318 1258 possem
1333 1225 1350 1257 ,
1393 1184 1511 1243 alia
1537 1185 1664 1243 sine
1692 1183 1986 1243 codicibus
2014 1185 2207 1261 qualis
2236 1191 2326 1242 est
2349 1180 2606 1257 Vergilii

361 1293 665 1352 Mediceus
692 1310 1010 1367 numquam
1038 1292 1352 1351 diiudicare
1378 1294 1575 1353 liceat.
1620 1292 1795 1368 Quod
1822 1303 2120 1371 postremo
2146 1294 2223 1351 ad
2262 1293 2442 1351 libros
2468 1291 2606 1349 illos

365 1400 618 1477 priores,
647 1401 751 1459 ubi
779 1402 1034 1461 codicem
1062 1400 1116 1459 B
1144 1403 1565 1475 desideramus,
1596 1405 1820 1476 attinet,
1851 1424 1968 1463 non
1996 1421 2186 1481 pauca
2210 1402 2271 1461 in
2297 1402 2367 1460 iis
2394 1418 2605 1459 occur-

367 1510 563 1568 rentia
587 1527 694 1586 per
716 1510 914 1587 ipsum
938 1510 1108 1569 illum
1137 1512 1395 1571 codicem
1422 1513 1500 1570 ad
1528 1511 1815 1587 liquidum
1837 1500 1976 1571 sunt
1993 1512 2307 1589 perducta3
2337 1509 2457 1568 alia
2474 1509 2607 1567 bre-

362 1619 518 1678 viter
541 1618 857 1677 adnotandi
883 1620 1109 1696 copiam
1131 1621 1579 1694 commentarius
1600 1622 1836 1680 criticus
1857 1623 2114 1696 praebet,
2136 1621 2200 1679 in
2220 1638 2338 1696 quo
2359 1636 2605 1696 expres-

364 1728 446 1785 sis
474 1727 676 1786 verbis
705 1729 1174 1802 commemoravi,
1205 1748 1361 1805 quae
1388 1729 1643 1807 potiores
1669 1728 1854 1791 libros
1884 1721 2190 1808 (AVRa)
2221 1735 2456 1786 secutus
2493 1745 2606 1785 no-

364 1836 560 1895 vanda
586 1838 898 1913 putabam3
929 1856 1120 1913 pauca
1148 1840 1453 1912 quaedam,
1478 1857 1629 1914 quae
1649 1837 1991 1896 universum
2012 1836 2249 1911 aliquod
2270 1852 2454 1911 genus
2476 1851 2606 1911 spe·

366 1953 555 2017 etant,
593 1945 686 2003 hic
729 1947 929 2004 statim
971 1950 1459 2007 commemorabO.
1521 1949 1619 2006 Ita
1652 1947 1713 2005 in
1741 1946 2073 2005 nomim'bus
2102 1944 2506 2023 geographicis
2534 1946 2596 2003 in

366 2070 531 2126 ασος,
559 2071 722 2132 ησος,
752 2031 888 2118 Εἶε-
921 2057 1272 2115 exeuntibus
1323 2058 1540 2115 summi
1577 2056 1860 2115 Lobeckii
1908 2062 2222 2132 praecepta
2269 2050 2604 2133 (patholog.

368 2164 654 2222 sermonis
683 2160 898 2223 Graeci
925 2184 986 2242 p.
1017 2160 1414 2248 405-435.)
1443 2187 1482 2226 a
1506 2166 1650 2225 meis
1678 2184 1911 2249 quoque
1939 2164 2234 2224 codicibus
2259 2164 2606 2239 plerumque

367 2274 768 2349 comprobata,
801 2282 1082 2348 quantum
1109 2275 1295 2351 potui,
1326 2294 1459 2334 sum
1488 2284 1757 2347 secutus3
1787 2275 2026 2333 nomina
2051 2273 2377 2332 insularum
2407 2270 2602 2331 Grae-

363 2399 568 2441 carum
610 2381 674 2441 in
713 2381 1064 2444 editionibus
1103 2385 1362 2461 vulgatis
1396 2386 1680 2462 pleraque
1720 2384 1916 2444 omnia
1954 2383 2017 2442 in
2044 2401 2151 2442 usa
2178 2382 2453 2440 exeuntia
2476 2389 2607 2440 tum

366 2490 430 2549 in
458 2511 596 2553 ussa
620 2493 942 2568 transfinxi,
974 2494 1075 2553 ubi
1100 2496 1177 2553 ab
1205 2495 1507 2553 adiectivis
1538 2491 1784 2554 Graecis
1813 2493 1874 2552 in
1908 2470 2057 2564 ο-εἱ,
2105 2507 2312 2564 oseca,
2347 2469 2459 2548 ἶεῖ
2499 2491 2607 2550 de-

362 2600 558 2661 rivata
597 2619 728 2661 esse
768 2599 1069 2680 apparuit3
1111 2624 1171 2664 v.
1199 2602 1545 2663 Buttmann.
1587 2610 1899 2679 grammat.
1929 2598 2037 2660 Gr.
2079 2600 2259 2679 ampl.
2304 2598 2382 2659 T.
2419 2600 2503 2658 H.
2545 2618 2607 2677 p.

364 2705 511 2771 387.
541 2712 678 2770 coll.
705 2711 1052 2792 Bernhardy
1078 2714 1155 2772 ad
1180 2696 1431 2792 Dionys.
1460 2714 1682 2791 perieg.
1712 2731 1774 2791 p.
1809 2707 1954 2772 640.

445 2816 853 2881 Necessarium
888 2823 1009 2881 iam
1040 2831 1151 2895 est,
1195 2833 1265 2883 ut
1304 2824 1552 2883 lectores
1595 2825 1671 2882 de
1709 2823 1935 2881 ratione
1967 2822 2237 2881 conditae
2275 2820 2452 2878 huius
2479 2819 2607 2878 edi-

362 2928 536 2987 tionis
566 2930 943 3007 dispositique
971 2934 1374 2992 commentarii
1411 2933 1593 2993 critici
1622 2934 1883 3003 doceam,
1912 2950 1987 2989 ne
2020 2932 2083 2988 in
2119 2937 2286 2989 tanta
2312 2929 2609 2988 variarum

361 3037 675 3097 lectionum
694 3041 849 3100 mole
870 3049 928 3100 et
946 3042 1006 3101 in
1026 3044 1309 3102 brevitate
1337 3060 1457 3117 qua
1483 3042 1626 3098 mihi
1652 3040 1939 3096 utendum
1969 3037 2084 3094 fuit
2108 3038 2525 3111 perturbentur
2551 3044 2614 3094 et

362 3147 578 3223 quibus
604 3168 680 3207 ex
708 3151 980 3210 subsidiis
1011 3151 1224 3210 criticis
1254 3165 1547 3225 quemque
1572 3149 1772 3204 locum
1801 3144 2220 3214 constituerim,
2242 3144 2446 3202 incerti
2471 3143 2611 3201 hae-

274 3327 275 3330 ¹
359 3264 551 3315 reant.
595 3258 676 3316 Et
704 3261 862 3334 quod
891 3261 967 3317 ad
1007 3258 1271 3317 codicum
1309 3255 1586 3314 lectiones
1613 3253 1842 3325 attinet,
1884 3251 2042 3311 hunc
2069 3270 2293 3311 morem
2330 3253 2514 3323 tenui,
2543 3261 2612 3311 ut

362 3363 607 3437 singulis
639 3366 823 3425 Plinii
859 3367 1026 3426 libris
1062 3364 1302 3424 nomina
1343 3363 1610 3423 codicum
1647 3361 2121 3438 praescriberem,
2164 3360 2263 3436 qui
2302 3380 2410 3439 per
2452 3361 2612 3421 hunc

361 3471 584 3529 librum
618 3482 721 3531 aut
755 3475 865 3533 toti
903 3482 1009 3534 aut
1046 3473 1262 3550 partim
1297 3472 1358 3531 in
1395 3490 1591 3531 meum
1628 3490 1803 3532 usum
1840 3478 1946 3530 aut
1983 3471 2238 3548 primum
2273 3478 2379 3531 aut
2414 3473 2608 3531 denuo

363 3586 506 3640 sunt
529 3580 616 3638 ita
652 3581 873 3653 collati,
912 3591 979 3641 ut
1005 3582 1266 3642 virorum
1292 3584 1597 3643 doctorum
1624 3581 1782 3653 fidei,
1823 3581 1925 3656 qui
1953 3579 2066 3640 hoc
2093 3580 2389 3658 negotium
2418 3582 2607 3640 subie-

358 3698 520 3763 runt,
550 3690 699 3747 fides
726 3689 929 3749 haberi
950 3699 1167 3768 posset,
1195 3696 1441 3767 excepto
1452 3667 1767 3762 Toletano,
1793 3708 1969 3766 quem
1990 3690 2065 3748 ad
2087 3689 2454 3766 superiorum
2474 3707 2605 3747 ma-

359 3800 453 3876 gis
489 3800 861 3859 saeculorum
900 3818 1079 3876 quam
1107 3802 1293 3859 nostri
1329 3818 1597 3860 normam
1636 3818 1763 3859 esse
1799 3800 2080 3859 collatum
2119 3816 2304 3875 supra
2340 3817 2401 3876 p.
2452 3798 2604 3858 XII.

359 3910 499 3969 dixi.
553 3908 807 3968 Illorum
856 3910 1040 3985 igitur
1080 3910 1341 3970 codicum
1391 3910 1712 3985 scripturas
1750 3925 1952 3966 omnes
2000 3908 2271 3967 omnibus
2312 3908 2605 3968 lemmatis

360 4018 696 4078 adscribere
722 4037 840 4078 non
869 4018 985 4078 fuit
1012 4037 1196 4095 opus3
1235 4019 1584 4095 plerumque
1612 4034 1733 4089 eas,
1777 4034 1927 4091 quae
1954 4016 2260 4077 lectionem
2286 4018 2408 4077 iam
2432 4018 2492 4077 in
2525 4013 2605 4099 βγ

364 4133 688 4187 exstantem
717 4136 777 4187 et
802 4147 839 4187 a
866 4148 962 4188 me
989 4136 1284 4213 servatam
1314 4126 1755 4197 confirmabant,
1797 4124 1967 4192 omisi
2000 4144 2099 4186 eas
2127 4126 2303 4185 modo
2330 4125 2601 4199 afferens,

363 4255 515 4311 quae
555 4240 632 4297 ab
672 4238 765 4297 his
809 4248 976 4299 erant
1018 4238 1300 4326 diversae.
1361 4234 1587 4310 Quodsi
1616 4234 1898 4295 tamenin
1925 4234 2072 4295 locis
2099 4237 2397 4296 nonnullis
2425 4235 2604 4313 paulo
