2961 4861
424 374 635 417 XXXVI
1343 376 1720 421 PRAEFATIO.

425 527 626 586 zonico
664 528 724 585 in
763 527 833 585 iis
864 525 1224 586 conferendis
1253 528 1436 588 fuisse
1465 529 1737 606 preceriS.
1780 525 1960 587 Certe
2001 527 2240 586 illorum
2281 528 2463 587 trium
2505 530 2674 588 codi-

422 653 556 694 cum
585 643 860 712 excerpta
887 644 1090 694 nostra
1127 655 1165 694 a
1200 635 1508 696 Rezzonici
1545 637 1871 696 testimonio
1911 655 2085 713 saepe
2124 636 2342 695 mirum
2383 644 2677 711 quantum

424 762 496 802 ea
521 746 745 804 ratione
774 745 1066 816 differunt,
1097 753 1164 803 ut
1191 763 1375 804 unum
1403 747 1655 804 Ianum
1685 747 1800 804 fide
1829 747 2075 821 dignum
2107 746 2530 837 esse-dubitare
2551 765 2677 804 non

421 852 614 912 liceat.
684 852 960 911 Ceterum
1009 872 1209 912 omnes
1256 855 1345 912 illi
1394 854 1532 912 libri
1578 855 1913 913 recentioris
1964 862 2104 912 sunt
2153 854 2400 929 originis
2450 862 2511 913 et
2548 854 2677 913 fere

423 962 726 1019 deterioris
768 970 970 1034 notae,
1028 971 1098 1022 ut
1138 963 1398 1039 pleniore
1430 938 1648 1022 xeorum
1690 964 1998 1023 collatione
2035 962 2208 1021 facile
2244 979 2418 1037 egere
2456 963 2673 1038 possis,

423 1075 483 1127 et
519 1088 653 1127 cum
692 1070 1081 1129 Rezzonicum
1126 1072 1472 1149 saepissime
1524 1091 1804 1148 perquam
1859 1073 2225 1147 negligenter
2260 1072 2325 1129 in
2366 1072 2675 1130 enotandis

425 1178 606 1236 variis
634 1178 977 1239 lectiom‘bus
1020 1188 1323 1241 versatum
1368 1199 1499 1240 esse
1541 1182 2069 1240 animadverterem
2088 1224 2104 1254 ‚
2148 1188 2276 1239 tum
2304 1181 2541 1238 demum
2571 1199 2674 1239 eas

423 1288 618 1358 attuli,
648 1288 698 1347 si
728 1308 938 1366 operae
967 1292 1217 1367 pretium
1248 1290 1558 1348 videbatur
1583 1307 1770 1364 neque
1798 1309 1901 1348 eae
1930 1293 2002 1348 ab
2033 1289 2164 1348 aliis
2194 1289 2495 1348 codicibus
2525 1309 2670 1348 con-

423 1396 823 1456 firmabantur.
866 1397 1054 1473 quue
1082 1418 1152 1457 eo
1182 1399 1368 1475 magis
1397 1398 1541 1456 mihi
1562 1399 1740 1456 licere
1768 1398 2116 1470 arbitrabar,
2148 1417 2303 1469 cum,
2336 1399 2389 1456 si
2419 1399 2549 1474 quis
2575 1397 2673 1457 his

425 1506 703 1564 sordibus·
735 1507 824 1564 uti
859 1506 1024 1578 velit,
1066 1507 1376 1565 editionem
1415 1525 1605 1564 meam
1633 1507 1915 1565 minorem
1943 1507 2101 1565 adire
2130 1507 2336 1582 possit,
2367 1508 2471 1565 ubi
2499 1507 2674 1582 plene

421 1621 558 1673 sunt
583 1615 931 1692 adscriptae.
976 1613 1243 1691 Inspexit
1267 1624 1464 1674 autem
1493 1614 1851 1674 Rezzonicus
1872 1616 2308 1676 Ambrosianum
2328 1616 2380 1673 Ι.
2395 1615 2505 1687 Π.,
2537 1614 2672 1689 qui-

420 1725 530 1783 bus
559 1743 702 1783 usus
731 1725 906 1783 etiam
936 1732 1028 1784 est
1054 1716 1366 1784 Ferrarius
1396 1726 1468 1783 de
1497 1743 1563 1783 re
1593 1725 1867 1806 vestiaria
1893 1723 1945 1782 I.
1976 1744 2034 1800 p.
2078 1719 2180 1784 58.
2228 1721 2396 1796 161.,
2427 1723 2672 1800 Anqeli-

420 1853 544 1894 cum
596 1835 721 1893 sive
770 1835 1210 1905 Passionaeum,
1260 1834 1633 1911 Barberinos‚
1685 1834 1758 1891 de
1797 1833 2008 1908 quibus
2060 1851 2239 1908 supra
2286 1839 2377 1891 est
2425 1833 2670 1904 dictum,

432 1943 768 2001 Caesenatcs
799 1941 968 2011 duos,
998 1943 1426 2000 Escorialenses
1456 1942 1628 2012 duos,
1662 1959 1914 2014 quorum
1944 1941 2236 1999 secundus
2275 1960 2313 1999 a
2354 1940 2555 2001 Sul-ita
2591 1942 2670 1999 ad

422 2049 714 2108 Antonini
750 2049 1109 2107 itinerarium
1152 2050 1327 2107 etiam
1373 2050 1943 2125 Caesarauqustanus
1997 2050 2209 2108 dicitur
2223 2092 2243 2122 ,
2282 2051 2443 2127 prior
2479 2049 2670 2109 altero

426 2159 613 2217 multo
642 2157 1029 2234 praestantior
1056 2175 1212 2215 nunc
1239 2157 1467 2216 videtur
1496 2158 1830 2233 deperditus
1846 2201 1863 2231 ‚
1902 2160 2324 2218 Parnesianum
2354 2160 2479 2218 sive
2506 2161 2670 2218 Par·-

428 2288 686 2340 mensem‚
729 2268 1012 2325 Politiani
1038 2275 1316 2343 excerpta
1344 2286 1376 2324 e
1414 2268 1643 2326 duobus
1684 2268 1849 2327 libris
1887 2267 2242 2327 Florentinis
2282 2274 2342 2326 et
2367 2286 2487 2326 uno
2512 2266 2578 2326 N
2577 2288 2675 2327 ea-

427 2378 707 2455 politano,
748 2378 1062 2449 Iovianum,
1100 2377 1491 2450 Laudianum‚
1536 2378 1822 2437 Mediceos
1863 2378 2011 2437 duos
2040 2385 2272 2454 praeter
2300 2395 2480 2454 supra
2508 2396 2674 2437 com·-

429 2496 814 2546 memoratum
845 2482 984 2567 (L),
1014 2482 1469 2559 Pertusatinum,
1510 2489 1879 2558 Ticinensem,
1934 2488 2304 2563 quletinum,
2362 2489 2675 2548 Vallicelli-

429 2617 601 2656 anum
644 2606 703 2655 et
740 2596 963 2671 aliquot
1014 2598 1338 2667 Vaticanos,
1377 2595 1437 2652 in
1482 2595 1692 2670 quibus
1731 2596 1933 2653 insunt
1976 2597 2040 2668 ii,
2072 2605 2217 2671 quos
2257 2615 2437 2672 supra
2463 2597 2676 2655 litteris

430 2705 629 2764 Dtux
659 2704 1003 2780 significavi.
1044 2703 1292 2762 Praeter
1320 2703 1427 2761 hos
1457 2723 1612 2762 unus
1629 2697 2004 2771 Rezzonicus
2022 2724 2169 2763 usus
2195 2713 2288 2762 est
2304 2705 2598 2763 Vaticano
2619 2704 2674 2763 Ι.

433 2808 619 2875 1950.
636 2855 656 2886 ,
713 2811 1006 2871 Vaticano
1044 2812 1126 2870 V.
1175 2805 1357 2871 1954.
1376 2853 1395 2883 ,
1451 2812 1745 2872 Vaticano
1786 2813 1898 2873 VI.
1942 2808 2155 2887 1955„
2209 2812 2500 2872 Vaticano
2527 2813 2674 2872 vn.

434 2918 641 2996 1956„
671 2922 964 2982 Vaticano
993 2915 1181 2981 3533.

512 3035 678 3092 Idem
714 3033 838 3092 fere
873 3032 1148 3091 iudicium
1183 3031 1488 3090 ferendum
1529 3032 1602 3089 de
1642 3032 1834 3090 codice
1870 3034 2295 3109 Petropolitano
2337 3027 2440 3113 (p)
2458 3076 2476 3104 ‚
2508 3034 2677 3092 cuius

429 3143 678 3219 primam
705 3143 973 3201 notitiam
1002 3142 1281 3201 debemus
1310 3142 1649 3215 Falconem,
1680 3143 1811 3217 qui,
1842 3143 2003 3200 illius
2044 3151 2320 3218 excerpta
2357 3161 2490 3201 cum
2532 3142 2676 3200 illu-

430 3251 704 3309 strandae
752 3258 830 3323 et,
862 3260 930 3309 ut
958 3253 1069 3311 sibi
1097 3253 1408 3310 videbatur
1425 3294 1443 3322 ‚
1474 3251 1875 3309 emendandae
1924 3253 2081 3327 parti
2116 3250 2298 3309 Plinii
2347 3252 2419 3309 de
2462 3252 2677 3310 artium

433 3360 706 3433 operibus
744 3358 939 3431 agenti
979 3360 1283 3431 adhibeat,
1324 3360 1492 3417 miris
1531 3378 1664 3417 eum
1702 3360 1976 3418 laudibus
2016 3360 2216 3432 effert,
2254 3361 2445 3418 multo
2475 3361 2676 3419 sanius

429 3467 723 3525 iudicante
760 3464 936 3524 Iano
976 3468 1037 3524 in
1081 3469 1400 3525 observatt.
1430 3467 1582 3524 critt.
1611 3488 1671 3543 p.
1705 3464 1762 3526 9.
1810 3466 2079 3544 Scriptus
2123 3486 2238 3527 non
2269 3468 2504 3527 saeculo
2532 3468 2675 3540 IX„

433 3577 520 3634 uti
545 3575 690 3633 mire
717 3574 1026 3634 videbatur
1053 3573 1303 3646 Clossio,
1332 3577 1690 3634 antecessori
1727 3596 1915 3652 nuper
1955 3577 2332 3653 Dorpatensi,
2374 3577 2479 3634 sed
2505 3575 2675 3648 XV„

434 3687 522 3744 uti
550 3686 843 3763 specimen
872 3685 996 3743 eius
1026 3703 1064 3742 a
1089 3683 1352 3742 Muralto
1392 3684 1614 3742 editum
1653 3685 1902 3757 indicat,
1945 3705 2160 3763 magna
2198 3705 2352 3745 nunc
2390 3685 2480 3743 sui
2506 3694 2677 3761 parte

439 3802 531 3852 est
558 3795 819 3853 mutiluS.
862 3793 1078 3852 Plures
1107 3792 1375 3869 deinceps
1405 3794 1520 3851 viri
1547 3795 1702 3852 docti
1744 3796 2027 3869 quasdam
2071 3796 2193 3854 eius
2230 3801 2430 3871 partes
2480 3812 2677 3852 excer-

437 3911 715 3979 pserunt,
755 3904 842 3962 uti
878 3908 1111 3979 praeter
1136 3902 1518 3961 Falconetum
1547 3903 1821 3962 Handius
1848 3904 1908 3961 in
1938 3904 2296 3976 Tursellin0,
2327 3901 2592 3962 Clossius
2618 3903 2679 3961 in

440 4012 715 4072 Seebodii
735 4018 794 4071 et
807 4011 1214 4071 Friedemanni
1235 4011 1316 4071 N.
1339 4011 1553 4070 horreo
1579 4008 1764 4071 1828.
1794 4012 1908 4070 ΠΙ.
1941 4009 2000 4071 2.
2024 4033 2085 4089 p.
2115 4008 2241 4084 30„
2269 4012 2678 4087 Morgenster-

438 4123 572 4181 nius
599 4123 659 4180 in
686 4129 1117 4199 programmate
1142 4120 1497 4197 Dorpatensi
1525 4141 1579 4180 a.
1626 4117 1812 4181 1834.
1852 4121 2036 4192 edit03
2082 4122 2420 4199 plenissime
2457 4128 2676 4191 tamen,

441 4233 583 4291 satis
610 4234 766 4294 bona
793 4232 1083 4293 variarum
1112 4232 1239 4295 eius
1265 4231 1577 4292 lectionum
1610 4240 1777 4307 parte
1804 4230 2021 4304 addita,
2059 4233 2132 4291 de
2169 4250 2239 4291 eo
2281 4231 2400 4308 egit
2437 4231 2675 4289 Eduar-
