2961 4861
599 433 618 447 .
648 389 787 434 Lm.
819 390 892 434 11.
953 388 1107 433 oAP.
1141 385 1443 435 Lxxvm.
1479 388 1729 432 Lxxix.
1795 387 1987 434 snc‘r.
2021 390 2082 430 so.
2111 389 2175 431 ει.
2415 372 2533 433 179

303 549 544 621 tusque
598 552 664 603 et
728 549 943 603 cetera
1006 539 1217 602 omnia
1280 537 1562 604 siderum
1617 538 1681 602 vi
1746 538 2133 604 existumant
2187 534 2355 616 fieri,
2423 540 2538 603 sed

297 639 560 704 illorum
604 638 795 704 trium
840 634 1075 723 quibus
1120 635 1388 704 fulmina
1427 639 1798 727 adsignant3
1854 639 1994 705 fieri
2036 650 2273 717 autem,
2318 661 2536 703 mean-

299 739 470 803 tium
513 762 660 804 cum
705 739 839 806 sole
882 749 993 804 aut
1037 740 1544 826 congruentium,
1592 751 1656 806 et
1696 762 1996 806 maxume
2030 741 2200 805 eirca
2228 740 2540 824 quadrata

293 840 544 904 mundi.
602 839 944 905 Praeclara
986 841 1301 923 quaedam
1345 851 1409 905 et
1450 841 1803 906 inmortalis
1844 843 1913 906 in
1957 863 2053 918 eo,
2102 842 2154 906 si
2198 840 2538 918 credimuS,

296 941 608 1007 divinitas
673 939 1049 1027 perhibetur
1112 941 1598 1007 Anaximandro
1653 935 1910 1008 Milesio
1978 943 2279 1028 physice,
2347 963 2540 1025 quem

292 1041 519 1107 ferunt
560 1041 1092 1107 Lacedaemoniis
1135 1042 1536 1126 praedixisse
1589 1054 1662 1108 ut
1716 1044 1943 1110 urbem
1987 1066 2066 1109 ac
2109 1054 2281 1108 tecta
2323 1054 2538 1107 custo-

290 1142 537 1220 dirent,
581 1144 821 1207 instare
868 1141 1037 1207 enim
1077 1153 1606 1218 motumssrtaffi
1655 1155 1719 1208 et
1764 1154 1899 1208 tum
1941 1143 2095 1209 urbs
2139 1155 2276 1218 tota
2318 1167 2539 1208 eorum

292 1244 555 1309 conruit
611 1254 676 1308 et
728 1243 1007 1331 Taygeti
1060 1243 1292 1308 montis
1342 1267 1579 1331 magna
1631 1268 1782 1329 pars
1836 1245 1919 1308 ad
1973 1244 2244 1310 formam
2298 1247 2538 1332 puppis

292 1345 589 1410 eminens
642 1344 914 1429 abrupta
968 1343 1213 1409 cladem
1257 1367 1398 1408 eam
1439 1346 1710 1431 insuper
1751 1347 1938 1410 ruina
1977 1346 2233 1432 pressit.
2306 1346 2535 1411 Perhi-

291 1446 493 1511 betur
536 1457 601 1511 et
639 1444 999 1529 Pherecydi
1043 1439 1452 1531 Pythagorae
1513 1445 1757 1512 doctori
1809 1443 1932 1511 alia
1985 1447 2365 1512 coniectatio
2421 1447 2539 1512 sed

292 1556 363 1611 et
407 1547 520 1611 illa
562 1546 810 1624 divina,
867 1546 1103 1611 haustu
1157 1569 1361 1631 aquae
1417 1570 1453 1611 e
1510 1557 1710 1631 puteov
1750 1547 2183 1632 praesensisse
2226 1571 2301 1614 ac
2344 1566 2535 1633 prae-2

293 1646 542 1711 dixisse
596 1656 802 1712 terrae
855 1657 1117 1712 motum.
1194 1645 1380 1728 Quae
1435 1648 1490 1711 si
1542 1666 1696 1712 vera
1739 1659 1921 1725 sunt,
1978 1658 2290 1731 quantum
2332 1672 2372 1713 a
2416 1649 2538 1714 deo
2567 1665 2661 1709 192

291 1748 560 1811 tandem
603 1746 808 1813 videri
859 1758 1131 1833 possunt
1184 1749 1346 1813 tales
1400 1747 1640 1812 distare
1696 1748 1850 1812 dum
1902 1747 2166 1813 vivant?
2237 1748 2328 1811 Et
2376 1749 2538 1814 haec

295 1849 563 1932 quidem
616 1846 878 1912 arbitrio
932 1847 1242 1930 cuiusque
1287 1847 1734 1913 existumanda
1776 1848 2218 1933 relinquantur
2234 1865 2253 1926 3
2310 1859 2541 1913 ventos

285 1949 356 2012 in
404 1971 602 2013 causa
645 1970 786 2012 esse
828 1969 956 2011 non
1000 1947 1266 2013 dubium
1308 1971 1471 2013 reor.
1536 1948 1765 2032 Neque
1805 1949 1975 2014 enim
2004 1971 2308 2034 umquam
2333 1950 2534 2016 intre-u

286 2051 575 2113 miscunt
629 2058 836 2112 terrae
888 2048 1014 2113 nisi
1067 2050 1277 2133 sopito
1325 2050 1489 2114 mari
1533 2052 1837 2135 caeloque
1880 2051 2040 2115 adeo
2083 2045 2420 2134 tranquillo
2460 2062 2538 2117 ut

287 2151 548 2215 volatus
578 2149 792 2214 avium
820 2171 950 2214 non
976 2151 1333 2236 pendeant,
1379 2161 1708 2236 suptracto
1738 2152 1909 2217 omni
1939 2150 2168 2238 spiritu
2196 2153 2307 2237 qui
2335 2153 2532 2231 vehit,

289 2274 416 2317 nec
461 2271 763 2333 umquam
807 2251 929 2315 nisi
981 2262 1131 2336 post
1179 2262 1434 2330 ventos,
1491 2253 1745 2317 condito
1803 2253 2048 2319 scilicet
2099 2253 2168 2317 in
2218 2276 2415 2319 venas
2469 2264 2536 2319 et

289 2375 453 2418 cava
483 2353 620 2416 eius
649 2354 901 2417 occulta
924 2351 1104 2417 flatu.
1167 2352 1396 2438 Neque
1436 2354 1613 2420 aliud
1653 2366 1751 2419 est
1787 2356 1855 2419 in
1884 2365 2054 2419 terra
2081 2365 2315 2419 tremor
2343 2375 2534 2437 quam

286 2483 503 2547 liquidos
526 2486 590 2533 ad
611 2476 906 2547 'opinionem
929 2501 1012 2534 me
1036 2486 1245 2534 deduxit
1260 2485 1488 2533 Plinium
1511 2486 1683 2548 omnia
1705 2499 1795 2548 per
1817 2485 2160 2533 accusativum
2179 2500 2220 2533 c.
2245 2485 2384 2534 infin.
2410 2486 2530 2534 scri-

284 2553 469 2614 psisse,
493 2553 762 2613 pendentia
783 2553 1060 2601 etiamnum
1085 2568 1118 2600 a
1138 2551 1302 2600 verbis
1325 2567 1418 2600 non
1442 2560 1517 2600 est
1539 2549 1738 2600 dubium
1762 2548 1793 2612 5
1820 2553 1931 2601 189.
1974 2553 2150 2616 Atque
2174 2553 2245 2601 ita
2266 2553 2395 2601 nihil
2418 2564 2529 2603 mu-

288 2621 521 2677 tandum,
551 2619 648 2667 nisi
680 2626 738 2669 ut
772 2614 987 2667 modicos
1012 2619 1255 2669 scribatur
1278 2632 1370 2680 pro
1395 2616 1629 2678 modicae,
1655 2626 1705 2668 et
1710 2617 1913 2683 fertilis
1938 2620 2229 2669 habendum
2265 2635 2356 2683 pro
2382 2635 2530 2669 accu-

288 2687 454 2734 sativo
477 2686 687 2748 pluralis
708 2700 874 2749 neque
897 2702 990 2750 pro
1013 2686 1329 2735 nominativo
1356 2686 1639 2748 singularis.
1665 2727 1728 2735 -.
1756 2686 1978 2750 capacia,
2002 2688 2052 2736 R
2075 2687 2182 2749 (cia
2205 2688 2258 2737 in
2283 2685 2443 2749 corr.)
2464 2729 2527 2737 -

288 2750 477 2812 Isdem,
501 2753 564 2800 R.
600 2793 663 2801 .-.
702 2753 892 2803 extimis
914 2755 1150 2816 yentibus,
1184 2755 1392 2803 Barbar.
1440 2753 1882 2814 extimescentibus,
1915 2755 2165 2804 RTado.
2205 2794 2266 2804 .-
2295 2757 2527 2819 suerunt,

286 2820 353 2867 K.
384 2859 448 2866 -.
485 2820 723 2883 paruerit,
746 2820 849 2869 Rs.
877 2829 1162 2885 paruerant,
1186 2821 1254 2869 K.
1290 2861 1353 2868 ..
1397 2819 1612 2881 avolsae,
1637 2822 1738 2870 R¹.
1773 2859 1833 2869 -
1915 2821 2194 2886 rounitate,
2228 2817 2525 2872 R2T8do.

282 2886 628 2949 pronuntiate,
651 2890 700 2937 R
719 2888 839 2938 ¹Sa.
898 2888 1236 2949 pronuntiata,
1259 2889 1327 2936 K.
1377 2903 1473 2951 pro
1508 2887 1828 2949 immanitate,
1909 2889 2067 2937 arbar.
2101 2882 2201 2953 βγ.
2254 2888 2525 2952 pronitate,

290 2954 430 3003 Pint.
467 2993 529 3001 -
567 2963 841 3017 urquentes,
864 2952 927 3002 R.

360 3018 391 3079 ἓ
420 3024 533 3068 191.
562 3017 768 3085 placite,
791 3022 825 3069 d
847 3017 897 3082 (e
920 3021 974 3070 in
1005 3018 1221 3085 rasura.)
1260 3058 1317 3069 ...
1358 3030 1421 3082 et,
1447 3022 1500 3071 R
1532 3017 1610 3082 (in
1642 3017 1841 3080 rasura)
1866 3020 1970 3069 Td.
2015 3020 2191 3070 Omitt.
2217 3016 2359 3083 αβγ.
2404 3015 2525 3070 vid.

287 3088 355 3136 ad
380 3092 462 3146 33,
493 3092 574 3136 33.
614 3127 676 3136 ...
712 3096 875 3137 terrae
907 3096 1068 3150 motus,
1101 3091 1150 3139 d.
1188 3129 1253 3138 ....
1299 3096 1361 3152 et,
1393 3090 1474 3136 a2.
1521 3087 1608 3147 ita,
1630 3087 1732 3135 R2.
1769 3102 1815 3148 q,
1839 3086 1938 3134 R¹.
1988 3102 2090 3147 que,
2114 3088 2194 3134 a¹.
2232 3102 2341 3165 qug,
2375 3089 2422 3134 d.
2461 3126 2525 3135 -.

288 3168 503 3219 siderum
532 3170 594 3232 vi,
621 3171 759 3222 R2'1*
778 3164 918 3221 Oad.
970 3170 1188 3221 siderum
1221 3179 1290 3231 ut,
1324 3171 1425 3219 R¹.
1469 3168 1525 3218 vi
1555 3166 1790 3228 siderum,
1811 3163 1912 3231 βγ.
1953 3207 2007 3214 -
2051 3162 2294 3231 extimant,
2335 3170 2435 3219 R¹.
2461 3208 2525 3218 -

291 3246 395 3298 aut,
420 3239 508 3287 ad.
545 3238 627 3298 ad,
653 3240 716 3288 R.
744 3278 807 3287 .-..
831 3236 1065 3298 maxima,
1089 3255 1135 3287 a.
1161 3277 1223 3285 ...
1252 3234 1519 3300 quadrata,
1542 3237 1607 3285 R.
1636 3274 1695 3282 .-
1721 3232 2020 3296 Praeclara,
2045 3239 2134 3285 ad.
2173 3252 2214 3284 o.
2242 3254 2334 3299 am,
2358 3238 2422 3286 R.
2459 3277 2523 3285 .-

293 3302 555 3366 quaedam,
579 3306 807 3355 STa1d.
845 3298 1089 3367 quaedam
1122 3318 1242 3363 esse,
1273 3297 1509 3366 Ra²ssr.
1546 3342 1610 3350 .-..
1648 3301 1700 3351 in
1724 3317 1793 3363 eo,
1829 3303 1991 3351 omitt.
2015 3305 2148 3354 Pint.
2173 3305 2274 3355 Kr.
2314 3346 2375 3353 ..-
2410 3320 2525 3367 pro-

294 3368 499 3431 hibetur,
524 3387 569 3420 a.
595 3411 659 3419 -.
684 3369 1087 3432 Lacedaemonii,
1111 3373 1162 3420 R
1185 3367 1312 3431 (una
1333 3370 1501 3418 littera
1524 3365 1707 3431 erasa.)
1733 3409 1797 3419 ..
1831 3377 1879 3419 et
1901 3380 2007 3430 tum,
2031 3387 2070 3421 r.
2109 3381 2154 3420 et
2176 3391 2295 3433 cum,
2319 3374 2521 3423 RTad.

292 3453 396 3485 cum
419 3444 479 3498 et,
509 3433 612 3500 βγ.
650 3478 714 3485 .-
751 3445 849 3486 tota
878 3453 1039 3486 eorum
1074 3439 1269 3495 corruit,
1303 3438 1405 3499 Ra.
1452 3437 1554 3486 ruit
1585 3445 1683 3486 tota
1714 3453 1892 3498 eorum,
1918 3439 2024 3487 Td.
2063 3479 2126 3487 .-
2154 3439 2324 3504 pupis,
2356 3440 2420 3488 R.
2457 3479 2521 3487 -.

289 3512 486 3566 arupta,
509 3504 560 3552 R
580 3506 613 3552 ¹.
650 3506 923 3566 abruptam,
946 3506 1046 3553 R2.
1085 3545 1148 3553 ...
1184 3502 1385 3565 cladem,
1408 3504 1510 3553 Ra.
1559 3502 1714 3566 clade,
1739 3506 1845 3555 Td.
1881 3505 2057 3567 clades,
2081 3524 2120 3556 r.
2159 3548 2222 3556 —
2260 3522 2367 3554 eam
2391 3506 2524 3555 insu-

282 3584 393 3634 per,
418 3571 607 3619 RTad
619 3586 659 3618 r.
694 3570 892 3634 insuper
916 3589 1034 3632 eam,
1056 3567 1157 3635 βγ.
1187 3611 1243 3619 ..
1275 3578 1321 3619 et
1344 3573 1494 3621 ruina
1511 3571 1767 3636 oppressit,
1790 3589 1830 3622 r.
1858 3613 1922 3621 -.
1952 3567 2242 3640 Pherecydi,
2268 3575 2361 3624 ST
2377 3567 2520 3621 ead.

287 3651 546 3720 Ferecydi,
570 3654 620 3702 R
639 3655 669 3702 ¹.
714 3648 1005 3720 Ferecydes,
1028 3656 1126 3705 R2.
1168 3648 1491 3721 Pherecydis,
1522 3651 1580 3716 β.
1619 3696 1681 3704 -
1718 3657 1917 3717 doctori,
1952 3657 2046 3707 ST
2064 3649 2106 3703 θ
2115 3659 2203 3707 ad.
2250 3656 2447 3716 doctori,
2477 3657 2526 3704 R

291 3718 499 3782 (ultima
520 3722 689 3770 littera
711 3721 763 3769 in
786 3720 999 3783 rasura.)
1037 3721 1264 3783 doctoris,
1282 3718 1339 3783 β.
1360 3763 1423 3771 -
1442 3723 1752 3785 conia-tasse,
1767 3724 1818 3788 R
1835 3720 2075 3795 (ultimae
2091 3726 2286 3774 litterae
2310 3724 2364 3770 in
2385 3738 2524 3771 rasu-

291 3786 391 3850 ra.)
417 3829 480 3837 -.
506 3806 544 3848 e,
571 3804 673 3837 om.
699 3791 746 3838 d.
773 3829 836 3837 -
874 3805 934 3838 ac
949 3787 1288 3852 praedixisse,
1311 3793 1413 3839 Ra.
1451 3798 1597 3853 atque
1629 3787 1832 3851 dixisse,
1858 3790 1965 3840 Td.
2004 3792 2117 3842 Om.
2143 3792 2208 3840 K.
2246 3829 2309 3837 -
2346 3799 2524 3850 terrae,

246 3865 254 3875 ‘
292 3855 445 3906 STd.
482 3855 557 3905 ibi
580 3865 763 3917 terrae,
789 3851 929 3919 assr.
964 3859 1027 3907 In
1048 3859 1098 3908 R
1118 3858 1236 3906 loco
1261 3859 1482 3907 adverbii
1505 3858 1576 3907 ihi
1597 3866 1674 3906 est
1695 3873 1885 3906 rasura.
1959 3919 1963 3923 .

360 3920 391 3981 ἓ
418 3929 530 3972 192.
568 3931 765 3983 tantum,
800 3924 898 3972 R2.
937 3964 1000 3972 -.
1036 3924 1099 3973 ab
1125 3941 1193 3985 eo,
1217 3926 1349 3975 TR¹
1376 3922 1475 3986 (uti
1498 3921 1738 3985 videtur.)
1775 3950 1845 3971 2...
1875 3921 2206 3972 exi‘st'imanda
2241 3921 2525 3986 relinquan-

293 3996 391 4050 tur,
423 3992 560 4040 Ra2.
607 3987 935 4040 existimanda
970 3991 1265 4055 linquantur,
1298 3994 1346 4040 d.
1393 3992 1666 4041 existimant
1697 3988 2020 4052 aliquantum,
2053 3991 2136 4039 a¹.
2174 4031 2237 4039 .-
2284 3990 2442 4051 dubie,
2476 3993 2526 4041 R

293 4052 345 4116 (e
367 4056 420 4104 in
444 4053 597 4119 corr.)
636 4098 699 4106 -
736 4056 909 4122 sopito,
942 4059 991 4108 R
1022 4059 1076 4107 in
1105 4074 1291 4107 rasura.
1329 4098 1392 4106 ....
1428 4054 1612 4117 volatu,
1645 4059 1693 4107 d.
1731 4097 1795 4105 .-..
1824 4054 2067 4119 pendant,
2094 4059 2143 4108 R
2168 4059 2242 4108 ¹d.
2281 4099 2345 4108 ...
2381 4058 2523 4108 omni-

296 4138 388 4184 um,
420 4140 453 4172 a
498 4121 757 4187 (Robert.)
792 4165 857 4174 .-
893 4135 1037 4188 vento,
1072 4127 1169 4175 R¹.
1209 4165 1272 4173 -
1308 4124 1505 4183 condito,
1535 4117 1833 4174 R¹ST9a.
1870 4121 2103 4186 conditos,
2135 4127 2264 4176 R²d
2284 4122 2368 4187 ¹13.
2402 4126 2524 4176 cali-

296 4186 401 4250 dos,
418 4206 444 4239 r
467 4187 710 4252 (Richel.,
735 4191 970 4256 Robert.)
991 4234 1054 4242 -.
1080 4209 1217 4251 cava,
1241 4192 1394 4243 RST
1414 4184 1543 4242 θεά
1566 4188 1808 4253 (Richel.,
1831 4190 2068 4256 Robert.)
2103 4209 2358 4256 cavernas,
2375 4191 2435 4255 β.»
2460 4237 2523 4243 -

296 4257 495 4319 occulta,
528 4252 866 4308 RSTOaffl.
911 4260 1154 4320 occultate,
1188 4263 1292 4317 (1²1
1322 4256 1564 4321 (Richel.,
1596 4257 1758 4321 Rob.)
1790 4258 1985 4323 occulto,
2004 4256 2063 4323 β.
2101 4301 2165 4311 ....
2184 4261 2344 4325 flatu,
2374 4257 2524 4312 Rer.

297 4322 487 4386 afflatu,
511 4325 652 4375 STd
675 4322 917 4388 (Richel.,
943 4325 1177 4390 Robert.)
1200 4322 1257 4388 β.
1295 4327 1474 4391 astam,
1499 4343 1547 4376 a.
2080 4394 2114 4428 α
