2961 4861
1179 355 1560 399 PRAEFATIO.
2380 357 2504 399 1111

248 513 357 570 tire
367 533 390 578 ,-
430 504 536 591 35,
571 505 648 567 17
654 503 713 566 Ο.
763 499 937 566 lectio
990 507 1234 582 vulgata
1283 528 1394 566 non
1424 511 1544 567 nisi
1568 508 1741 565 bimos
1772 522 1903 565 cum
1933 525 1972 565 a
1998 504 2291 567 nonnullis
2317 507 2502 568 libra-

186 652 192 665 1
246 619 350 677 riis
378 638 486 695 per
514 635 774 676 errorem
804 617 1022 693 scripta
1063 626 1215 675 esset
1241 637 1354 675 non
1382 621 1438 676 si
1464 619 1659 688 bimos,
1687 615 1913 674 scribae
1941 615 2215 676 Toletani
2240 625 2299 676 et
2329 619 2504 678 Pari-

249 728 452 786 siensis
491 726 530 784 d
548 769 568 799 ,
609 733 678 784 ut
715 732 872 784 certe
909 744 1083 785 voces
1122 725 1290 784 facile
1330 725 1658 784 intellectae
1694 723 2052 800 legerentur,
2095 726 2356 786 fecerunt
2396 747 2507 786 non

251 838 365 895 sibi
399 855 551 903 mos;
591 829 696 907 35,
740 830 841 894 73.
884 853 1046 893 mera
1084 834 1477 911 interpolandi
1504 834 1745 893 libidine
1774 834 1904 893 voci
1931 835 2143 895 Romae
2168 836 2229 894 in
2256 845 2506 912 utroque

255 945 455 1003 codice
492 944 727 1003 additur
766 954 973 1016 autem,
1021 952 1081 1002 et
1116 939 1220 1016 36,
1266 938 1364 1001 16.
1404 961 1512 1018 pro
1541 941 1786 1017 vulgato
1813 943 2033 1003 Parius
2062 954 2115 1003 et
2142 955 2325 1005 aetate
2352 964 2508 1005 unus

259 1055 314 1112 T
346 1056 527 1113 habet
544 1073 666 1131 par
695 1057 749 1112 ei
774 1063 898 1112 arte
926 1056 1044 1112 sed.

341 1161 544 1221 Codex
582 1165 938 1222 Parisiensis
978 1164 1194 1239 Reqius
1241 1158 1406 1223 6795
1447 1161 1537 1241 (a)
1582 1162 1801 1221 saeculi
1839 1162 2016 1222 VIII.
2049 1163 2146 1221 vel
2172 1162 2291 1224 IX.
2319 1182 2508 1223 mem-

255 1273 606 1343 branaceus,
650 1271 839 1329 forma
876 1273 1135 1331 maxima
1176 1271 1384 1331 litteris
1414 1271 1684 1331 Gothicis
1713 1273 1865 1331 binis
1893 1272 2179 1332 columnis
2207 1284 2508 1346 exaratus,

244 1379 436 1438 'libros
464 1379 863 1439 I-XXXII.
903 1382 1177 1441 continet.
1227 1380 1364 1440 Hoc
1392 1382 1464 1440 de
1492 1382 1643 1440 libro
1672 1381 1905 1458 egregio
1932 1380 2135 1457 paucis
2163 1381 2406 1458 defungi
2429 1382 2510 1439 li-

258 1499 370 1561 cet,
416 1508 549 1548 cum
588 1492 652 1547 in
695 1492 1038 1549 universum
1082 1498 1307 1549 tantam
1348 1491 1784 1549 similitudinem
1826 1508 1959 1548 cum
1987 1491 2371 1550 Riccardiano
2398 1493 2510 1549 ha.-

256 1600 412 1671 beat,
457 1607 524 1657 ut
558 1605 875 1674 utrumque
918 1620 993 1658 ex
1030 1601 1237 1660 eodem
1275 1601 1434 1659 fonte
1471 1600 1749 1658 haustum
1788 1619 1921 1658 esse
1955 1610 2254 1677 appareat.
2303 1602 2378 1659 Id
2405 1603 2511 1662 de-

256 1714 587 1767 monstrant
624 1718 684 1767 et
718 1709 896 1767 index
937 1708 1074 1767 libri
1112 1710 1163 1766 I.
1202 1710 1265 1766 in
1285 1685 1553 1783 ⁴utroque
1593 1709 1788 1766 codice
1827 1727 1961 1766 cum
2005 1709 2207 1767 ceteris
2249 1710 2396 1768 locis
2426 1712 2511 1769 si-

256 1817 539 1875 millimus
588 1824 717 1875 tum
767 1818 969 1876 multis
1019 1818 1310 1875 lemmatis
1360 1817 1498 1875 libri
1545 1814 1857 1875 XXXIV.
1907 1816 1967 1874 in
2013 1816 2164 1876 libro
2203 1816 2514 1876 XXXIII.

256 1926 546 2001 repetitis,
591 1934 650 1983 et
691 1926 1009 2001 pleraeque
1048 1927 1247 1984 variae
1284 1926 1562 1984 lectiones
1598 1926 1833 2000 utrique
1872 1925 2058 1984 codici
2087 1944 2418 1985 communes
2447 1934 2509 1984 et

257 2034 627 2110 perturbatio
668 2033 945 2093 foliorum
983 2035 1117 2093 libri
1142 2036 1224 2092 H.
1255 2033 1371 2093 IV.
1403 2034 1504 2107 V„
1546 2036 1619 2092 de
1661 2053 1779 2109 qua
1806 2035 1932 2092 dixi
1958 2036 2035 2092 ad
2062 2034 2514 2094 Riccardianum

259 2152 323 2200 et
363 2144 439 2200 ad
479 2142 562 2200 H.
611 2147 640 2213 ἓ
683 2139 826 2202 187.
877 2142 1183 2203 Librarius
1227 2136 1421 2203 t'amen
1457 2143 1633 2202 huius
1673 2145 1889 2203 codicis
1932 2164 1969 2202 a
2010 2163 2173 2216 rem,
2220 2164 2355 2203 cum
2385 2164 2514 2204 eam

262 2252 697 2326 quodammodo
739 2253 956 2311 sarcire
992 2254 1191 2325 vellet,
1235 2254 1428 2329 magis
1469 2253 1647 2311 etiam
1689 2253 1998 2330 implicuit.
2065 2251 2172 2325 „N
2172 2271 2407 2328 amque,
2448 2263 2517 2313 ut

262 2361 433 2419 Iani
461 2363 656 2421 verbis
687 2369 825 2419 utar
853 2362 1173 2421 observatt.
1204 2363 1358 2420 critt.
1388 2381 1448 2439 p.
1483 2356 1565 2434 5.,
1594 2363 1658 2418 in
1685 2362 1821 2420 libri
1847 2361 1932 2419 11.
1964 2365 1993 2433 ξ
2026 2358 2168 2421 187.
2200 2364 2422 2421 inserta
2449 2371 2518 2422 ut

261 2472 325 2527 in
354 2471 736 2530 Riccardiano
776 2470 910 2530 libri
937 2471 1032 2529 IV
1036 2514 1051 2530 .
1095 2478 1262 2548 parte
1289 2472 1633 2548 posteriore,
1663 2471 1799 2530 huic
1826 2473 2130 2530 subiunxit
2155 2473 2369 2531 librum
2397 2471 2515 2532 ΠΙ.
2627 2511 2628 2518 1

235 2635 240 2642 .
265 2590 330 2638 et
367 2580 499 2638 libri
538 2580 650 2639 IV.
691 2590 918 2657 partem
958 2581 1235 2656 priorem,
1275 2600 1452 2656 quam
1483 2581 1696 2657 excipit
1723 2580 1858 2640 libri
1886 2580 1966 2639 V.
1999 2599 2139 2656 pars
2166 2583 2454 2658 posterior
2480 2602 2518 2641 a

264 2691 466 2749 verbis
507 2693 536 2760 ἓ
566 2686 669 2748 34.
712 2692 792 2748 ibi
832 2692 1288 2766 restaqnantibus
1330 2692 1731 2748 Mauretaniae
1759 2692 1965 2767 aqui83
2007 2698 2146 2767 post
2169 2692 2323 2750 hanc
2349 2692 2517 2750 deni-

264 2818 386 2874 que
405 2800 756 2875 interposuit
773 2798 909 2857 libri
929 2798 1008 2857 V.
1033 2806 1261 2875 partem
1281 2799 1532 2876 priorem
1548 2806 1606 2857 et
1624 2798 1762 2857 libri
1774 2798 1857 2858 H.
1871 2806 2100 2875 partem
2111 2802 2516 2876 posteriorem.

152 2927 177 2944 ⁸
263 2906 581 2967 Corrector
609 2916 805 2967 autem
833 2907 1042 2984 aliquis
1071 2911 1371 2968 turbatum
1401 2909 1662 2967 ordinem
1692 2908 1868 2984 signis
1897 2910 2181 2985 appositis
2216 2910 2519 2969 restituere

268 3026 516 3076 conatus
537 3018 596 3076 in
616 3016 746 3075 aliis
767 3018 913 3076 locis
937 3018 1052 3076 alia
1072 3020 1402 3093 adscripsit,
1427 3018 1639 3092 quibus
1661 3017 1938 3075 lectorem
1962 3019 2059 3076 vel
2080 3037 2516 3089 amanuensem,
2555 3011 2558 3014 ¹

267 3127 375 3204 qui
401 3126 515 3186 hoc
541 3129 840 3205 exemplar
866 3129 1197 3186 describere
1223 3128 1419 3183 iussus
1448 3134 1595 3197 erat,
1625 3126 1862 3189 devera
1890 3125 2174 3201 abruptas
2193 3126 2303 3184 has
2322 3135 2519 3203 partes

270 3238 666 3315 coniungendi
718 3239 942 3296 ratione
995 3234 1390 3294 admoneret.”
1440 3233 1560 3291 Hic
1595 3251 1827 3308 quoque
1866 3235 2049 3291 codex
2090 3253 2166 3291 ex
2205 3235 2520 3313 archetypo

274 3347 604 3405 uncialibus
642 3348 852 3406 litteris
893 3353 1133 3403 exarato
1164 3338 1256 3425 (2,
1288 3340 1390 3403 82.
1419 3345 1528 3402 celi
1544 3361 1653 3420 pro
1675 3341 1802 3418 ceu)
1832 3362 1964 3401 cum
1995 3344 2136 3404 satis
2164 3343 2520 3421 negligenter

276 3455 601 3530 descriptus
639 3464 812 3526 esset,
850 3456 1070 3532 pariter
1108 3473 1179 3511 ac
1215 3453 1630 3512 Riccardianus
1671 3471 1909 3511 manum
1939 3455 2383 3513 emendatricem
2411 3474 2519 3513 ex-

273 3570 480 3639 pertus
518 3570 627 3633 est,
671 3583 846 3638 quam
887 3565 947 3621 in
986 3563 1232 3620 editione
1268 3562 1358 3632 a2,
1397 3580 1638 3620 manum
1664 3563 1913 3636 primam
1940 3564 2007 3621 a¹
2036 3564 2175 3622 dixi.
2227 3565 2357 3622 Iam
2385 3584 2520 3623 cum

274 3672 410 3731 Ian
426 3691 469 3729 u
483 3690 511 3729 s
536 3672 845 3745 utriusque
864 3673 994 3730 libri
1015 3672 1446 3730 similitudinem
1468 3690 1597 3729 eam
1617 3672 1959 3742 invenisset,
1983 3677 2052 3729 ut
2062 3673 2251 3749 primo
2266 3673 2520 3730 alterum

275 3802 352 3841 ex
390 3783 576 3841 altero
610 3781 961 3858 descriptum
990 3800 1116 3840 esse
1142 3790 1394 3859 putaret,
1435 3782 1595 3855 quod
1620 3779 1896 3838 facillime
1925 3782 1978 3838 ei
2005 3783 2266 3839 accidere
2293 3789 2523 3859 poterat

277 3892 557 3951 fasciculo
585 3892 905 3949 lectionum
932 3891 1450 3949 Riocardianarum
1477 3891 1596 3948 iam
1623 3891 1684 3946 in
1714 3888 2093 3948 Germaniam
2122 3892 2323 3963 mis80,
2365 3894 2520 3952 unde

280 4003 590 4077 utriusque
619 4001 752 4059 libri
779 4001 948 4059 dotes
976 4001 1306 4059 accuratius
1333 4001 1485 4057 inter
1524 4017 1587 4056 se
1628 3998 1887 4056 'conferre
1916 4018 2031 4058 non
2060 4003 2269 4075 potuit,
2301 4002 2520 4062 factum

281 4119 393 4183 est,
432 4119 501 4170 ut
536 4111 671 4170 huic
697 4111 847 4169 libro
874 4110 1055 4186 paulo
1084 4110 1367 4168 minorem
1396 4126 1599 4166 curam
1625 4108 1987 4184 impenderet
2013 4117 2073 4167 et
2097 4129 2319 4186 paucos
2347 4113 2521 4170 modo

282 4221 406 4279 eius
433 4198 611 4280 libros
642 4220 949 4279 conferret.
982 4219 1100 4280 Sed
1126 4225 1539 4295 praeterquam
1569 4218 1746 4293 quod,
1775 4227 1842 4277 ut
1868 4218 1992 4293 ipse
2012 4230 2214 4295 postea
2234 4221 2522 4280 intellexit
