2961 4861
1246 392 1466 439 mmm
1510 394 1556 438 1.
2433 381 2512 443 37

275 564 625 606 caseorum.
690 540 1113 607 Differentiae
1157 544 1590 610 membrorum
1631 545 1957 609 hominum
2002 569 2040 608 a
2082 545 2342 630 reliquis
2373 547 2511 611 ani-

276 641 569 707 malibus.
626 643 733 708 De
777 644 1018 730 digitis,
1079 643 1184 708 De
1226 645 1542 712 bracchiis
1560 648 1628 709 ⁴⁰.
1696 646 1801 711 De
1847 648 2176 712 simiarum
2219 649 2511 713 similitu-

275 743 444 809 dine.
517 744 621 810 De
674 745 1018 832 unguibus.
1093 744 1198 810 De
1250 746 1527 833 genibus
1582 757 1646 811 et
1700 748 2070 834 poplitibus.
2146 747 2225 811 In
2280 749 2514 833 quibus

276 845 577 910 membris
608 847 888 932 corporis
916 846 1181 912 humani
1212 870 1394 912 sacra
1422 848 1648 936 religio
1665 852 1734 914 ⁴¹.
1791 849 2080 914 VariceS.
2126 848 2232 914 De
2260 872 2511 936 gressu.

272 944 380 1010 De
398 949 449 988 ‘¹²
503 946 777 1032 pedibus
836 959 901 1012 et
953 948 1264 1013 cruribus.
1351 948 1459 1013 De
1513 950 1789 1036 ungulis.
1876 949 2229 1015 Volucrum
2290 950 2512 1036 pedes.

274 1047 486 1112 Pedes
528 1048 897 1113 animalium
939 1072 978 1113 a
1021 1048 1188 1113 binis
1232 1050 1316 1113 ad
1359 1060 1660 1116 centenos
1678 1054 1747 1115 43.
1822 1051 1926 1117 De
1968 1051 2423 1137 pumilionibus
2440 1053 2510 1116 44.

272 1147 380 1214 De
423 1149 829 1236 genitalibus.
887 1149 992 1215 De
1022 1150 1576 1236 hermaphroditis,
1636 1151 1742 1217 De
1789 1153 2076 1217 testibus.
2136 1153 2364 1217 Trium
2392 1176 2511 1240 ge-

273 1272 504 1315 nerum
547 1250 845 1316 semiviri.
900 1250 1008 1315 De
1052 1251 1291 1316 caudis.
1350 1250 1457 1316 De
1502 1252 1766 1317 vocibus
1811 1253 2198 1321 animalium.
2254 1253 2364 1320 De
2394 1254 2511 1318 ad-

272 1350 684 1416 nascentibus
736 1352 1056 1417 membris.
1133 1351 1491 1417 Vitalitatis
1549 1362 1614 1419 et
1654 1376 1908 1419 morum
1948 1366 2139 1420 notae
2184 1378 2267 1420 ex
2307 1378 2510 1420 mem-

271 1451 408 1516 bris
450 1451 794 1518 hominum.
867 1453 971 1520 De
1015 1453 1245 1517 anima.
1318 1452 1425 1519 De
1443 1456 1496 1496 45
1538 1454 1733 1520 victu.
1806 1454 1994 1536 Quae
2038 1479 2285 1521 veneno
2326 1468 2514 1542 pasta

272 1552 416 1639 ipsa
478 1575 606 1617 non
625 1556 675 1594 4⁶
736 1565 1004 1638 pereant
1056 1566 1123 1619 et
1174 1563 1437 1641 gustata
1489 1567 1737 1619 necent.
1844 1554 2100 1636 Quibus
2158 1558 2240 1621 de
2302 1558 2512 1621 causis

272 1653 461 1720 homo
502 1677 630 1720 non
673 1667 1027 1740 concoquat
1043 1658 1112 1718 47.
1186 1654 1291 1720 De
1337 1654 1638 1719 remediis
1691 1656 2098 1721 cruditatum.
2176 1656 2510 1738 Quemad-

274 1754 535 1819 modum
599 1757 994 1842 corpulentia
1062 1756 1421 1842 contingat,
1499 1755 2038 1839 quemadmodum
2053 1759 2106 1797 4⁸
2170 1758 2513 1822 minuatur.

277 1855 467 1936 Quae
511 1867 711 1943 gustu
753 1856 992 1921 famem
1037 1865 1104 1920 et
1146 1855 1314 1919 sitim
1334 1860 1385 1896 4⁹
1444 1856 1687 1920 sedent.
1779 1851 2079 1922 Summa:
2133 1879 2239 1922 res
2296 1867 2361 1922 et
2410 1858 2511 1922 hi-

274 1956 508 2021 storiae
552 1968 618 2021 et
659 1956 1134 2023 observationes
1176 1973 1536 2020 MMCOLXX
1555 1959 1623 2018 55.

356 2056 472 2120 Ex
516 2056 1027 2122 AUCTORIBUS:
1099 2056 1195 2120 M.
1241 2055 1556 2134 Varrone,
1616 2054 1904 2144 HyginO,
1968 2054 2216 2136 Scrofa,
2279 2055 2508 2124 Saser-

273 2182 357 2223 na
375 2161 444 2237 51,
504 2156 699 2225 Celso
741 2157 1063 2236 Corneli0,
1118 2156 1399 2222 Aemilio
1451 2156 1698 2235 Macro,
1758 2157 2070 2246 Vergilio,
2132 2156 2509 2239 Columella,

272 2258 437 2329 Iulio
480 2260 724 2345 Aquila
740 2263 793 2302 ⁶²
836 2259 948 2343 qui
991 2259 1072 2323 de
1098 2257 1377 2324 Etrusca
1407 2259 1746 2345 disciplina
1786 2259 2042 2346 scripsit
2059 2261 2129 2336 53,
2176 2254 2512 2346 Tarquitio

277 2361 388 2445 qui
438 2362 620 2441 item,
691 2359 1023 2425 Umbricio
1078 2359 1350 2427 Meliore
1369 2364 1419 2401 54
1475 2361 1588 2445 qui
1640 2360 1795 2424 item
1812 2408 1830 2437 ,
1900 2358 2148 2424 Catone
2203 2363 2510 2440 censori0‚

273 2461 560 2529 Domitio
605 2460 892 2541 Calvino,
938 2461 1175 2550 Trogo,
1227 2460 1517 2539 Meliss0,
1572 2460 1865 2525 Fabiano
1882 2465 1953 2539 55,
2009 2460 2334 2541 Muciano,
2392 2462 2455 2527 N
2456 2462 2512 2526 i-

275 2563 472 2650 gidio,
519 2562 789 2629 Manilio
811 2565 866 2642 *,
914 2560 1130 2648 Oppio
1149 2566 1217 2627 55.
1899 2599 1904 2606 ·

360 2664 767 2729 EXTERNIS:
835 2663 1205 2741 Aristotele,
1258 2663 1651 2741 Democrito,
1711 2662 2131 2751 Neoptolemo
2188 2665 2299 2750 qui
2354 2668 2512 2749 μελι-

276 2767 557 2850 τουργικά
575 2770 645 2844 57,
704 2764 1153 2832 Aristomacho
1207 2765 1320 2850 qui
1371 2765 1547 2843 item,
1602 2764 1872 2831 Philisto
1931 2764 2043 2851 qui
2094 2766 2249 2831 item
2267 2768 2337 2845 ⁵⁸,
2392 2766 2510 2832 Ni-

276 2867 533 2945 candro,
589 2865 982 2945 Menecrate,
1041 2866 1356 2949 Dionysio
1399 2867 1513 2952 qui
1554 2865 1903 2955 Magonem
1950 2867 2291 2946 transtulit,
2347 2866 2509 2932 Em-

274 2967 562 3051 pedocle,
610 2965 1023 3047 Callimacho,
1078 2967 1302 3034 Attalo
1345 2991 1521 3055 rege,
1577 2967 1969 3053 Apollodoro
2013 2967 2125 3051 qui
2167 2967 2249 3032 de
2291 2969 2515 3034 bestiis

275 3067 628 3146 venenatis,
673 3067 1090 3155 Hippocrate,
1135 3068 1490 3153 Herophilo
1508 3072 1579 3144 ⁵⁹,
1633 3067 2046 3143 Erasistrato,
2102 3065 2513 3153 Asclepiade,

273 3167 680 3247 flemisonffi
724 3169 1068 3235 Posidonio
1113 3167 1350 3245 Stoico,
1394 3166 1774 3231 Menandris
1801 3164 2151 3230 Prienense
2196 3176 2261 3231 et
2300 3166 2515 3232 Hera-

275 3269 477 3335 cleote
495 3274 566 3347 ⁶⁰,
610 3270 983 3356 Euphronio
1027 3270 1386 3345 Athenan,
1433 3266 1896 3352 Theophrasto,
1942 3266 2249 3347 Hesiod0,
2294 3268 2515 3336 Philo-

275 3381 517 3437 metore
560 3394 736 3458 rege.

276 3585 532 3646 bracchiis,
556 3586 618 3636 Τ.
690 3593 770 3635 41.
807 3604 955 3636 sacra
987 3587 1107 3653 reliq
1110 3587 1169 3649 io,
1204 3588 1310 3637 Td.
1347 3587 1616 3653 sacreliqio,
1641 3587 1704 3636 R.
1743 3604 1802 3636 ac
1836 3587 2017 3652 reliyio,
2043 3604 2087 3636 a.
2160 3594 2240 3637 42.
2278 3590 2373 3649 De,
2410 3591 2512 3639 Ra.

275 3663 334 3715 et,
362 3654 466 3702 Td.
531 3660 612 3703 43.
649 3663 875 3714 centenos,
900 3654 1056 3704 Hard.
1093 3656 1377 3715 centesimos,
1400 3656 1507 3704 ΒΤ
1518 3658 1603 3704 ad
1668 3661 1747 3704 44.
1780 3655 2113 3719 papilionibus,
2139 3656 2246 3704 Td.
2310 3662 2390 3705 45.
2417 3657 2513 3716 De,

275 3723 379 3772 Ra.
418 3728 475 3782 et,
501 3722 606 3770 Td.
679 3728 759 3771 46.
785 3740 890 3782 non,
917 3738 1016 3772 om.
1042 3723 1105 3771 Τ.
1175 3727 1255 3773 47.
1280 3732 1527 3786 conqueat,
1551 3724 1653 3772 Ra.
1724 3729 1805 3772 48.
1832 3722 2242 3785 quemadmodum,
2266 3723 2372 3771 Ra.
2400 3741 2513 3786 quo-

275 3806 427 3866 modo,
453 3806 558 3855 Td
631 3812 711 3855 49.
738 3807 942 3867 ιιιιιιιιι,
967 3808 1069 3856 Ra,
1093 3807 1322 3871 sitimque,
1347 3809 1450 3857 Td.
1491 3814 1569 3857 50.
1594 3805 1989 3867 MMOGLXX‚
2017 3808 2078 3855 T.
2112 3791 2511 3857 McoaDoc.

274 3890 414 3940 Alibi
439 3889 518 3941 ΙΙ.
547 3888 810 3948 CCLXX,
845 3893 892 3939 d.
938 3889 1079 3941 000.
1099 3890 1260 3952 DCC,
1295 3894 1398 3941 Ra.
1490 3898 1568 3941 51.
1606 3891 1843 3950 Saserna,
1895 3892 2000 3940 Rd.
2057 3890 2319 3951 Sasserna,
2357 3884 2512 3939 GTa.

276 3964 356 4007 52.
393 3957 596 4019 Aquila,
639 3972 740 4005 om.
785 3960 831 4006 (1
917 3965 995 4008 53.
1032 3959 1236 4022 scripsit,
1279 3974 1379 4007 om.
1414 3962 1460 4007 d.
1543 3965 1621 4007 54.
1668 3957 1890 4018 Meliore,
1924 3958 2093 4007 RTd.
2139 3959 2377 4017 Meriore,
2415 3951 2512 4007 θα.

276 4031 356 4074 55.
381 4024 623 4085 Fabiam,
647 4026 809 4075 RTd.
846 4026 1066 4075 Favonio
1088 4026 1326 4085 Fabiano,
1353 4043 1383 4073 a
1407 4023 1579 4086 (codd.
1604 4023 1784 4086 Barb.)
1820 4021 1873 4085 *)
1896 4025 2121 4085 Manilio,
2146 4028 2219 4075 ita
2257 4040 2353 4074 nos
2395 4026 2514 4073 scri-

274 4093 491 4172 psimus;
509 4108 556 4140 v.
577 4095 640 4142 ad
663 4099 740 4153 10,
761 4100 807 4141 4.
827 4093 1067 4153 Mamzlio,
1085 4094 1291 4142 RTad.
1333 4098 1415 4141 56.
1441 4092 1610 4156 Oppia,
1630 4087 1829 4142 Read.
1861 4091 1995 4156 opio,
2016 4094 2077 4142 T.
2131 4097 2209 4143 57.
2235 4107 2305 4151 μ
2283 4087 2515 4156 θλιτουρ-

273 4155 414 4222 γικά,
467 4160 772 4210 Harduinus.
807 4161 1101 4227 melam-qia,
1135 4161 1197 4209 T.
1252 4159 1559 4225 melissuryit,
1592 4161 1737 4210 Rad.
1793 4159 2074 4225 mellesurqi,
2100 4163 2246 4209 codd.
2289 4162 2515 4210 Barbari.

277 4233 355 4276 58.
378 4227 596 4287 Philisto,
621 4229 727 4277 Rd.
761 4228 989 4289 Philisco,
1017 4223 1072 4277 θ.
1095 4226 1360 4288 Philisch0‚
1385 4244 1428 4276 a.
1465 4227 1668 4277 Philisto
1704 4229 1791 4290 qai
1813 4227 1932 4288 item,
1969 4243 2069 4276 om.
2096 4228 2157 4276 T.
2244 4234 2322 4277 59.
2358 4228 2516 4278 Hero-

269 4294 418 4357 philo,
454 4297 500 4343 d.
547 4296 795 4359 Emptam,
830 4298 949 4347 ΒΤ.
986 4297 1155 4365 Eropy
1157 4296 1216 4356 lo,
1252 4297 1356 4345 Ra.
1447 4301 1527 4344 60.
1563 4296 1770 4346 Prieneo
1806 4304 1863 4344 et
1871 4264 2194 4356 liei-aeliensi,
2214 4297 2277 4345 T.
2312 4296 2518 4345 Prieneo

273 4370 319 4410 et
345 4361 696 4424 Heraclidensi,
725 4366 771 4413 d.
804 4365 967 4429 priene
995 4363 1298 4424 iberae-lidan,
1330 4365 1390 4413 Β.
1418 4363 1859 4428 prieneteracliden,
1892 4380 1935 4412 a.
