2961 4861
419 338 460 396 4
1111 350 1519 396 NATURAms
1566 348 1956 396 merorum:

423 501 869 579 contuberni03
917 525 1036 566 nec
1081 503 1424 584 quicquam
1465 501 1531 563 in
1565 512 1626 564 te
1653 502 1925 565 mutavit
1953 502 2250 586 fortunae
2278 504 2675 598 amplitudo,

420 611 537 674 nisi
593 622 663 674 ut
718 612 1022 695 prodesse
1079 612 1450 676 tantundem
1507 632 1732 694 posses
1786 621 1859 674 ut
1912 612 2127 675 velles.
2227 611 2455 696 Itaque
2511 636 2676 678 cum
2711 636 2747 677 4

422 721 650 784 ceteris
694 721 758 785 in
803 720 1278 784 venerationem
1325 720 1418 782 tui
1460 729 1724 803 pateant
1767 720 1978 784 omnia
2018 721 2145 797 illa,
2191 720 2375 784 nobis
2420 721 2503 785 ad
2546 744 2673 786 co-

418 831 679 894 lendum
726 840 787 892 te
832 829 1202 893 familiarius
1247 828 1515 893 audacia
1560 829 1691 892 sola
1735 839 2059 914 superest3
2104 829 2271 895 hanc
2314 829 2514 917 igitur
2544 832 2672 897 tibi

418 937 743 1021 inputabis
790 947 855 1001 et
897 939 964 1000 in
1006 947 1225 1001 nostra
1270 938 1458 1022 culpa
1505 936 1619 1001 tibi
1661 938 1978 1023 ignosces,
2063 937 2384 1004 Perfricui
2429 940 2673 1005 faciem

420 1069 539 1110 nec
586 1056 796 1109 tamen
839 1046 1105 1130 profeci,
1154 1046 1449 1128 quoniam
1495 1046 1620 1109 alia
1662 1046 1766 1109 via
1809 1047 2366 1165 occurris‘aeingens
2412 1060 2477 1114 et
2518 1051 2670 1115 lon-

422 1156 568 1241 gius
614 1156 805 1219 etiam
850 1156 1189 1221 submoves
1232 1155 1452 1241 ingeni
1498 1154 1799 1219 fascibus.
1868 1154 2189 1243 Fulgurat
2230 1158 2296 1220 in
2339 1158 2472 1223 ullo
2514 1182 2668 1222 um-
2708 1179 2743 1221 5

423 1287 615 1347 quam
680 1266 895 1328 verius
961 1265 1132 1329 dicta
1195 1265 1292 1328 vis
1360 1264 1792 1346 eloquentiae,
1873 1264 2249 1331 tribuniciae
2322 1268 2670 1352 potestatis

425 1375 803 1439 facundiae?
892 1373 1153 1454 Quanto
1194 1384 1268 1437 'tu
1314 1394 1423 1437 ore
1466 1373 1668 1456 patris
1712 1373 1936 1438 laudes
1983 1374 2196 1439 tonas!
2244 1386 2484 1459 quanto
2528 1377 2668 1441 fra-

428 1485 539 1555 tris
584 1484 788 1548 amas!
837 1493 1112 1566 quantus
1154 1483 1221 1544 in
1250 1482 1504 1567 poetica
1533 1481 1631 1545 esl
1690 1478 1752 1544 Ο
1783 1505 2017 1568 magna
2046 1483 2406 1577 fecunditas
2437 1486 2666 1563 animi!

429 1593 968 1677 quemadmodum
1023 1591 1286 1655 fratrem
1341 1594 1596 1674 quoque
1650 1590 1989 1656 imitareris
2035 1573 2436 1680 excogitasti.
2528 1592 2670 1660 Sed
2701 1612 2739 1654 6

2837 940 2852 989 Σ

495 1825 583 1859 nec
618 1808 905 1872 quicquam,
941 1803 1042 1857 Pa.
1078 1804 1428 1868 nequicquam,
1464 1821 1510 1853 a.
1566 1802 1923 1866 nequidquam,
1958 1807 2051 1854 bd.
2096 1821 2184 1854 nec
2219 1805 2522 1870 quidquam,
2557 1805 2597 1857 Δ
2608 1823 2667 1873 γ.

427 1892 764 1939 nequaquam,
797 1892 849 1940 η.
891 1914 947 1922 .-
986 1874 1039 1922 in
1077 1881 1122 1920 te
1157 1871 1390 1932 mutavit,
1415 1872 1474 1921 P.
1512 1910 1566 1918 -
1607 1869 1728 1931 nisi,
1753 1871 1931 1920 Ambr.
1957 1874 1999 1922 1.
2023 1874 2093 1922 Π.
2119 1874 2307 1937 aliique
2330 1890 2413 1938 ap.
2439 1878 2666 1926 Rezzon.

430 1985 488 1993 ..
531 1942 582 1990 in
621 1941 701 1990 his
738 1941 871 2000 nisi,
909 1934 1315 2004 abd'rPAqa,
1352 1941 1491 1999 quod
1524 1953 1590 1986 ex
1622 1939 1802 1987 litteris
1836 1940 2047 2001 paulum
2079 1942 2299 1991 traiectis
2325 1940 2431 1989 inis
2467 1951 2517 1991 et
2547 1944 2668 1993 inde

428 2018 550 2059 nata
584 2008 930 2070 dittographia
965 2014 1134 2055 ortum
1166 2006 1364 2053 videtur
1398 2019 1522 2054 esse.
1568 2045 1623 2053 -
1668 2003 1953 2067 prodesset,
1985 2022 2036 2072 η.
2086 2048 2140 2055 -
2182 2023 2380 2071 posses,
2413 2006 2667 2076 bPAqal.

426 2084 620 2140 posset,
647 2076 797 2124 adT.
829 2114 885 2122 ...
916 2082 984 2132 ut,
1011 2067 1436 2137 adePdrjtlr.
1464 2079 1527 2132 et,
1550 2067 1608 2132 β.

500 2142 529 2203 ξ
556 2149 602 2191 4.
631 2141 1017 2199 venerationem,
1042 2142 1113 2188 ad
1139 2138 1342 2200 (Ambr.
1367 2136 1463 2199 11.)
1502 2138 1842 2198 veneratione,
1875 2136 2141 2206 PbrAvst
2166 2140 2370 2203 (Ambr.
2395 2139 2465 2204 Ι.)
2498 2183 2552 2191 ...
2581 2161 2670 2192 su-

427 2218 602 2274 perest
625 2207 754 2268 sola,
778 2203 824 2257 λ.
861 2208 932 2257 Ut
955 2222 1045 2270 per
1068 2207 1343 2255 maximam
1369 2206 1522 2255 liuius
1545 2206 1872 2268 praefat-ionis
1896 2217 2108 2287 partem,
2131 2210 2202 2258 ita
2224 2210 2310 2258 hic
2334 2225 2538 2273 quoquc
2559 2212 2671 2261 Pli-

432 2278 548 2326 nius
582 2290 825 2339 perquam
860 2276 1097 2338 impedite
1131 2275 1374 2335 loquitur,
1410 2274 1604 2323 duabus
1641 2275 1832 2323 scilicet
1866 2277 2125 2325 sententiis
2160 2292 2250 2339 per
2272 2292 2326 2326 se
2348 2277 2583 2328 facilibus
2618 2289 2673 2328 et

435 2344 747 2407 simplicibus
781 2343 1146 2392 violentissime
1170 2343 1264 2391 sibi
1289 2342 1503 2390 innexis.
1542 2342 1802 2391 Sententia
1826 2342 1944 2403 loci,
1971 2358 2121 2404 quem
2157 2352 2371 2407 excepto
2406 2360 2511 2393 uno
2537 2347 2671 2395 Tur·

436 2414 585 2473 neb0‚
612 2412 697 2475 qui
722 2419 891 2461 tamen
915 2425 1143 2475 perverse
1179 2426 1294 2460 eum
1318 2410 1585 2471 intellexit,
1611 2424 1788 2459 omnes
1821 2410 2115 2474 interpretes
2139 2412 2272 2461 sicco
2308 2414 2435 2475 pede
2459 2414 2672 2463 transie-

434 2488 567 2540 runt,
602 2482 674 2529 ita
707 2489 783 2530 est
816 2480 1151 2542 expedienda:
1187 2480 1367 2540 Itaque
1392 2493 1508 2527 cum
1531 2485 1588 2526 tu
1613 2478 1887 2527 etiamnum
1911 2493 2023 2526 eam
2049 2493 2202 2540 quam
2224 2495 2386 2542 nuper
2413 2481 2466 2528 in
2489 2490 2672 2531 contu-

435 2549 610 2596 bernio
634 2547 929 2596 facilitatem
955 2555 1005 2597 et
1038 2546 1405 2596 humanitatem
1430 2546 1557 2593 mihi
1581 2552 1827 2607 praestes,
1862 2560 1967 2593 non
1991 2547 2157 2595 minus
2178 2546 2493 2597 familiariter
2515 2562 2670 2610 quam

436 2623 586 2664 antea
610 2623 659 2664 te
684 2631 715 2663 a
746 2629 828 2663 mc
852 2615 954 2662 coli
977 2630 1068 2677 par
1091 2622 1182 2674 est,
1209 2614 1384 2662 ceteris
1408 2614 1719 2672 hominibus,
1745 2613 1926 2674 quibus
1951 2614 2123 2676 aliqua
2157 2621 2325 2663 tecum
2347 2616 2670 2666 necessitudo

437 2683 714 2740 intercedit,
750 2681 863 2729 sola
896 2682 1218 2730 veneratione
1252 2681 1524 2730 utentibus.
1561 2681 1670 2729 Iam
1697 2681 1739 2729 si
1765 2681 2033 2742 quaeritur,
2070 2682 2309 2743 quidnam
2343 2683 2461 2731 illos
2496 2685 2560 2732 ad
2595 2685 2672 2732 tui

436 2748 837 2806 venerationem,
881 2762 963 2795 me
997 2748 1061 2796 ad
1096 2747 1290 2797 cultum
1324 2747 1625 2796 familiarem
1658 2756 1964 2810 permoveat,
2000 2756 2209 2811 apparet
2241 2749 2385 2798 illam
2416 2752 2670 2812 procreari

438 2818 662 2879 pondere
697 2822 748 2863 et
780 2815 1078 2863 auctoritate
1112 2815 1315 2863 illarum
1340 2816 1522 2876 quibus
1553 2814 1777 2876 fungeris
1801 2815 2118 2876 dignitatum,
2154 2817 2291 2865 hunc
2314 2833 2417 2866 una
2439 2818 2532 2866 niti
2554 2833 2673 2867 mea

442 2884 669 2944 audacia,
693 2897 800 2931 non
823 2882 968 2930 aliter
992 2882 1211 2930 exerceri
1236 2895 1401 2944 posse,
1415 2883 1512 2930 nisi
1537 2883 1748 2930 audacia
1769 2897 1859 2945 per
1881 2897 1934 2931 se
1957 2883 2289 2946 vituperabili,
2310 2885 2451 2934 cuius
2474 2900 2590 2934 cum
2615 2894 2671 2934 tu

439 2951 546 3014 ipse
580 2959 757 3000 auctor
779 2950 861 3008 sis,
895 2964 1001 2998 non
1025 2950 1168 3010 mihi,
1193 2951 1280 2998 sed
1314 2949 1411 2998 soli
1437 2950 1527 2998 tibi
1552 2950 1756 3012 culpam
1778 2950 2066 3012 imputabis.
2113 2951 2209 3000 His
2231 2959 2401 3000 autem
2424 2953 2671 3016 expositis

439 3019 598 3068 altera
632 3019 784 3068 etiam
818 3017 1090 3067 difficultas
1125 3017 1356 3077 occurrit,
1394 3031 1547 3079 quam
1580 3019 1787 3067 verbum
1822 3025 2054 3079 superest
2086 3019 2233 3068 nobis
2268 3027 2417 3080 creat,
2454 3023 2593 3081 quod
2629 3021 2672 3068 si

437 3101 531 3150 pro
559 3095 736 3148 restat,
764 3083 967 3149 reliqua
992 3094 1069 3134 est
1092 3086 1283 3136 dictum
1308 3099 1417 3134 esse
1440 3093 1602 3147 putes,
1628 3084 1867 3147 apodosis
1892 3085 2083 3146 protasi
2106 3100 2212 3133 non
2247 3087 2498 3137 convenit.
2543 3089 2671 3136 Inde

438 3155 590 3214 enim,
612 3158 748 3217 quod
769 3155 869 3203 illis
890 3154 1066 3204 ceteris
1086 3168 1262 3202 omnes
1280 3153 1384 3202 Titi
1404 3153 1674 3214 dignitates
1691 3154 1755 3201 ad
1773 3153 2149 3201 tenerationem
2165 3162 2355 3216 patent,
2379 3169 2486 3203 non
2504 3155 2670 3217 sequi·

437 3230 519 3271 tur
554 3223 723 3271 Plinio
759 3222 923 3270 solam
958 3223 1221 3271 audaciam
1254 3221 1488 3282 relinqui.
1534 3221 1715 3269 Potius
1749 3234 1864 3268 cum
1889 3234 2039 3281 supra
2073 3234 2133 3268 ea
2167 3234 2296 3281 quae
2319 3223 2440 3271 Tito
2464 3222 2671 3285 propn‘a

437 3298 603 3338 essent
629 3290 728 3338 illis
753 3290 929 3338 ceteris
953 3290 1087 3337 viam
1110 3292 1172 3337 ad
1196 3289 1575 3337 venerationem
1607 3288 1879 3336 munivisse
1902 3287 2099 3336 Plinius
2123 3287 2321 3348 dixerit,
2355 3290 2442 3337 hic
2466 3303 2669 3351 quoque

438 3356 610 3416 aliqua
645 3356 747 3404 Titi
783 3356 939 3403 virtus
975 3357 1419 3404 commemoranda
1452 3362 1585 3413 erat,
1621 3370 1751 3417 quae
1784 3353 2009 3402 Plinium
2043 3356 2108 3402 ad
2142 3355 2334 3404 cultum
2368 3355 2667 3405 familiarem

438 3421 683 3480 incitaret,
711 3422 873 3483 qualis
898 3429 1005 3470 erat
1028 3422 1333 3470 humanitas.
1381 3423 1517 3471 Tum
1541 3430 1711 3470 autem
1733 3421 1902 3471 Plinio
1928 3422 2177 3471 sententia
2196 3423 2462 3485 paululum
2485 3424 2666 3472 immu-

438 3489 589 3538 tanda
615 3497 666 3537 ct
699 3489 769 3537 ita
804 3488 906 3536 fero
931 3489 1249 3537 scribendum
1273 3496 1403 3537 erat:
1437 3489 1609 3550 itaque
1632 3488 1761 3537 haec
1795 3497 1883 3537 tua
1905 3489 2194 3538 humanitas
2227 3492 2292 3538 ad
2314 3497 2365 3540 te
2400 3491 2666 3540 colendum

437 3556 699 3605 audaciam
725 3554 851 3603 mihi
878 3555 1065 3604 tribuit.
1091 3555 1233 3603 Haec
1251 3568 1367 3603 cum
1392 3555 1463 3604 ita
1488 3555 1603 3615 sint,
1628 3564 1874 3618 superest,
1900 3557 2041 3605 cuius
2064 3557 2182 3604 loco
2209 3558 2501 3620 simpliciter
2523 3566 2666 3621 pote-

436 3631 514 3673 rat
538 3624 701 3672 dicere
726 3631 818 3682 est,
854 3638 885 3671 a
910 3621 1079 3672 Plinio
1114 3629 1323 3684 propter
1354 3622 1657 3672 adiectivum
1681 3620 1797 3672 sola
1830 3631 1906 3672 est
1929 3624 2153 3687 positum
2188 3639 2304 3672 cum
2326 3625 2377 3672 vi
2413 3626 2584 3688 aliqua
2617 3634 2669 3673 et

438 3691 781 3755 pmcgnautia,
819 3690 961 3753 quasi
1000 3689 1196 3738 Plinius
1232 3689 1365 3737 dicat
1399 3690 1493 3738 sibi
1527 3691 1592 3739 ad
1626 3690 1791 3739 solam
1825 3691 2088 3739 audaciam
2112 3691 2508 3754 confugiendum
2542 3707 2700 3750 esse„

436 3760 695 3808 amiticiam
724 3773 880 3807 unum
906 3771 1013 3806 csse
1048 3757 1140 3805 sibi
1166 3756 1432 3818 refugium.
1468 3758 1570 3806 Per
1601 3758 1808 3806 verbum
1834 3764 2080 3820 superest,
2115 3759 2168 3806 in
2192 3773 2295 3821 quo
2319 3761 2463 3808 notio
2487 3760 2670 3821 reliqui

436 3826 673 3888 primaria
707 3836 796 3886 ost,
834 3824 1120 3885 augustiam
1145 3839 1288 3873 suam
1315 3825 1605 3888 oppositam
1639 3825 1782 3874 illam
1815 3826 1989 3874 multis
2012 3826 2106 3874 viis
2131 3840 2260 3887 quae
2294 3827 2470 3876 ceteris
2528 3834 2671 3876 atent

436 3892 699 3954 significat,
726 3893 776 3940 in
804 3907 955 3954 quam
982 3906 1098 3941 cum
1122 3907 1214 3942 sua
1247 3891 1459 3941 audacia
1483 3891 1586 3941 Titi
1611 3890 1908 3942 familiarius
1931 3893 2131 3941 colendi
2157 3893 2443 3943 coniecerit.
2549 3909 2669 3956 per·

436 3975 545 4006 esso
572 3959 725 4021 igitur
750 3959 801 4008 lt.
830 3959 862 4008 l.
892 3959 1020 4008 idom
1058 3967 1133 4009 cst
1156 3961 1293 4022 quod
1320 3967 1522 4024 praesto
1547 3973 1672 4020 esse,
1706 3962 1882 4009 adesse
1907 3958 2030 4021 (vid.
2058 3958 2087 4019 ξ
2113 3965 2194 4009 26.
2227 3967 2305 4020 12,
2330 3967 2407 4010 11.
2435 3960 2666 4011 Oudend.

434 4028 497 4076 ad
524 4028 660 4076 Suet.
690 4026 811 4076 oth.
840 4023 913 4086 6.)
950 4027 1092 4086 „Illis
1115 4028 1305 4077 multae
1330 4028 1441 4078 viae
1465 4035 1666 4090 pateut3
1693 4028 1835 4086 mihi,
1859 4028 1979 4076 licet
2001 4027 2220 4075 multum
2245 4029 2430 4091 diuque
2455 4029 2668 4077 circum-

434 4095 713 4156 npoxorim,
761 4111 825 4144 ox
874 4095 1108 4145 omuibus
1142 4095 1235 4144 viis
1269 4111 1396 4158 quas
1431 4097 1496 4145 ad
1522 4103 1570 4144 te
1605 4095 1876 4145 colendum
1911 4096 2102 4157 ingredi
2137 4096 2330 4157 possim
2363 4103 2532 4145 tamen
2565 4110 2671 4145 una

434 4162 589 4210 modo
615 4163 825 4212 audacia
849 4173 1089 4226 superest.
1116 4173 1308 4212 ceterae
1332 4164 1444 4213 viae
1466 4162 1594 4212 mihi
1617 4171 1735 4212 sunt
1758 4163 1973 4222 clausae,
1998 4163 2126 4211 haec
2148 4177 2253 4211 una
2274 4164 2401 4212 mihi
2424 4172 2669 4227 superest,

434 4229 706 4280 romun1=t.''
745 4232 821 4281 Ita
846 4246 947 4294 qua
967 4230 1011 4278 vi
1032 4231 1227 4280 Plinius
1250 4232 1400 4280 verba
1421 4238 1637 4294 pateant
1662 4238 1712 4279 ct
1735 4237 1966 4293 superest
1990 4230 2081 4279 sibi
2109 4231 2405 4294 opposuerit
2426 4239 2579 4295 patet.
2600 4268 2661 4278 ..

1317 4321 1360 4390 st
