2961 4861
1238 321 1616 400 rasurum.
2410 356 2543 403 ,ιιι

300 524 634 585 possumus,
679 515 804 565 tum
834 507 1045 566 docent
1073 508 1322 568 duorum
1349 509 1682 568 h‘bellorum
1708 509 2057 587 fragmenta,
2098 528 2247 586 quae
2274 511 2542 569 decesso-

298 616 464 674 ribus
506 616 652 674 meis
688 614 749 674 in
785 617 1142 677 recensendo
1179 616 1375 679 Plinio
1415 619 1638 677 dudum
1679 618 1914 694 cognita
1952 619 2030 677 ab
2068 619 2141 677 iis
2169 638 2285 678 non
2313 637 2384 676 ea
2410 637 2544 677 cum

298 743 445 783 cura
469 734 608 785 sunt
625 734 932 801 usurpata,
956 744 1156 802 quam,
1176 726 1301 786 illis
1328 726 1671 802 fragmentis
1700 726 1881 785 semel
1908 727 1970 785 in
1996 727 2186 786 lucem
2212 728 2544 803 protractis,

297 833 619 892 adhibitam
653 834 727 894 iis
766 834 950 895 fuisse
990 837 1117 903 iure
1153 837 1607 912 exspectaveris.
1650 836 1851 895 Primo
1890 837 2022 895 loco
2063 835 2161 894 hic
2185 836 2326 894 mihi
2353 838 2547 895 dicen·

298 944 444 1000 dum
471 952 563 1001 est
588 943 662 1001 de
688 943 1013 1021 fragmento
1038 945 1146 1004 illo
1171 928 1596 1021 pretiosissimo
1626 939 1935 1021 (Pirenam)
1967 944 2247 1022 Appuleii
2281 948 2351 1003 de
2371 964 2548 1004 remc-

286 1053 421 1133 rdiis
448 1054 816 1125 salutm-ibus,
848 1054 921 1111 de
949 1071 1067 1128 quo
1093 1054 1211 1111 iam
1240 1072 1278 1111 a
1306 1051 1601 1112 Salmasio
1629 1052 1854 1111 detecto
1876 1060 1936 1110 et
1957 1053 2267 1128 aliquoties
2288 1053 2352 1110 in
2372 1070 2548 1111 usum

298 1165 533 1231 vocato,
563 1161 666 1219 sed
691 1161 770 1219 ab
797 1161 1127 1234 Harduino‚
1158 1162 1317 1238 quod
1343 1162 1406 1219 in
1435 1162 1633 1221 codice
1659 1161 1979 1220 Parisiensi
2009 1162 2253 1234 mireris,
2283 1169 2548 1238 praeter-

297 1287 482 1343 quam
515 1269 577 1326 in
614 1269 761 1328 locis
799 1271 918 1328 iam
958 1287 998 1328 a
1034 1268 1322 1330 Salmasio
1357 1270 1621 1329 tractatis
1648 1288 1894 1346 prorsus
1922 1270 2217 1348 neglecto,
2261 1279 2322 1328 et
2362 1290 2552 1347 nuper

295 1396 339 1436 a
379 1378 772 1436 Friderico
813 1376 1158 1439 Diibnero
1198 1374 1745 1439 benevolentissime
1771 1379 1832 1437 in
1860 1398 2056 1438 meum
2085 1397 2259 1438 usum
2286 1386 2412 1438 toto
2440 1381 2551 1438 de-

297 1487 542 1562 scripto,
570 1487 698 1569 ipse
725 1506 834 1564 ego
862 1489 1102 1547 uberius
1132 1489 1385 1566 exposui
1409 1490 1472 1547 in
1502 1489 1908 1563 quaestionum
1935 1486 2342 1547 Plinianarum
2365 1484 2550 1567 speci-

296 1596 456 1654 mine
487 1593 544 1656 1.
568 1595 835 1655 Dresdae
860 1590 1052 1656 1839.
1081 1597 1254 1669 edim,
1277 1596 1436 1654 unde
1465 1614 1617 1671 quae
1644 1598 1722 1655 ad
1749 1616 1874 1654 rem
1902 1596 2128 1655 faciunt
2155 1616 2264 1657 suo
2292 1597 2425 1657 loco
2451 1618 2550 1657 re-

297 1712 521 1780 petam.
562 1702 768 1762 Pauca
806 1707 953 1764 haec
993 1704 1137 1762 folia
1177 1712 1265 1762 tot
1295 1702 1477 1761 Plinii
1503 1705 1666 1761 locos
1695 1705 2015 1778 integritati
2045 1723 2187 1762 suae
2214 1707 2549 1779 restituunt,

298 1820 371 1870 ut
417 1830 560 1887 prae
606 1812 678 1870 iis
730 1812 902 1870 facile
945 1814 1042 1870 vel
1085 1819 1321 1870 centum
1360 1811 1588 1869 codices
1624 1812 1920 1868 minorum
1959 1813 2217 1886 gentium
2256 1814 2550 1889 proiicias.

298 1919 583 1978 Alterum
611 1919 1004 1995 fragmentum
1029 1920 1169 1977 item
1197 1919 1274 1976 ab
1301 1919 1614 1977 Harduino
1639 1918 1762 1976 fere
1791 1919 2140 1994 neglectum,
2184 1920 2288 1979 illo
2318 1921 2553 1995 quidem

300 2030 482 2103 longe
516 2027 786 2098 inferius,
816 2046 1063 2104 magnae
1089 2036 1287 2086 tamen
1315 2027 1583 2086 utilitatis
1612 2028 1688 2085 ad
1715 2027 2028 2086 nonnullas
2056 2027 2236 2086 Plinii
2262 2048 2552 2106 paragra-

299 2138 455 2215 phos
487 2137 899 2210 emendandas,
931 2130 1231 2196 servatum
1258 2143 1349 2195 est
1376 2137 1438 2195 in
1466 2138 1697 2195 scholiis
1724 2138 1805 2194 ad
1836 2134 2082 2194 German
2091 2139 2168 2196 ici
2184 2142 2555 2214 proqnostica

303 2243 491 2323 (apud
529 2245 808 2304 Buhlium
845 2244 986 2304 Vol.
1027 2246 1111 2304 H.
1154 2266 1215 2321 p.
1249 2241 1391 2304 112.
1423 2240 1609 2324 sqq.).
1661 2242 1982 2319 Leguntur‘
2009 2245 2091 2303 ibi
2131 2265 2206 2304 ex
2245 2247 2399 2305 libro
2425 2248 2556 2305 Pli-

300 2355 388 2412 nii
428 2353 672 2412 xvm.
718 2357 780 2424 ἐξ
821 2350 968 2413 213.
1020 2350 1165 2413 214.
1217 2349 1359 2412 234.
1405 2347 1553 2412 235.
1599 2348 1745 2411 237.
1790 2348 2177 2413 246-248.
2222 2350 2367 2415 255.
2409 2352 2555 2415 256.

306 2459 685 2525 268-271.
727 2458 1110 2523 278-294.
1156 2458 1538 2521 309-313.
1574 2463 1651 2520 ad
1690 2464 1938 2522 verbum
1977 2457 2366 2540 transcriptae
2394 2472 2452 2522 et
2480 2483 2557 2522 ex
2606 2469 2611 2474 ’

302 2574 469 2632 fon-te
496 2573 765 2631 omnibus
796 2572 1091 2631 codicibus
1118 2573 1295 2646 longe
1321 2570 1557 2648 puriore
1584 2570 1861 2641 haustae,
1894 2571 2052 2644 quod
2080 2590 2213 2630 cum
2240 2581 2558 2650 praeeunte

303 2681 614 2739 Hadriano
641 2680 816 2740 Iunio
841 2680 902 2739 in
929 2680 1526 2738 animadversionibus
1559 2674 1617 2750 6,
1649 2674 1751 2737 22.
1794 2677 2134 2739 Pontedera
2160 2682 2224 2739 in
2257 2682 2554 2756 antiquitt.

304 2788 468 2848 Latt.
515 2799 578 2848 et
613 2787 856 2849 Graecis
894 2789 1206 2864 aliquoties
1237 2784 1607 2865 probaverit,
1665 2805 1776 2863 ego
1817 2790 1880 2848 in
1921 2797 2183 2866 tempore
2224 2791 2557 2867 plenissime

308 2900 746 2959 demonstrabo.
1709 2893 1712 2896 “

392 3006 678 3066 Perbonis
727 3008 1024 3068 codicibus
1061 3027 1208 3068 usus
1262 3017 1354 3068 est
1397 3010 1574 3068 etiam
1611 3011 1812 3068 Dicuil
1858 3009 1919 3066 in
1967 3009 2121 3066 libro
2172 3012 2241 3067 de
2291 3028 2558 3067 mensura

307 3118 480 3189 orbis,
520 3119 595 3175 ab
623 3116 930 3176 Harduino
971 3118 1470 3194 negligentissime
1506 3118 1771 3190 inspecto
1808 3124 1868 3172 et
1904 3123 2040 3190 post
2081 3114 2559 3173 Walckenarium
2622 3135 2627 3140 ·

307 3244 346 3283 a
385 3224 705 3284 Letronnio
742 3224 989 3285 Parisiis
1031 3244 1088 3283 a.
1132 3220 1320 3284 1814.
1360 3242 1496 3282 cum
1537 3205 1957 3279 commentario
2012 3241 2188 3281 verae
2227 3224 2559 3283 eruditionis

307 3334 642 3407 plenissimo
669 3335 844 3392 edito.
897 3334 970 3391 In
1007 3333 1348 3391 universum
1384 3331 1489 3388 ille
1527 3330 1775 3405 scriptor
1815 3333 2114 3408 conspirat
2152 3351 2285 3390 cum
2326 3334 2560 3410 optimis

309 3458 577 3497 meorum
607 3443 890 3513 codicum,
932 3442 1014 3500 ita
1048 3450 1118 3499 ut
1144 3460 1280 3499 eum
1310 3458 1444 3499 cum
1473 3439 1668 3498 codice
1695 3438 1758 3497 A
1786 3442 2132 3499 contendere
2161 3442 2365 3513 velim3
2407 3461 2558 3501 non-

311 3565 633 3621 numquam
664 3551 824 3607 solus
865 3568 942 3607 ex
978 3549 1248 3607 omnibus
1286 3549 1450 3607 libris
1488 3548 1792 3622 hueusque
1820 3549 2050 3609 collatis
2079 3569 2282 3609 veram
2312 3552 2559 3628 scriptu-

309 3676 440 3716 ram
480 3656 739 3714 servavit
781 3652 870 3734 (5,
901 3654 1004 3715 48.
1061 3653 1119 3729 6,
1163 3652 1304 3726 180.
1353 3650 1530 3737 197.)
1570 3656 1667 3716 vel
1705 3658 2010 3732 vulgatam
2051 3654 2085 3737 β
2127 3661 2206 3716 ab
2249 3659 2559 3718 Harduino

309 3766 466 3825 male
505 3767 795 3824 desertam
839 3767 1144 3824 confirmat
1183 3760 1277 3845 (6,
1308 3759 1468 3842 37.),
1522 3765 2065 3843 interpolationibus
2108 3774 2305 3825 tamen
2355 3774 2416 3825 et
2464 3768 2560 3826 hic

308 3894 430 3935 non
466 3891 711 3952 prorsus
751 3891 976 3933 vacuus
1008 3870 1098 3950 (3,
1128 3870 1231 3934 87.
1263 3870 1322 3945 6,
1354 3867 1515 3954 37.).
1571 3876 1645 3932 In
1687 3893 1937 3949 quorum
1976 3892 2223 3933 numero
2262 3860 2405 3933 num
2448 3876 2558 3933 ad-

309 3985 692 4043 ditamentum
722 4001 854 4043 cum
888 3982 1093 4044 Solino
1123 3983 1177 4041 ei
1205 4000 1513 4041 commune
1555 3987 1616 4040 et
1649 4001 1756 4057 per
1797 4000 1860 4040 se
1896 3983 2115 4041 bonum
2159 4003 2228 4042 ac
2255 3983 2558 4059 probabile

311 4086 405 4171 (4,
437 4086 572 4173 95.)
603 4093 679 4151 sit
705 4093 1061 4169 ponendum,
1106 4091 1359 4168 ambigo,
1404 4090 1658 4166 recipere
1694 4097 1889 4150 tamen
1928 4092 1988 4149 in
2017 4093 2206 4168 ipsam
2238 4085 2554 4152 orationem

310 4217 427 4259 non
455 4218 659 4260 ausus.
