2961 4861
426 342 562 383 XLII
1355 335 1735 381 PRAEFATIO.

508 493 608 551 Ex
647 491 844 552 codice
880 490 1024 550 satis
1064 489 1429 550 memorabili
1465 494 1741 564 excerpta
1782 492 1893 551 sua
1932 484 2207 549 Pliniana
2242 487 2512 549 Isidorus
2548 489 2679 549 Ha·-

421 602 703 679 spalensis
729 601 982 677 sumpsit
1006 600 1068 658 in
1094 598 1582 676 etymologiarum
1607 596 1792 670 libris,
1833 596 1907 655 de
1935 596 2099 656 cuius
2127 597 2347 674 operis,
2385 596 2478 657 uti
2514 616 2684 659 nunc

418 709 690 782 habetur,
727 702 1071 770 auctoritate
1106 707 1169 765 in
1205 707 1403 766 Plinio
1440 705 1804 765 emendando
1841 704 2080 765 difficile
2119 714 2213 767 est
2247 705 2530 777 iudicatu.
2597 705 2683 765 Id

418 821 532 883 hoc
571 820 704 879 loco
740 818 985 878 uberius.
1025 832 1318 892 exponere
1361 815 1605 892 longum
1654 822 1744 873 est
1791 822 1852 874 et
1877 814 2086 894 ‚satius
2135 814 2367 887 videtur
2415 815 2679 897 lectores

421 944 673 1003 quorum
712 923 895 995 refert
922 924 1008 987 ad
1034 924 1194 982 Iani
1236 924 1469 982 doctam
1508 923 1866 983 novissimae
1890 923 2108 983 Isidori
2142 923 2410 983 editionis
2448 942 2679 985 censu-

416 1053 546 1095 ram
582 1033 811 1092 diurnis
850 1032 1196 1107 antiquariis
1238 1026 1423 1093 1837.
1466 1052 1561 1092 nr.
1591 1027 1710 1095 84..
1735 1025 1841 1093 85.
1881 1027 1986 1091 86.
2027 1031 2312 1092 insertam
2346 1032 2680 1093 remittere.

419 1139 596 1201 Certo
623 1140 840 1200 scimus
883 1141 1138 1201 codicem
1174 1159 1292 1216 quo
1330 1160 1477 1201 usus
1501 1147 1595 1217 est
1620 1141 1884 1211 Isidorus
1910 1140 2293 1216 integriorem
2332 1150 2395 1200 et
2433 1141 2678 1218 plenio-
2795 1196 2806 1204 .

416 1268 544 1309 rem
570 1234 755 1308 fuisse
783 1250 1077 1310 codicibus
1105 1259 1338 1328 praeter
1363 1228 1867 1325 Bambergen'sem
1894 1249 2164 1309 omnibus
2193 1243 2287 1328 (v.
2314 1250 2394 1308 ad
2420 1244 2530 1321 34,
2564 1244 2676 1333 95.

417 1354 524 1431 37,
555 1353 752 1435 154.),
793 1360 1041 1420 subinde
1077 1379 1155 1418 ex
1190 1377 1261 1417 eo
1303 1359 1431 1418 solo
1470 1375 1645 1417 veras
1682 1357 1744 1417 in
1769 1356 1949 1416 Plinii
1983 1358 2307 1419 orationem
2342 1359 2677 1434 scripturas

415 1467 776 1546 recipiendas
814 1467 996 1527 fuisse
1034 1461 1181 1546 (37,
1214 1463 1359 1527 148.
1393 1460 1571 1547 197.)
1581 1508 1602 1538 ,
1649 1483 1847 1543 neque
1895 1474 2093 1525 tamen
2131 1466 2493 1542 corruptelas
2535 1468 2677 1526 vul-

415 1594 589 1655 gares
617 1577 693 1636 ab
720 1594 790 1635 eo
816 1576 1039 1649 abesse,
1068 1576 1158 1636 uti
1183 1576 1383 1652 aliquo
1408 1576 1472 1634 in
1499 1575 1631 1636 loco
1658 1576 1887 1635 Isidoro
1915 1593 1993 1636 ex
2018 1575 2215 1635 Plinio
2241 1575 2674 1634 restituendum

415 1692 510 1746 est
533 1703 770 1748 aer-osus
796 1703 907 1763 pro
936 1704 1154 1746 erosas.

498 1794 739 1856 Primus
766 1810 899 1870 ego,
935 1800 1248 1879 postquam
1275 1810 1430 1853 unus
1456 1790 1683 1854 Ulitius
1709 1792 1789 1850 ad
1817 1789 2017 1851 Gratii
2044 1789 2267 1869 cyneg.
2298 1787 2446 1852 432.
2479 1810 2671 1859 unum

415 1904 544 1962 eius
584 1904 780 1961 locum
817 1903 895 1960 ad
921 1902 1101 1959 Plinii
1126 1892 1200 1973 ’2,
1231 1898 1377 1961 234.
1416 1901 1683 1960 adhibuit
1694 1896 1782 1981 ⁴⁸⁵),
1824 1918 1969 1960 usus
2007 1918 2139 1958 sum
2179 1901 2418 1959 Roberti
2455 1901 2673 1962 Canuti

420 2010 842 2071 Orikeladensis
881 2009 1241 2083 defloratione
1279 2010 1585 2082 Pliniana,
1640 2010 1713 2068 de
1753 2027 1873 2084 qua
1920 2027 2028 2085 per
2068 2008 2384 2067 nonnullos
2428 2009 2664 2068 codices

418 2124 654 2176 servata
694 2115 874 2192 paulo
913 2116 1155 2173 uberius
1195 2116 1612 2191 disputandum
1663 2117 1911 2177 videtur.
1982 2115 2047 2175 Is
2086 2115 2265 2175 Prior
2306 2114 2669 2177 Oxoniensis

415 2224 654 2285 saeculo
680 2221 834 2282 XII.
863 2229 1050 2280 totam
1076 2223 1256 2282 Plinii
1281 2226 1614 2284 naturalem
1650 2226 1949 2286 historiam
1976 2226 2040 2284 in
2066 2243 2282 2284 novem
2307 2225 2491 2284 libros
2519 2244 2669 2284 eon-

413 2339 678 2394 traxerat
723 2339 784 2389 et
826 2331 979 2389 hanc
1025 2331 1317 2409 epitomen
1360 2333 1625 2393 Henrico
1660 2334 1745 2393 H.
1796 2335 1925 2409 regi
1961 2333 2218 2412 Angliae
2265 2333 2666 2394 dedicaverat.

414 2443 629 2503 Plures
674 2442 835 2517 iique
882 2440 1098 2517 integri
1144 2440 1319 2501 huius
1368 2444 1502 2503 libri
1550 2445 1778 2504 codices
1819 2444 1882 2502 in
1919 2442 2266 2503 Britanniae
2300 2443 2667 2528 bibliothecis

416 2555 729 2611 servantur
791 2547 937 2627 (vid.
1001 2567 1152 2626 quae
1211 2549 1338 2610 dixi
1384 2551 1448 2609 in
1507 2552 1732 2611 diurnis
1792 2553 2122 2612 scholastic.
2178 2546 2364 2612 1833.
2411 2571 2505 2611 nr.
2558 2548 2664 2613 52.

414 2680 479 2737 p.
507 2653 689 2738 413.)
706 2676 725 2728 ;
769 2674 927 2717 unus
961 2656 1129 2732 isque
1169 2675 1386 2733 magna
1424 2660 1516 2720 sui
1541 2669 1709 2738 parte
1741 2662 2344 2730 detruncatusexstat
2367 2661 2429 2722 in
2457 2661 2667 2721 biblio-

414 2766 587 2825 theca
607 2763 1070 2842 Guelferbytana
1091 2758 1182 2843 (Y.
1205 2763 1422 2826 Ebert..
1439 2768 1612 2827 catal.
1641 2769 1818 2828 huius
1844 2770 2116 2834 biblioth.
2143 2790 2237 2829 nr.
2262 2764 2463 2849 692),
2489 2751 2666 2830 *cuius

413 2873 746 2953 praefectus
788 2871 1153 2931 doctissimus
1191 2872 1448 2948 mihique
1486 2876 1871 2936 amicissimus
1912 2877 2229 2938 Carolus
2267 2878 2663 2956 Philippus

417 2981 462 3043 S
477 2981 628 3041 choe
641 2997 792 3039 nem
803 2997 940 3040 ann
992 2979 1163 3040 illum
1210 2982 1494 3041 utendum
1531 2984 1677 3042 mihi
1726 2987 2273 3046 benevolentissime
2316 2987 2661 3046 transmisit.

411 3092 530 3151 Hie
578 3088 792 3164 codex,
844 3107 996 3151 eaeo.
1046 3088 1226 3151 x1v.
1279 3073 1669 3168 quadraginta
1716 3093 1948 3154 duobus
1997 3095 2153 3154 foliis
2203 3076 2661 3171 quadruplicatis
2735 3167 2746 3174 ,

413 3199 686 3276 scriptus,
741 3197 1133 3260 deflorationis
1171 3201 1347 3260 modo
1383 3201 1565 3262 libros
1606 3210 1728 3262 tres
1766 3204 1894 3262 sive
1932 3221 2063 3262 eam
2097 3212 2333 3280 partem
2381 3203 2657 3276 continet,

413 3327 532 3386 qua
568 3314 700 3367 octo
737 3305 959 3384 priores
996 3307 1175 3368 Plinii
1211 3309 1344 3368 libri
1381 3327 1570 3384 usque
1603 3311 1681 3368 ad
1718 3315 1748 3381 ς
1780 3306 1925 3372 145.
1971 3320 2108 3371 sunt
2144 3311 2433 3389 excerpti,
2487 3329 2658 3387 prae-

410 3417 591 3476 missa
629 3420 825 3474 vetere
861 3413 1039 3474 Plinii
1080 3415 1202 3474 vita
1244 3411 1337 3494 (in
1365 3417 1504 3476 edit.
1532 3415 1768 3494 Bipont.
1799 3419 1876 3479 T.
1906 3420 1958 3480 I.
1987 3438 2048 3496 p.
2076 3413 2251 3498 XL),
2294 3419 2658 3496 praefatione

410 3523 657 3585 Roberti
690 3523 769 3581 ad
793 3520 1118 3581 Hem-icum
1142 3520 1227 3581 11.
1266 3503 1464 3598 regem
1500 3542 1704 3598 manu,
1749 3535 1818 3587 ut
1855 3529 2109 3600 videtur,
2147 3529 2368 3588 saeculi
2403 3526 2653 3587 XVIII.

412 3638 673 3707 exarata,
716 3631 970 3706 denique
1011 3630 1310 3707 prooemio
1346 3632 1425 3691 ad
1464 3632 1763 3708 lectorem,
1806 3637 1903 3696 cui
1928 3637 2077 3700 haec
2104 3638 2286 3699 verba
2311 3636 2658 3715 gravissima

411 3744 628 3803 inserta
663 3743 974 3818 leguntur=
1026 3736 1235 3810 „Nihil
1273 3740 1509 3800 omnino
1546 3743 1619 3801 de
1655 3762 1787 3803 meo
1825 3744 2157 3823 interpono,
2213 3746 2319 3806 sed
2357 3747 2656 3822 integrum

413 3849 766 3925 quandoque
803 3846 1129 3925 capitulum
1166 3846 1532 3923 integramve
1569 3853 1913 3914 sententiam
1949 3856 2024 3914 de
2058 3856 2236 3920 rebus
2278 3871 2426 3930 quas
2451 3855 2516 3913 in
2542 3872 2657 3913 no-

482 4020 536 4084 *)
570 4023 762 4073 Postea
794 4020 1013 4084 cognovi
1060 4020 1212 4071 etiam
1246 4022 1633 4088 Dalecampium
1667 4025 1801 4076 hanc
1836 4027 2094 4091 epitomen
2127 4018 2422 4092 inspexisse,
2468 4028 2555 4091 qui
2590 4030 2655 4077 ad

416 4111 463 4168 7,
486 4106 633 4176 ²⁰25
659 4110 740 4156 85.
775 4112 1036 4167 tamquam
1070 4118 1100 4154 e
1132 4105 1192 4155 M
1226 4101 1311 4167 (r).
1334 4106 1514 4158 laudat
1545 4109 1697 4159 verba
1730 4108 1840 4159 visu
1873 4149 1938 4160 -
1977 4119 2167 4173 notare,
2203 4126 2364 4175 caque
2398 4112 2511 4162 sola
2552 4111 2655 4161 hoc

415 4188 581 4255 capite
615 4196 840 4251 exstare3
876 4187 1004 4238 haec
1037 4201 1157 4239 vero
1192 4188 1430 4252 leguntur
1461 4193 1602 4257 apud
1634 4192 1932 4244 Bobertum.
1966 4192 2119 4245 Adde
2146 4197 2191 4256 7,
2220 4201 2333 4246 140.
2359 4199 2474 4247 207.
