2961 4861
940 340 1082 387 Lm.
1117 340 1184 387 V.
1245 337 1401 386 CAP.
1431 338 1529 384 lx.
1592 333 1786 382 snc'r.
1822 336 1883 378 ιο.
2410 313 2534 379 357

282 517 410 584 per
436 502 665 583 puteos
693 512 1031 571 mensurae
1058 487 1229 552 notis
1258 481 1847 571 deprehenduntur.
1897 478 2151 545 Iustum
2177 480 2536 544 incremen-

285 609 432 663 tum
483 606 581 663 est
631 592 993 661 cubitorum
1043 611 1197 666 xv13
1253 587 1532 650 minores
1585 605 1791 668 aquae
1846 603 1977 645 non
2035 580 2250 645 omnia
2300 580 2538 667 rigant,

283 699 627 786 ampliores
682 696 976 761 detinent
1028 690 1273 757 tardius
1315 686 1694 754 recedendo.
1762 683 1910 749 Hae
1955 683 2209 748 serendi
2255 692 2541 768 tempora
2569 703 2630 747 5⁸

284 807 640 887 apsumunt
682 797 815 864 solo
857 796 1187 871 madente,
1244 792 1391 857 illae
1432 812 1565 854 non
1618 787 1773 851 dant
1824 784 2098 851 sitiente.
2172 783 2542 869 Utrumque

283 911 547 988 reputat
574 897 927 987 provincia.
971 895 1053 960 In
1093 918 1194 958 xn
1238 891 1474 958 cubitis
1506 889 1742 954 famem
1774 887 1988 965 sentit,
2032 886 2101 950 in
2142 908 2269 949 xm
2313 885 2541 951 etiam-

284 1025 447 1066 num
496 1000 720 1078 esurit,
771 1010 893 1063 ΧΠ
926 995 1143 1062 cubita
1179 992 1568 1057 hilaritatem
1608 988 1929 1065 adferunt,
1974 1009 2066 1051 xv
2107 985 2540 1063 securitatem,

285 1125 407 1167 XVI
449 1102 733 1169 delicias.
778 1098 1163 1162 Maxumum
1202 1094 1669 1159 incrementum
1711 1088 1796 1153 ad
1835 1088 1957 1152 hoc
2000 1087 2144 1151 aevi
2187 1085 2315 1150 fuit
2357 1085 2542 1152 cubi-

288 1215 509 1269 torum
548 1226 719 1267 xvm
764 1198 1040 1266 Claudio
1083 1195 1373 1283 principe
1387 1241 1405 1271 ,
1449 1192 1807 1255 minumum
1848 1211 1894 1251 v
1935 1186 2309 1253 Pharsalico
2351 1186 2541 1265 bello,

285 1304 496 1371 veluti
521 1325 749 1370 necem
773 1300 1004 1389 Magni
1031 1296 1328 1386 prodigio
1360 1292 1643 1378 quodam
1669 1289 1932 1353 flumine
1963 1297 2321 1354 aversante.
2377 1285 2547 1352 Cum

290 1416 534 1472 stetere
578 1426 782 1489 aquae
800 1452 818 1482 ,
864 1399 1106 1489 apertis
1148 1395 1425 1463 molibus
1469 1393 1918 1457 admittuntur.
1983 1388 2081 1453 Ut
2125 1410 2420 1474 quaeque
2462 1388 2543 1452 li-

249 1508 516 1582 >berata
559 1517 657 1573 est
702 1515 906 1582 terra,
967 1501 1233 1574 seritur3
1288 1496 1461 1562 idem
1517 1493 1723 1557 amnis
1776 1513 1946 1555 unus
2000 1490 2284 1554 omnium
2336 1490 2546 1556 nullas

294 1609 585 1697 exspirat
625 1628 835 1672 auras.
891 1600 1187 1671 Dicionis
1215 1594 1589 1684 Aegyptiae
1621 1615 1762 1658 esse
1792 1591 2017 1677 incipit
2046 1615 2085 1656 a
2110 1592 2239 1656 fine
2269 1591 2544 1656 Aethio·
2574 1613 2637 1658 59

297 1713 446 1800 piae
478 1709 728 1795 Syene3
774 1708 866 1771 ita
907 1713 1176 1771 vocatur
1218 1697 1561 1785 peninsula
1588 1718 1638 1758 Μ
1664 1716 1729 1779 p.
1762 1692 2028 1769 ambitu,
2059 1693 2128 1757 in
2157 1713 2286 1776 qua
2316 1690 2550 1757 Castra

298 1822 469 1890 sunt,
511 1813 713 1878 latere
741 1806 1056 1880 Arabiae3
1106 1812 1172 1868 et
1208 1822 1288 1865 ex
1318 1797 1589 1863 adverso
1616 1795 1864 1859 insulae
1894 1816 1963 1858 1v
1993 1791 2239 1871 Philae,
2286 1810 2375 1858 Dc
2404 1816 2455 1858 Μ
2481 1818 2546 1880 p.

291 1936 333 1980 a
371 1912 505 1978 Nili
545 1912 777 1976 fissura
793 1957 811 1987 ,
871 1906 1044 1970 unde
1099 1898 1411 1988 appellari
1465 1896 1749 1960 diximus
1790 1893 2008 1960 Delta.
2073 1892 2221 1958 Hoc
2266 1894 2549 1981 spatium

295 2015 499 2082 edidit
525 2009 979 2078 Artemidorus
1013 2014 1074 2071 et
1113 2004 1183 2067 in
1220 2023 1296 2067 eo
1326 2021 1439 2064 σοι
1469 1996 1711 2083 oppida
1739 1995 1963 2072 fuisse,
2008 1992 2174 2060 Iuba
2201 2016 2349 2060 ccco
2378 2018 2428 2058 Μ
2455 2018 2545 2081 Ρ.,

291 2115 710 2182 Aristocreon
766 2110 847 2176 ab
890 2103 1319 2193 Elephantide
1374 2099 1459 2164 ad
1510 2120 1686 2163 mare
1739 2118 1897 2161 1>ch
1941 2117 1993 2160 Μ
2032 2119 2100 2182 p.
2165 2095 2548 2182 Elephantis

291 2218 505 2284 insula
556 2215 727 2279 intra
776 2208 1196 2277 novissimum
1249 2209 1647 2268 catarracten
1688 2220 1760 2262 1v
1802 2220 1853 2260 u
1895 2220 1960 2283 p.
2019 2200 2083 2262 et
2137 2219 2331 2283 supra
2375 2195 2545 2282 Sye-

291 2342 422 2384 nen
463 2339 579 2382 m
620 2338 671 2378 u
711 2312 1068 2386 habitatur,
1124 2301 1551 2392 navigationis
1600 2297 1973 2386 Aegyptiae
2024 2297 2199 2375 finis,
2257 2297 2338 2362 ab
2382 2297 2545 2363 Ale-

372 2490 537 2555 icuil.)
561 2533 625 2542 -.
661 2487 750 2540 hoc
772 2503 917 2550 aevo,
937 2483 1131 2537 Dicuil.
1167 2484 1230 2533 In
1249 2482 1303 2531 D
1327 2477 1460 2529 nihil
1484 2481 1712 2538 superest
1733 2474 1831 2523 nisi
1855 2474 1885 2524 h
1909 2488 2025 2522 cum
2048 2488 2236 2523 rasura.
2275 2514 2339 2522 -
2374 2473 2472 2536 sui,
2497 2476 2546 2524 d.

295 2602 361 2612 ...
384 2558 616 2620 XVIII,
640 2575 673 2609 a
694 2553 881 2619 (Rob.)
916 2553 1043 2604 XX
1051 2549 1212 2607 VIII,
1235 2548 1299 2597 Β.
1352 2541 1613 2602 XVIIII,
1637 2544 1684 2592 d.
1738 2539 1938 2602 XVII,
1962 2541 2151 2591 Dicuil.
2204 2534 2345 2608 Xlsss,
2368 2543 2439 2592 D.
2476 2582 2540 2593 -,

293 2628 534 2679 minimum
557 2627 783 2692 quinque,
804 2623 915 2673 ΒΙ)
933 2614 1150 2670 ΘΤαᾱι·
1174 2615 1348 2680 (nob,
1371 2612 1578 2672 Dicuil.,
1603 2610 1766 2661 Solin.
1793 2616 1874 2670 32,
1897 2606 2003 2671 16.)
2037 2609 2382 2673 minimumque,
2399 2605 2458 2671 β.
2481 2651 2544 2659 .-

292 2713 418 2762 pars
450 2696 643 2759 aliquo,
685 2695 733 2743 d.
789 2689 1099 2755 prasaliquo,
1132 2687 1223 2736 Βῑ.
1262 2722 1326 2733 ....
1371 2680 1574 2745 Μαφω,
1604 2678 1799 2729 Dicuili
1834 2679 1978 2727 codd.
2014 2718 2078 2726 .-.
2120 2676 2357 2741 prodiyii,
2393 2679 2440 2727 d.
2479 2719 2545 2727 ..

298 2761 558 2829 quondam,
584 2777 632 2811 σ.
671 2801 734 2809 ..
771 2757 992 2817 moribus,
1025 2753 1219 2806 Dicuili
1244 2752 1389 2801 codd.
1423 2747 1674 2807 montibus,
1709 2747 1856 2797 codd.
1880 2745 2067 2795 Pariss.
2100 2760 2182 2809 ap.
2207 2746 2453 2796 Letronn.
2480 2748 2546 2796 ad

295 2833 348 2881 h.
372 2831 408 2880 l.
432 2846 483 2894 p.
510 2835 591 2880 85.
631 2868 694 2877 -..
732 2825 1032 2883 emittuntur,
1055 2824 1191 2873 Pint.
1224 2811 1281 2869 θ.
1320 2859 1384 2867 .-.
1420 2814 1608 2872 nullus,
1631 2815 1762 2864 Rob.

362 2896 393 2958 ἓ
420 2903 500 2947 59.
535 2891 787 2955 Dicionis,
818 2894 885 2943 D.
923 2930 983 2941 .-
1019 2887 1306 2953 Aegyptiae,
1338 2883 1629 2935 RDadN¹.
1683 2879 1911 2945 Aeyypti,
1934 2874 2037 2943 βγ.
2092 2879 2264 2944 eyiptii
2284 2879 2353 2930 al.
2381 2880 2547 2945 eqipti,

294 2966 386 3017 N2.
423 3005 488 3013 -
523 2964 644 3023 sine,
675 2962 766 3011 R1.
806 2998 867 3007 ..
899 2954 1210 3022 peninsulae‚
1242 2954 1310 3003 D.
1348 2992 1412 3000 .-.
1448 2948 1578 2999 mille
1605 2965 1857 3012 passuum,
1890 2949 2072 2997 Tadr.
2119 2947 2279 3010 pedes,
2311 2948 2378 2995 D.
2424 2964 2547 3011 pas·

297 3048 452 3093 suum,
477 3032 565 3081 R'.
590 3046 673 3094 pm
691 3041 947 3092 passuum,
971 3025 1061 3074 R‘2.
1098 3029 1287 3072 centum
1309 3017 1423 3067 mill.
1440 3032 1697 3081 passuum,
1719 3009 1778 3075 β.
1806 3055 1870 3063 .-
1907 3012 2101 3072 ambitu,
2128 3028 2228 3062 om.
2253 3015 2317 3064 Β.
2346 3054 2408 3062 -.
2452 3012 2547 3063 Ca-

296 3108 422 3160 stra,
444 3096 793 3148 RDSTadr.
844 3088 1115 3150 Catastiae,
1147 3103 1195 3138 σ.
1259 3085 1500 3144 Cerastae,
1532 3078 1591 3144 β.
1653 3079 1832 3131 Castra
1860 3080 2162 3143 Aethiopiae,
2194 3082 2332 3129 Pint.
2371 3120 2435 3128 -.
2472 3095 2548 3140 ex,

295 3167 596 3218 RDTadr.
633 3165 701 3224 in,
723 3158 781 3225 ,8.
820 3201 885 3209 -
923 3156 1125 3218 insulae,
1150 3157 1240 3205 ad.
1277 3152 1454 3211 insula,
1479 3151 1651 3213 RDr.
1688 3190 1752 3197 -
1789 3146 1894 3197 IV.
1927 3148 2142 3197 Prorsus
2176 3147 2448 3210 singularis
2473 3155 2550 3197 est.

298 3234 472 3299 opinio
496 3234 706 3283 illorum
728 3229 1014 3288 hominum,
1040 3225 1127 3288 qui
1149 3224 1254 3273 hoc
1275 3234 1489 3270 numero
1516 3216 1837 3281 quaternario
1863 3215 2132 3278 significari
2156 3216 2331 3265 dicunt
2355 3216 2547 3265 insula-

298 3317 412 3352 rum
438 3309 682 3364 quattuor
703 3298 924 3347 millium
956 3308 1198 3357 passuum
1221 3288 1485 3339 ambitum.
1537 3286 1689 3335 Hanc
1710 3284 1874 3347 ipsam
1897 3284 2198 3333 sententiam
2221 3284 2357 3333 Pint.
2383 3285 2549 3334 verbis

300 3368 619 3436 transpositis
654 3374 705 3415 et
735 3364 927 3414 luxatis
961 3362 1015 3409 in
1047 3360 1332 3409 orationem
1364 3353 1547 3403 inferre
1582 3359 1659 3402 est
1689 3359 1916 3400 conatus.
1970 3350 2071 3401 Sed
2093 3353 2156 3400 de
2189 3352 2410 3402 numeris
2443 3353 2549 3401 hoc

297 3438 419 3486 loeo
452 3450 657 3499 prorsus
688 3447 796 3482 non
828 3429 1157 3493 cogitandum
1190 3440 1299 3474 esse
1332 3423 1598 3482 existim03
1643 3421 1801 3469 immo
1833 3419 1989 3481 longe
2022 3419 2162 3468 aliud
2195 3421 2316 3482 quid
2350 3419 2549 3470 Plinius

301 3504 559 3567 scripsisse
589 3502 802 3560 videtur,
837 3499 977 3561 quod
1007 3497 1062 3544 in
1085 3497 1195 3558 ipsa
1217 3492 1369 3542 huius
1392 3490 1497 3539 loci
1521 3489 1767 3551 scriptura
1799 3487 1942 3537 inest.
1987 3487 2121 3537 Nam
2153 3488 2195 3536 si
2226 3488 2549 3537 meminimus

302 3585 479 3620 omnes
502 3576 706 3619 nostros
730 3568 876 3615 codd.
903 3580 969 3613 ex
992 3563 1166 3613 codice
1187 3560 1366 3610 litteris
1383 3556 1692 3616 maiusculis,
1717 3557 1805 3604 sed
1826 3556 1887 3604 iis
1910 3555 2045 3603 male
2068 3556 2335 3603 intellectis
2359 3555 2546 3617 scripto

301 3652 556 3697 manasse,
597 3650 704 3684 non
747 3632 1081 3696 improbabile
1113 3638 1190 3679 est
1221 3629 1276 3676 in
1307 3627 1399 3677 illo
1431 3626 1505 3674 ita
1536 3631 1800 3674 exaratum
1837 3621 2016 3672 fuisse:
2068 3620 2219 3671 EST
2242 3636 2304 3669 ea·
2337 3619 2550 3671 adverso

301 3701 591 3758 INSVLA
611 3699 796 3754 EIVS
812 3699 1004 3755 Philae.
1050 3699 1218 3759 Quam
1241 3709 1440 3759 parvae,
1465 3708 1621 3756 quam
1641 3691 1746 3741 fere
1770 3691 1939 3739 nullae
1963 3691 2065 3739 sint
2086 3689 2393 3738 mutationes
2425 3689 2496 3736 ita
2519 3703 2551 3736 a

302 3773 451 3823 nobis
474 3772 656 3832 factae,
678 3784 786 3820 non
809 3776 885 3817 est
908 3768 1045 3830 quod
1070 3768 1496 3824 demonstremus3
1532 3775 1705 3819 unum,
1732 3759 1871 3820 quod
1894 3759 1957 3806 de
1979 3756 2264 3820 hyperbato
2288 3756 2551 3820 pronomi-
2630 3814 2636 3819 .

303 3841 382 3891 nis
406 3841 510 3889 eius
541 3841 607 3888 ad
640 3837 937 3901 opinionem
965 3841 1193 3882 nostram
1225 3830 1544 3880 refutandam
1567 3826 1779 3890 proferri
1803 3832 1989 3888 potest,
2021 3823 2287 3887 expeditur
2308 3824 2384 3881 iis,
2420 3837 2551 3884 quae

305 3911 366 3959 de
401 3908 649 3958 similibus
684 3902 978 3968 hyperbatis
1010 3902 1147 3963 apud
1177 3899 1403 3948 Plinium
1436 3895 1596 3945 obviis
1622 3894 1729 3943 dixi
1752 3895 1816 3941 ad
1842 3898 1889 3952 2,
1918 3897 2031 3940 110.
2070 3932 2133 3939 -.
2178 3888 2373 3950 Philae,
2397 3890 2549 3939 Dad.

305 3973 469 4036 Pilae,
491 3977 588 4026 ΒΥ.
624 3972 753 4032 Pila,
777 3985 824 4019 σ.
859 3967 1019 4029 Phile,
1040 3968 1249 4016 Bai-bar.
1275 3965 1546 4028 ...fixura,
1570 3975 1617 4009 σ.
1645 4001 1710 4009 -
1735 3957 2094 4020 Artemidorus,
2118 3959 2166 4009 Β
2189 3954 2281 4019 (ex
2304 3955 2459 4019 corr.)
2485 3997 2549 4005 .-

309 4041 384 4092 M.
405 4059 660 4109 passuum,
682 4037 752 4089 D.
783 4056 854 4103 p.,
878 4040 926 4087 d.
957 4035 1069 4101 ped,
1092 4036 1157 4083 Β.
1190 4033 1353 4097 pedes,
1381 4048 1426 4080 a.
1454 4070 1519 4078 .-.
1554 4025 1909 4092 Elephantine,
1939 4027 2076 4077 Pint.
2110 4026 2174 4074 ad
2195 4025 2318 4075 Mel.
2342 4024 2386 4073 I.
2412 4030 2459 4085 9,
2486 4030 2553 4085 2.,

310 4114 447 4173 quod
503 4112 683 4160 robare
706 4108 772 4157 ad
796 4107 848 4154 h.
872 4107 909 4154 1.
932 4105 1131 4153 videtur
1153 4099 1442 4151 Tzschuck.
1475 4098 1529 4145 in
1550 4103 1660 4145 not.
1687 4096 1794 4144 crit.
1834 4135 1895 4143 .-
1932 4095 2081 4154 intra,
2105 4087 2425 4143 RODTad.
2474 4090 2551 4139 in-

299 4179 411 4243 fra,
481 4215 492 4227 .
516 4179 637 4228 Vid.
661 4175 830 4227 Hand.
850 4171 1068 4222 Tursell.
1097 4177 1144 4219 3.
1168 4184 1219 4232 p.
1245 4173 1359 4217 430.
1381 4206 1445 4214 .-.
1470 4163 1577 4223 IV,
1601 4163 1706 4213 RD
1719 4163 1807 4213 Ta
1820 4164 1867 4213 d.
1894 4160 2008 4223 III,
2035 4162 2180 4212 codd.
2207 4160 2385 4212 Gelen.
2408 4154 2464 4220 β.
2488 4201 2550 4209 .-

311 4244 452 4308 XII,
484 4246 619 4297 Pint.
665 4284 728 4294 ...
772 4239 1029 4306 Aeyyptie,
1065 4239 1146 4287 a².
1206 4232 1448 4300 Aeyyptt’i,
1480 4232 1717 4283 RDa¹d.
