2961 4861
462 377 678 418 XXXIV
1387 374 1766 417 PRAEFATIO.

459 547 573 586 nus
604 527 699 587 vel
726 527 791 585 in
817 544 938 585 uno
968 528 1065 585 vel
1091 527 1153 585 in
1182 527 1452 602 pluribus
1480 545 1724 586 suorum
1751 525 2040 584 librorum
2066 524 2314 582 eandem
2353 526 2714 602 scrIpturam

456 644 688 695 exstare
715 637 873 708 dicit,
903 655 1081 711 quam
1110 636 1208 693 vel
1236 634 1464 694 Ianus
1493 635 1590 693 vel
1616 634 2025 692 Diibnerus
2051 633 2150 692 vel
2176 650 2290 708 ego
2313 632 2381 691 in
2404 652 2526 692 uno
2552 634 2714 694 alte-

454 765 604 805 rove
631 747 953 804 eorundem
981 745 1247 802 codicum
1272 742 1700 802 Parisiensium
1727 743 2089 812 invenimus,
2116 741 2411 801 Harduini
2437 743 2711 801 testimo-

453 856 552 914 nia
579 855 813 913 silentio
838 853 1161 923 transmisi,
1192 853 1352 929 quod
1376 852 1535 910 idem
1561 851 1696 923 ieci,
1720 851 2133 909 siHarduinus
2153 851 2339 909 e‘suis
2364 851 2533 909 libris
2561 852 2714 911 talia

452 963 628 1021 modo
658 961 938 1032 enotavit,
970 979 1122 1036 quae
1161 981 1239 1019 ex
1275 961 1410 1019 aliis
1444 978 1678 1036 quoque
1714 958 1879 1018 libris
1917 960 1997 1018 ab
2021 959 2155 1018 aliis
2181 966 2321 1018 sunt
2345 966 2615 1032 enotata,
2644 970 2712 1020 et

453 1080 582 1130 tum
609 1072 845 1129 demum
873 1079 978 1128 aut
1003 1089 1079 1128 ex
1102 1070 1258 1129 notis
1284 1079 1390 1128 aut
1415 1089 1494 1129 ex
1520 1070 2026 1128 emendationibus
2052 1076 2161 1127 aut
2185 1087 2263 1127 ex
2287 1069 2479 1127 indice
2505 1087 2708 1128 emen-

452 1180 754 1238 dationum
792 1187 1069 1256 excerpta
1102 1180 1266 1237 illius
1301 1180 1564 1238 codicum
1601 1176 1866 1249 laudavi,
1896 1178 1948 1236 si
1973 1183 2080 1235 aut
2103 1194 2348 1253 prorsus
2374 1195 2567 1235 novas
2594 1196 2706 1237 ne-

451 1307 568 1364 que
608 1288 749 1347 ah’bi
790 1295 1090 1346 exstantes
1126 1288 1407 1346 lectiones
1446 1287 1648 1344 attulit
1681 1293 1785 1344 aut
1823 1305 1902 1344 ex
1937 1287 2009 1344 iis
2048 1286 2401 1361 scripturam
2440 1287 2706 1362 aliquam

448 1398 513 1455 in
552 1398 875 1454 orationem
913 1395 1099 1453 Plinii
1123 1396 1363 1472 recepit,
1394 1414 1574 1470 quam
1614 1413 1728 1471 ego
1766 1396 1959 1453 denuo
1999 1395 2342 1463 eiiciendam
2370 1412 2502 1453 esse
2526 1404 2706 1471 puta-

450 1508 607 1564 bam.
649 1504 867 1564 Paucis
892 1512 1088 1562 tamen
1114 1503 1213 1561 his·
1233 1504 1295 1561 in
1322 1504 1469 1562 locis
1497 1504 1732 1562 nomina
1756 1505 2022 1563 codicum
2039 1503 2357 1574 Harduini,
2385 1512 2457 1561 ut
2482 1505 2702 1580 quibus

449 1613 592 1672 nihil
640 1612 764 1671 fere
811 1631 947 1672 esse
994 1613 1277 1671 momenti
1322 1614 1500 1671 modo
1548 1613 1877 1685 docuerim,
1918 1631 2036 1671 non
2076 1613 2252 1670 attuli
2289 1613 2436 1671 satis
2475 1615 2702 1671 habens

448 1725 711 1783 codicem·
731 1724 829 1782 vel
877 1725 1097 1782 codices
1144 1721 1442 1798 Harduini
1487 1722 1753 1780 laudare.
1822 1720 1900 1779 In
1952 1710 2302 1779 universum
2350 1740 2459 1796 per
2512 1728 2701 1807 totam

448 1851 642 1890 meam
669 1832 984 1888 editionem
1023 1830 1322 1889 Harduini
1356 1849 1573 1889 nomen
1613 1829 1802 1888 multo
1839 1830 2033 1887 rarius
2060 1839 2578 1889 commemoratum
2605 1831 2696 1889 le-

451 1947 642 1997 ctores
667 1938 987 2009 invenient,
1016 1955 1197 2012 quam
1223 1939 1329 2012 qui
1353 1956 1636 2015 magnum
1661 1939 1819 1998 docti
1842 1937 2105 1996 Iesuitae
2132 1957 2284 2014 opus
2310 1939 2389 1996 ad
2412 1939 2696 1999 lucubra-

450 2047 640 2104 tiones
667 2063 807 2104 suas
833 2046 1229 2104 adhibuerunt
1253 2048 1756 2123 exspectaverint3
1784 2054 1876 2106 tot
1901 2048 2027 2106 eius
2054 2047 2275 2107 scilicet
2299 2049 2694 2122 coniecturae,

450 2163 541 2214 tot
560 2156 708 2213 adeo
727 2154 1162 2213 emendationes
1181 2155 1259 2213 ab
1277 2155 1383 2214 illo
1400 2155 1668 2232 'prolatae
1686 2157 1751 2214 in
1769 2156 1883 2216 hac
1901 2158 2156 2216 editione
2176 2157 2692 2216 desiderabantur!

450 2263 543 2322 At
588 2282 710 2321 non
757 2263 1163 2322 desiderantur
1177 2305 1196 2336 ,
1248 2282 1461 2322 verum
1510 2265 1670 2324 veris
1720 2266 1843 2325 suis
1892 2267 2231 2325 auctoribus
2277 2266 2694 2325 restituuntur.

452 2371 630 2447 Quod
657 2373 811 2432 enim
840 2372 1065 2432 dudum
1077 2371 1331 2433 Iacobus
1346 2371 1688 2435 Gronovius
1708 2375 1773 2434 in
1786 2374 2142 2452 praefatione
2167 2376 2304 2435 libri
2331 2373 2698 2436 Gronov-iani

449 2483 523 2540 de
572 2484 874 2556 sestertiis,
906 2482 1221 2542 ,Graevius
1268 2484 1331 2542 in
1379 2484 1613 2560 epistol.
1661 2486 1740 2543 ad
1787 2484 2084 2562 Clericum
2121 2486 2261 2544 data
2299 2486 2358 2542 d.
2403 2481 2505 2544 13.
2545 2485 2699 2544 Maii

451 2587 639 2651 1687.
686 2586 780 2671 (v.
818 2592 997 2651 Plinii
1033 2600 1228 2652 natur.
1262 2592 1413 2651 bist.
1445 2593 1539 2651 ed.
1567 2593 1800 2670 Bipont.
1830 2594 1907 2653 T.
1935 2594 1988 2653 I.
2018 2615 2081 2671 p.
2108 2592 2361 2674 XLVQ,
2394 2592 2691 2670 Cuperus,

445 2701 654 2758 lettres
667 2701 741 2759 de
756 2701 1017 2773 critique,
1039 2720 1101 2777 p.
1133 2696 1301 2773 120.,
1332 2699 1646 2760 Creverius
1672 2703 1736 2760 in
1756 2704 1944 2760 tribus
1964 2704 2225 2779 epistolis
2248 2699 2327 2762 17
2329 2698 2583 2762 25.-17
2586 2700 2693 2763 27.

447 2809 621 2868 editis
637 2852 654 2882 ,
701 2807 1154 2885 Oudendorpius
1201 2811 1280 2867 ad
1309 2808 1654 2869 Suetonium
1691 2832 1753 2888 p.
1784 2809 1867 2884 2.,
1896 2813 1969 2871 Β.
2000 2810 2079 2872 G.
2110 2810 2388 2872 Struvius
2415 2812 2476 2870 in
2501 2812 2692 2871 intro·

444 2919 719 2978 ductione
743 2919 805 2977 in
832 2918 1099 2977 notitiam
1126 2919 1214 2977 rei
1239 2919 1558 2977 litterariae
1585 2939 1646 2996 p.
1679 2916 1823 2980 109.
1851 2923 1926 2980 de
1951 2923 2244 2980 Harduini
2270 2922 2692 2980 consuetudine

444 3029 697 3088 aliorum
736 3028 954 3087 scrinia
990 3028 1345 3105 compilandi
1385 3046 1705 3103 eorumque
1749 3030 1982 3090 labores
2020 3032 2082 3089 in
2123 3049 2297 3089 suum
2335 3050 2511 3090 usum
2549 3049 2690 3089 eon-

442 3139 709 3197 vertendi
734 3145 1074 3211 narrarunt,
1102 3138 1163 3196 id
1191 3139 1288 3197 vel
1315 3138 1498 3197 latius
1523 3145 1748 3215 patere,
1771 3157 1948 3213 quam
1971 3141 2129 3199 docti
2146 3140 2238 3198 illi
2256 3141 2369 3199 viri
2390 3137 2687 3212 dixerunt,

441 3247 748 3322 multiplici
775 3266 891 3304 usu
922 3249 1164 3305 edoctus
1191 3267 1486 3307 assevem.
1531 3249 1620 3308 Ut
1645 3255 1871 3307 taceam
1898 3250 1973 3307 de
1998 3251 2322 3308 innumeris
2349 3248 2686 3308 adnotatio-

440 3355 639 3424 nibus,
670 3355 883 3428 quibus
909 3354 1093 3413 Plinii
1118 3355 1281 3414 locos
1317 3356 1672 3429 illustravit,
1712 3358 1811 3416 vel
1850 3357 2231 3435 Dalecampio
2268 3359 2368 3417 vel
2396 3357 2687 3418 Salmasio

440 3462 540 3520 vel
566 3458 917 3519 Casaubono
943 3462 1040 3520 vel
1063 3460 1311 3521 Valesio
1346 3466 1656 3540 surreptis,
1686 3466 2021 3526 innumeras
2042 3469 2413 3527 coniecturas
2431 3467 2685 3526 aliorum

439 3570 705 3630 virorum
731 3569 1037 3628 doctorum
1064 3571 1237 3628 tacite
1264 3571 1377 3630 sibi
1403 3574 1727 3633 vindicavit
1752 3594 1937 3650 eaque
1964 3577 2026 3634 in
2052 3596 2118 3635 re
2144 3577 2223 3634 ad
2248 3576 2477 3635 furtum
2506 3594 2682 3635 suum

439 3680 748 3739 celandum
775 3697 896 3737 non
923 3698 1043 3737 uno
1069 3679 1130 3737 in
1157 3678 1287 3736 loco
1313 3680 1450 3737 illos
1477 3681 1638 3758 ipsos
1665 3683 1822 3742 viros
1851 3686 2054 3744 doctos
2082 3686 2396 3762 vituperat,
2424 3704 2679 3761 quorum

436 3791 687 3865 repertis
716 3790 920 3848 utitur.
963 3789 1052 3848 Ut
1078 3787 1152 3846 de
1178 3789 1380 3849 mullis
1406 3808 1597 3866 pauca
1633 3793 1809 3851 modo
1838 3794 2208 3870 depromam,
2244 3795 2502 3854 Pintiani
2538 3814 2679 3854 con·

434 3897 688 3956 iecturas
715 3906 1017 3971 tamquam
1049 3913 1190 3956 suas
1218 3898 1479 3958 venditat
1509 3895 1569 3971 6,
1599 3896 1662 3960 4.
1693 3899 1752 3960 7.
1786 3898 1886 3961 12.
1916 3912 1976 3962 et
2003 3922 2180 3980 saepe
2205 3904 2353 3963 alias
2379 3919 2498 3980 per
2516 3902 2677 3962 hunc

434 4007 687 4080 librum,
727 4002 790 4078 8,
832 3999 975 4065 139.
1020 4001 1164 4065 172.
1208 4002 1270 4081 9,
1313 4003 1415 4068 56.
1461 4005 1607 4069 177.
1650 4006 1752 4083 10,
1794 4006 1897 4071 52.
1939 4008 2040 4072 90.
2082 4008 2227 4072 206.
2260 4009 2362 4085 11,
2393 4009 2498 4072 22.
2530 4007 2676 4072 181.

439 4109 584 4174 191.
614 4110 760 4175 257.
793 4110 894 4189 15,
924 4110 1027 4174 49.
1061 4109 1162 4188 16,
1197 4111 1339 4176 115.
1374 4113 1518 4178 166.
1566 4116 1669 4193 17,
1714 4115 1856 4179 147.
1892 4117 2035 4180 192.
2065 4116 2211 4182 256.
2245 4118 2347 4193 18,
2391 4117 2535 4180 147.
2564 4116 2672 4193 20,

438 4218 540 4284 25.
574 4219 718 4285 163.
750 4220 894 4285 187.
924 4221 1095 4297 227.,
1125 4221 1403 4287 Sabellici
1445 4222 1506 4302 6,
1541 4225 1708 4301 159„
1735 4227 1962 4290 Budaei
1991 4226 2055 4303 8,
2086 4226 2187 4292 62.
2221 4226 2389 4302 154.,
2420 4227 2672 4307 Caguati
