2961 4861
405 356 525 416 194
1101 368 1507 413 NATURALIS
1555 367 1942 412 HISTORIAE

401 522 685 596 Ticinus,
733 521 796 583 in
840 519 1100 582 Benaco
1146 516 1449 595 Mincius,
1498 517 1565 580 in
1609 515 1893 582 Sebinno
1932 514 2163 593 Ollius,
2208 517 2276 580 in
2302 517 2641 583 Lemanno

396 622 778 697 Rhodanus,
836 620 941 683 hic
998 630 1170 682 trans
1215 617 1439 702 Alpis,
1503 619 1861 702 superiores
1904 618 1971 680 in
2011 616 2235 694 Italia,
2294 619 2640 683 multorum

395 724 639 787 milium
693 722 964 786 transitu
1016 720 1347 804 hospitalis
1407 742 1557 783 suas
1612 728 1858 783 tantum
1911 740 2033 784 nec
2087 718 2387 806 largioris
2445 741 2639 803 quam

394 825 666 888 intulere
711 844 910 905 aquas
955 821 1316 885 evehentes,
1385 819 1724 884 Proditum
1763 820 1885 885 hoc
1930 830 1994 883 et
2050 820 2118 883 in
2162 818 2409 885 Oronte
2453 842 2636 885 amne

398 923 630 1007 Syriae
660 923 1005 1005 multisque
1036 921 1197 985 aliis.
1253 920 1535 1001 Quidam
1564 944 1715 985 vero
1744 921 1890 985 odio
1921 921 2111 984 maris
2142 921 2422 986 subeunt
2449 921 2632 998 vada,
2663 942 2758 984 225

395 1026 562 1090 sicut
604 1024 933 1088 Arethusa
976 1023 1118 1087 fons
1166 1020 1632 1105 Syracusanus,
1678 1022 1744 1085 in
1789 1042 1914 1104 quo
1959 1020 2317 1085 redduntur
2357 1021 2525 1085 iacta
2566 1020 2632 1083 in

392 1125 756 1210 Alpheum,
828 1123 939 1206 qui
998 1145 1115 1208 per
1172 1118 1546 1207 Olympiam
1601 1121 1804 1186 fluens
1862 1120 2410 1206 Peloponnesiaco
2463 1120 2636 1184 litori

390 1226 768 1290 infunditur.
847 1220 1141 1288 Subeunt
1204 1234 1404 1286 terras
1469 1243 1820 1304 rursusque
1882 1222 2239 1286 redduntur
2289 1220 2512 1305 Lycus
2565 1221 2632 1283 in

390 1326 571 1403 Asia,
617 1326 930 1389 Erasinus
972 1326 1039 1388 in
1081 1323 1413 1409 Argolica,
1460 1322 1679 1409 Tigris
1720 1323 1788 1387 in
1817 1320 2313 1408 Mesopotamia,
2363 1332 2427 1386 et
2471 1344 2635 1406 quae

389 1428 457 1490 in
512 1426 866 1511 Aesculapi
920 1425 1096 1490 fonte
1151 1424 1427 1488 Athenis
1478 1447 1688 1489 mersa
1752 1434 1901 1490 sunt
1963 1425 2032 1489 in
2082 1423 2419 1489 Phalerico
2483 1425 2632 1489 red-

391 1528 648 1591 duntur.
730 1526 821 1588 Et
876 1526 944 1589 in
1007 1525 1272 1590 Atinate
1339 1547 1565 1611 campo
1633 1525 1866 1590 fluvius
1925 1547 2171 1590 mersus
2224 1537 2372 1611 post
2423 1544 2528 1588 xx
2578 1542 2636 1587 Μ

389 1651 559 1714 pass.
622 1628 784 1704 exit,
846 1638 909 1691 et
963 1627 1032 1690 in
1084 1609 1487 1709 Aquileiensi
1543 1624 1866 1690 Timavos.
1939 1626 2116 1692 Nihil
2158 1628 2225 1694 in
2267 1626 2634 1711 Asphaltite
2663 1646 2761 1690 226

388 1729 667 1794 Iudaeae
710 1729 889 1804 law,
940 1727 1047 1810 qui
1092 1727 1379 1791 bitumen
1424 1726 1654 1814 gignit,
1700 1728 1906 1812 mergi
1950 1736 2183 1811 potest,
2230 1750 2351 1792 nec
2391 1727 2461 1790 in
2500 1727 2633 1790 Ar-

390 1831 638 1894 meniae
695 1829 952 1893 maioris
1008 1828 1276 1903 Areisa3
1328 1829 1399 1891 is
1460 1827 1716 1912 quidem
1771 1828 2050 1892 nitrosus
2104 1829 2301 1912 piscis
2358 1828 2488 1892 alit.
2555 1827 2635 1890 In

393 1928 725 1994 Salentino
768 1931 949 1992 iuxta
992 1929 1298 2014 oppidum
1327 1927 1738 1992 Manduriam
1780 1928 1956 1993 lacus
2000 1928 2083 1991 ad
2126 1930 2450 2014 margines
2491 1928 2629 2013 ple-

389 2054 510 2094 nus
566 2052 776 2112 neque
833 2029 1161 2094 exhaustis
1216 2030 1400 2112 aquis
1451 2030 1761 2093 minuitur
1811 2049 2020 2111 neque
2064 2028 2294 2093 infusis
2338 2039 2631 2114 augetur.

390 2132 469 2195 In
515 2129 829 2194 Ciconum
885 2129 1143 2192 flumine
1190 2131 1374 2212 etin
1417 2129 1660 2195 Piceno
1703 2130 1847 2193 lacu
1888 2129 2122 2193 Velino
2164 2131 2413 2217 lignum
2456 2128 2631 2194 deie-

390 2242 563 2297 ctum
604 2229 859 2314 lapideo
906 2230 1142 2293 cortice
1188 2228 1548 2306 obducitur,
1597 2241 1662 2293 et
1700 2231 1766 2293 in
1799 2226 1990 2293 Surio
2022 2227 2347 2295 Colchidis
2374 2229 2633 2294 flumine

389 2334 552 2398 adeo
616 2341 690 2395 ut
752 2331 1034 2415 lapidem
1087 2331 1463 2415 plerumque
1525 2330 1762 2394 durans
1816 2330 2026 2395 adhuc
2081 2330 2332 2417 integat
2392 2341 2633 2396 cortex.

388 2492 591 2541 RAa2.
630 2492 834 2540 ver-bant
860 2489 1059 2551 noticus,
1085 2491 1147 2538 a¹
1168 2491 1200 2537 d
1242 2485 1405 2550 (prius
1449 2495 1466 2534 t
1508 2489 1562 2536 in
1603 2484 1818 2550 rasura.)
1864 2529 1927 2536 ..-
1965 2488 2177 2548 Benaco,
2202 2488 2345 2537 Aa2.
2383 2487 2626 2546 Boenaco,

387 2560 485 2608 R2.
522 2554 744 2617 Bonaco,
769 2558 849 2606 R¹
870 2573 901 2605 a
919 2559 931 2587 ¹
947 2559 994 2605 d.
1031 2597 1092 2604 -
1120 2553 1338 2616 Sebinno,
1363 2557 1435 2604 ita
1458 2570 1552 2604 nos
1577 2556 1866 2618 scripsimus
1891 2555 2006 2603 coll.
2033 2561 2079 2616 3,
2110 2562 2220 2605 131.
2270 2555 2461 2618 Sevino,
2487 2552 2627 2619 ᾱβγ.

388 2621 629 2683 Sevirino,
654 2627 717 2673 R.
756 2622 985 2683 Sevimzo,
1009 2624 1077 2672 A.
1103 2664 1164 2670 -
1192 2621 1459 2682 Lemanno,
1486 2623 1696 2673 R2A0r.
1731 2622 1959 2681 Lemano,
1983 2623 2032 2671 R
2049 2623 2064 2654 ¹
2074 2618 2131 2683 β
2156 2620 2427 2685 Lemnano‚
2450 2627 2538 2673 ad.
2563 2664 2624 2673 .-

390 2707 479 2764 hic,
522 2706 756 2754 Sabellio.
799 2706 945 2754 Rad.
991 2708 1055 2767 Izi,
1079 2708 1146 2756 A.
1191 2704 1256 2765 Izi,
1298 2720 1345 2753 σ.
1399 2747 1460 2754 .-
1517 2703 1680 2769 Alpis,
1718 2706 1846 2755 BA.
1884 2746 1948 2754 —
1985 2705 2160 2767 Italia,
2204 2708 2389 2757 Sabell.
2423 2708 2626 2757 RAad.

390 2769 619 2834 Italiam,
644 2786 690 2820 σ.
728 2813 790 2820 -
828 2773 1097 2833 multorum,
1122 2776 1204 2823 R²
1221 2774 1327 2822 TA
1342 2776 1388 2821 d.
1426 2771 1700 2832 mutiorum,
1723 2773 1772 2821 R
1789 2774 1806 2813 ¹
1824 2789 1855 2821 a
1879 2770 2138 2834 (Robert.)
2164 2815 2226 2823 -
2264 2775 2457 2835 milium,
2481 2776 2626 2823 Rad.

389 2839 608 2898 militum,
633 2841 741 2889 AT
767 2836 950 2901 (Rob.)
986 2882 1048 2888 -
1088 2839 1361 2903 hospitaliS,
1386 2842 1435 2890 R
1459 2837 1643 2901 (Rob.)
1679 2836 1821 2903 hospi
1871 2838 1920 2900 li,
1944 2841 2011 2889 A.
2050 2838 2331 2904 hospitales,
2356 2838 2533 2904 adssr.
2561 2883 2624 2889 -

393 2916 562 2967 tamen,
585 2909 714 2957 Rob.
753 2949 814 2956 -
853 2905 1080 2968 intulere,
1105 2908 1285 2958 RAa²
1312 2905 1498 2969 (Rob.)
1536 2907 1730 2964 intuere,
1756 2910 1819 2955 a¹
1925 2905 2094 2964 tulere,
2118 2924 2156 2956 r.
2183 2950 2245 2956 -
2285 2909 2474 2967 oriente,
2494 2925 2524 2957 a
2542 2910 2556 2943 ¹
2576 2911 2626 2956 d.

460 2974 489 3035 ξ
517 2981 631 3024 225.
669 2976 822 3025 maris
849 2974 979 3039 ipsa,
1004 2977 1056 3025 A
1082 2972 1262 3036 (Rob.)
1300 3016 1362 3022 -
1403 2975 1554 3035 vada,
1578 2975 1807 3023 R²Aa2
1833 2970 2012 3037 (Rob.)
2049 2976 2161 3038 ipsa
2186 2977 2338 3037 vada,
2374 2979 2420 3024 d.
2449 2975 2625 3025 Omitt.

389 3044 569 3094 R¹a¹.
608 3085 669 3091 -.
720 3042 885 3103 sicuti,
919 3044 968 3092 R
1001 3040 1184 3104 (Rob.)
1232 3084 1293 3090 -.
1339 3039 1614 3101 Arethusa,
1649 3042 1854 3091 R¹Aa.
1898 3038 2148 3090 Arethusa
2172 3058 2212 3103 e,
2238 3046 2336 3093 R2.
2373 3040 2629 3091 Arethusa

392 3120 478 3172 est,
503 3112 607 3160 Td.
646 3153 707 3160 -.
747 3108 793 3158 S
817 3120 1093 3171 ratusanos,
1117 3112 1215 3160 R1.
1253 3152 1316 3158 -
1355 3119 1530 3169 terras,
1555 3109 1764 3159 R²Ad.
1803 3118 1978 3170 terrae,
2003 3111 2085 3159 1³¹
2110 3102 2205 3158 Ga.
2254 3152 2317 3159 -
2362 3108 2544 3173 Lycus,
2579 3126 2627 3158 a.

390 3176 602 3241 LychuS,
626 3181 721 3227 R2.
803 3172 902 3245 yssl,
925 3179 1022 3228 R1.
1059 3178 1258 3242 Lycius,
1283 3178 1387 3227 Td.
1423 3219 1488 3226 -
1526 3175 1779 3235 Erasmus,
1805 3190 1851 3224 σ.
1878 3218 1940 3224 -.
1978 3175 2224 3239 Aryolica,
2248 3179 2456 3227 Barbar.
2481 3180 2625 3228 Rati.

389 3240 644 3306 Ayrolica,
687 3244 752 3291 A.
808 3285 869 3291 ..
924 3244 1212 3310 Aesculapi,
1247 3246 1370 3295 RA.
1411 3285 1471 3293 -
1510 3260 1684 3304 mersa,
1709 3244 1930 3294 RATd.
1969 3245 2209 3306 immersa,
2238 3241 2378 3307 assr.
2429 3262 2626 3303 emersa,

399 3302 486 3357 Or.
542 3348 604 3357 ...
658 3307 871 3370 Atinate,
913 3311 979 3359 A.
1033 3310 1295 3373 Athinate,
1336 3314 1399 3362 R.
1451 3310 1688 3371 Attinate,
1715 3313 1762 3359 d.
1815 3309 2000 3371 Attino,
2027 3327 2071 3359 a.
2110 3352 2171 3358 -.
2211 3312 2409 3374 fluvius
2449 3311 2486 3360 Ι
2496 3309 2635 3360 VM

385 3391 527 3437 pass.
552 3389 763 3425 mersus.-
801 3385 916 3437 post
954 3378 1081 3427 XX
1098 3377 1172 3425 M
1178 3396 1230 3441 p.
1258 3381 1359 3429 exit
1383 3388 1427 3428 et
1451 3377 1519 3438 in,
1542 3380 1736 3427 Broter.
1776 3418 1839 3426 .-.
1874 3376 2164 3441 Aquiliensi,
2189 3380 2238 3428 R
2263 3376 2491 3439 (tertium
2525 3380 2546 3428 i
2574 3379 2628 3426 in

392 3440 543 3503 corr.)
569 3444 615 3490 d.
652 3483 714 3490 .-
761 3440 1007 3504 Timavus,
1032 3445 1239 3495 R²Ad.
1280 3453 1480 3505 temnus,
1506 3462 1551 3494 a.
1588 3445 1764 3496 Simile
1788 3446 1978 3508 aliquid
2002 3446 2157 3495 habet
2178 3447 2274 3495 R1.

460 3507 628 3569 §226.
673 3507 961 3571 Asphaltite,
991 3513 1135 3561 R2a.
1179 3511 1480 3575 Asphaltita,
1516 3513 1720 3562 R¹Ad.
1772 3553 1833 3560 -
1878 3510 2081 3569 Amisa,
2116 3514 2189 3562 ita
2221 3528 2314 3562 nos
2337 3513 2627 3576 scripsimus

391 3593 458 3626 ex
502 3577 786 3626 Ptolemaei
833 3591 1003 3639 geogr.
1050 3578 1115 3626 V.
1169 3584 1257 3635 13,
1290 3584 1336 3627 8.
1395 3572 1517 3626 Εἰσὶ
1566 3576 1631 3627 δὲ
1678 3575 1768 3628 καὶ
1807 3575 1990 3643 ἕτεραι
2032 3576 2210 3639 λίμναι
2254 3578 2338 3639 (ἐν
2377 3571 2623 3645 Ἀρμενίᾳ

392 3638 641 3710 Μεγάλῃ)
678 3684 740 3692 -
777 3685 839 3692 .-
873 3639 962 3692 καὶ
997 3644 1030 3710 ἡ
1062 3635 1310 3710 Ἀρέησα.
1347 3644 1541 3706 Artisa,
1566 3650 1625 3696 αἱ
1663 3644 1923 3707 (meliores
1948 3650 2089 3697 codd.
2115 3662 2195 3710 ap.
2221 3648 2435 3697 Salmas.
2461 3662 2625 3697 exerc.

392 3726 441 3774 p.
477 3717 590 3761 489.
625 3713 672 3760 b.
708 3709 795 3773 F.)
842 3709 1065 3774 Aretisa,
1101 3714 1165 3762 R.
1209 3712 1405 3773 Artesa,
1431 3716 1479 3762 d.
1517 3712 1756 3774 Aritissa,
1781 3715 1921 3763 Aat.
1956 3713 2192 3776 Aritisso,
2217 3716 2350 3764 Rob.
2385 3714 2626 3773 Arithiso,

391 3791 439 3826 σ.
492 3779 781 3828 Videndum
805 3787 991 3841 tamen,
1034 3795 1207 3829 annon
1247 3795 1313 3829 ex
1352 3782 1455 3828 hoc
1494 3782 1611 3830 loco
1654 3784 1789 3844 apud
1810 3782 2163 3831 Ptolemaeum
2203 3784 2521 3832 scribendum
2562 3783 2628 3831 sit

384 3834 617 3910 ’Ἀρτησα
641 3848 723 3896 vel
744 3836 1027 3912 Ἀρέτησα,
1054 3849 1126 3898 ita
1147 3855 1204 3897 ut
1227 3849 1279 3896 h.
1303 3848 1337 3896 l.
1361 3848 1513 3897 lectio
1537 3850 1586 3897 R
1609 3849 1673 3896 sit
1695 3847 2035 3911 praeferenda.
2073 3891 2136 3899 .-
2174 3850 2432 3910 nitrorsus,
2457 3851 2522 3899 R.
2560 3889 2624 3898 .-

384 3911 537 3976 pice3‚
561 3915 659 3963 3¹.
699 3953 761 3962 -.
800 3912 1138 3976 Manduriam,
1161 3915 1269 3964 Ad.
1308 3913 1651 3976 Manduriam,
1676 3916 1771 3965 1³2.
1808 3915 2102 3978 Anduriam,
2127 3918 2210 3966 R¹
2235 3909 2317 3967 Oa
2341 3913 2525 3978 (Rob.)
2559 3957 2622 3965 .-

392 3994 468 4039 ac,
492 3981 555 4029 R.
594 4020 658 4029 -.
695 3982 890 4042 exusta,
915 3984 1011 4032 13¹.
1050 4024 1112 4032 .-
1159 3981 1432 4043 Cocconum,
1456 4000 1503 4032 a.
1536 3981 1819 4043 Quoconum,
1845 3985 1941 4033 R1.
1968 4025 2029 4032 -
2069 3994 2124 4044 et,
2151 3999 2252 4033 om.
2277 3985 2356 4033 a¹.
2383 4025 2446 4033 -
2483 3984 2625 4048 liquo,

389 4045 454 4093 R.
492 4085 556 4093 ..-
590 4042 752 4107 Sarac,
776 4048 883 4097 Aa.
920 4045 1079 4113 Syrio,
1105 4051 1210 4100 Td.
1247 4048 1393 4111 Sirio,
1418 4054 1480 4102 R.
1518 4091 1580 4099 -
1620 4051 1827 4112 durans,
1850 4051 2165 4100 RSTAad.
2203 4049 2374 4112 durus,
2397 4052 2533 4101 Pint.
2559 4091 2622 4100 .-

374 4109 602 4186 fltfmine,
636 4114 748 4163 ΒΑ
761 4116 836 4163 ad
870 4113 1052 4179 (Rob.)
1087 4117 1264 4168 Omitt.
1300 4120 1392 4169 ST
1402 4133 1451 4182 r.
1501 4159 1562 4167 -.
1613 4116 1800 4178 Silaro,
1832 4118 1988 4167 Hard.
2036 4114 2212 4180 Silero,
2237 4114 2623 4179 Rad6(Rob.)

393 4174 581 4237 Sileno,
621 4179 690 4228 A.
743 4177 921 4242 Silari,
962 4185 1168 4233 Barbar.
1222 4181 1420 4248 Sylaro,
1460 4181 1520 4247 β.
1575 4224 1638 4234 ....
1692 4182 1983 4245 Sorrentum,
2007 4186 2102 4235 R1.
2140 4227 2203 4235 -
2257 4195 2397 4247 motu,
2420 4187 2517 4235 12¹.
2556 4226 2619 4235 -

375 4242 534 4307 solia,
559 4245 707 4294 th.
733 4245 881 4308 velia,
905 4248 972 4298 A.
1000 4249 1243 4312 volatilia,
1269 4253 1417 4302 a²hl
1442 4249 1626 4313 (Rob.)
1658 4293 1718 4301 ...
1757 4252 1823 4313 in,
1846 4253 1942 4302 13¹.
1971 4251 2086 4303 Om.
2112 4256 2190 4303 α’.
2226 4295 2288 4303 ....
2327 4251 2449 4314 alia,
2471 4254 2534 4304 R.
2558 4293 2621 4301 .-
