2961 4861
648 1191 974 1281 INDEX
1035 1193 1516 1281 CRITICUS
1577 1191 1865 1321 LIBRI
1927 1193 2245 1280 1-v1,

1298 1410 1592 1420 ———-—-—--—-

268 1563 279 1566 j
314 1569 482 1622 Praei.
504 1571 548 1623 1.
573 1566 823 1631 Fabullis,
845 1568 1082 1621 Rhenan.
1129 1570 1179 1617 8.
1203 1564 1517 1629 reipublicae,
1543 1575 1587 1617 et
1607 1571 1632 1617 5
1676 1573 1722 1618 5.
1747 1565 2015 1633 Fialyurat‚
2038 1562 2097 1629 β.
2149 1574 2196 1620 6.
2224 1565 2358 1631 Cum,
2381 1564 2442 1632 β.
2478 1585 2567 1620 non

383 1654 513 1701 eras,
545 1632 606 1699 β.
671 1643 720 1687 9.
761 1636 940 1701 ineptis
959 1639 985 1685 9
1050 1640 1128 1685 10.
1172 1633 1304 1684 unde
1327 1634 1620 1698 provocatio
1654 1651 1722 1698 ap
1786 1633 1941 1687 llatur
1959 1641 1984 1687 5
2048 1641 2127 1687 11.
2171 1636 2471 1702 supplicant,
2504 1633 2565 1698 β.

387 1711 466 1757 13.
491 1706 592 1756 iter
614 1713 705 1767 est,
728 1699 788 1766 ,8.
835 1720 950 1768 qua,
972 1698 1030 1764 β.
1078 1707 1295 1763 expetat,
1314 1696 1374 1764 β.
1435 1707 1517 1751 14.
1541 1700 1671 1763 Iam,
1741 1740 1755 1753 .
1816 1709 1895 1754 15.
1920 1700 2114 1766 omnia3
2142 1703 2293 1764 nobis,
2327 1704 2561 1755 Rhenan.

377 1779 465 1823 22.
504 1769 850 1830 Ciceroniana,
882 1765 940 1834 β.
994 1765 1282 1829 ediscenda,
1314 1768 1550 1820 Rhenan.
1635 1775 1718 1821 28.
1754 1764 1943 1831 tama,
1976 1785 2088 1822 nos.
2149 1767 2415 1836 σχεδίων,
2449 1787 2563 1822 nos.

383 1844 466 1891 24.
490 1840 774 1898 crassiores,
806 1833 865 1899 β.
919 1833 1236 1897 Sesculixem,
1265 1836 1474 1886 Barbar.
1532 1842 1613 1887 25.
1640 1836 1897 1902 propriae,
1922 1838 2156 1889 Durand.
2215 1844 2296 1889 26.
2322 1837 2568 1904 pingendi

365 1905 711 1974 finyendique,
731 1906 909 1957 Gelen.
943 1910 1025 1955 30.
1051 1902 1105 1966 ii,
1122 1896 1181 1964 ,8.
1232 1909 1276 1953 1.
1301 1905 1466 1954 Index
1480 1904 1597 1954 libri
1622 1911 1669 1955 2.
1687 1914 1735 1955 et
1752 1922 1906 1970 quare
1925 1901 2176 1970 lapidibus
2186 1903 2348 1970 pluat,
2365 1908 2561 1957 Broter.

389 1971 928 2039 Catholicafulyurum,
958 1972 1208 2023 Hardnin.
1253 1969 1482 2033 Platone,
1504 1966 1562 2033 β.
1609 1969 1886 2037 Nechepso,
1918 1987 2030 2023 nos.
2074 1970 2473 2034 Anaximandro,
2498 1969 2559 2035 β.

379 2044 547 2095 Index
566 2043 684 2093 libri
707 2048 754 2092 3.
772 2033 974 2100 Romae,
991 2054 1102 2090 nos.
1138 2056 1187 2100 a,
1205 2037 1453 2089 Harduin.
1500 2038 1768 2101 Turannio,
1784 2034 1845 2101 β.
1878 2041 2043 2091 Index
2059 2040 2175 2091 libri
2199 2046 2246 2090 4.
2271 2038 2558 2107 Cycladum,

381 2109 677 2176 Sporadum,
700 2109 947 2160 Hardnin.
993 2108 1159 2158 Index
1179 2107 1295 2156 libri
1320 2112 1366 2157 6.
1391 2105 1694 2173 Hyrcanium
1715 2121 1866 2169 mare,
1898 2108 2145 2158 Harduin.
2180 2109 2348 2159 Index
2369 2109 2486 2160 libri
2512 2113 2557 2160 7.

380 2176 752 2229 similitudinum
776 2217 840 2225 ...
862 2174 1136 2239 yeneratio‚
1158 2174 1406 2225 Harduin.
1454 2172 1590 2237 elati,
1624 2170 1683 2235 β.
1725 2172 1996 2240 Νεσῇερεο,
2021 2190 2132 2225 nos.
2178 2177 2345 2227 Index
2366 2177 2484 2227 libri
2510 2183 2556 2227 8.

383 2247 583 2306 bonaso,
604 2244 854 2295 Harduin.
898 2240 1281 2308 Olympionicas,
1302 2236 1361 2303 β.
1394 2240 1572 2292 Attalo
1593 2239 1932 2304 Philometore,
1953 2243 2201 2294 Harduin.
2256 2244 2426 2294 Index
2446 2245 2561 2293 libri

386 2319 434 2363 9.
458 2310 615 2374 statis,
637 2311 887 2362 Harduin.
924 2308 1156 2370 coracini,
1174 2324 1284 2359 nos.
1320 2306 1551 2371 echeneis,
1568 2304 1629 2370 β.
1672 2307 1970 2372 etvenefi'cia
1986 2310 2109 2372 eius,
2127 2311 2375 2362 Hardnin.
2418 2308 2561 2365 Quae

383 2379 611 2432 nationes
626 2394 896 2446 purpurae,
919 2377 1166 2428 ΗΒΑ-(111111.
1211 2376 1425 2444 hysyino,
1447 2372 1507 2438 β.
1560 2379 1725 2429 Index
1754 2377 1872 2428 libri
1906 2383 1987 2428 10.
2012 2376 2289 2443 sanqualis,
2311 2379 2558 2429 Harduin.

382 2446 645 2508 erithacis,
677 2447 926 2497 Harduin.
987 2442 1313 2508 acanthyllis,
1347 2445 1596 2496 Harduin.
1667 2444 1815 2506 Quis,
1846 2445 2096 2495 Harduin.
2146 2446 2413 2507 vetuerint,
2445 2461 2559 2496 nos.

381 2524 573 2577 tactum,
593 2515 794 2566 Broter.
829 2513 985 2575 Boeo,
1002 2513 1222 2563 Pintian.
1263 2511 1428 2561 Index
1444 2513 1562 2563 libri
1583 2520 1605 2563 1
1617 2519 1661 2563 1.
1680 2512 1994 2562 minimum..
2007 2511 2265 2574 animalia,
2281 2513 2556 2564 Har-duim?

374 2593 652 2649 pyraustes‚
675 2578 734 2643 β.
780 2598 857 2643 ea,
881 2596 993 2631 nos.
1038 2589 1268 2639 centenos,
1290 2580 1540 2630 Harduin.
1586 2579 1815 2638 Manilio,
1839 2595 1952 2630 nos.
1993 2575 2398 2645 μελιτουργικά,
2423 2582 2555 2632 Har-

381 2652 520 2701 duin.
553 2649 822 2701 Prienensi
845 2657 894 2698 et
913 2648 1224 2708 Heracleote,
1245 2643 1303 2709 β.
1350 2649 1516 2699 Index
1532 2648 1648 2699 libri
1674 2654 1751 2698 12.
1779 2645 2125 2714 G'ossypinum,
2148 2649 2395 2698 Harduin.
2429 2647 2556 2699 Pro-

382 2717 510 2780 cilio,
527 2718 776 2770 Harduin.
799 2716 1040 2775 Democle,
1057 2712 1115 2778 β.
1139 2715 1306 2779 La9u‚
1323 2731 1434 2766 nos.
1468 2717 1812 2776 Eratosthene,
1827 2711 1887 2776 β.
1934 2712 2100 2766 Index
2116 2716 2231 2765 libri
2258 2722 2337 2766 13.
2360 2715 2557 2779 cedrus,

376 2785 624 2836 Harduin.
659 2785 826 2852 Lagyra,
850 2800 964 2834 nos.
1018 2784 1183 2834 Index
1214 2785 1330 2834 libri
1358 2789 1435 2834 14.
1459 2782 1651 2846 Attalo,
1674 2784 1921 2836 Harduin.
1976 2782 2142 2833 Index
2163 2784 2279 2834 libri
2305 2790 2384 2834 15.
2407 2793 2555 2846 croto,

330 2906 337 2911 ,
379 2853 595 2904 Salmas·
621 2861 672 2902 et
693 2853 890 2902 Broter.
927 2850 1091 2910 seseli,
1114 2867 1224 2900 nos.
1270 2849 1603 2902 Struthiorum
1622 2867 1804 2916 yenera
1824 2849 1931 2912 IV,
1954 2852 2202 2901 Harduin.
2245 2849 2413 2901 Attalo
2435 2852 2554 2903 Phi-

380 2920 599 2970 lometore
619 2933 745 2984 reqe,
767 2919 1016 2968 narduin.
1073 2917 1240 2967 Index
1268 2919 1385 2968 libri
1417 2923 1498 2967 16.
1523 2927 1805 2978 nascantur,
1828 2932 1941 2966 noe.
1998 2916 2166 2967 Index
2186 2918 2303 2967 libri
2329 2922 2409 2969 17.
2437 2935 2554 2983 qua,

378 3002 486 3037 noe.
530 2985 774 3046 Dosseno,
805 2984 1055 3034 Harduin.
1096 2981 1269 3034 Attalo
1298 2981 1623 3034 Philometore
1656 3000 1793 3048 reye,
1823 2984 2071 3034 Harduin.
2126 2985 2293 3034 Index
2321 2986 2438 3035 libri
2474 2992 2554 3037 18.

375 3051 542 3114 Attio,
565 3067 677 3103 nos.
720 3048 889 3102 Attalo
912 3049 1236 3101 Philometore
1258 3065 1394 3116 φερε,
1417 3051 1665 3101 Harduin.
1710 3050 1928 3112 Metone,
1951 3051 2198 3101 Harduin.
2253 3051 2419 3102 Index
2439 3053 2556 3103 libri

382 3127 462 3172 19.
490 3118 649 3201 Misy,
672 3120 792 3181 iton,
817 3119 1031 3170 Salmas.
1075 3117 1326 3185 cannabis,
1349 3119 1599 3168 Harduin.
1642 3117 1855 3180 Maecio,
1878 3131 1992 3168 nos.
2036 3116 2283 3179 Petricho,
2305 3120 2552 3170 Harduin.

379 3188 544 3240 Index
565 3188 683 3238 hbri
706 3194 787 3239 20.
811 3203 973 3236 cucurr
986 3201 1058 3232 ’πε
1079 3185 1309 3246 silvestre,
1333 3186 1579 3237 Harduin.
1615 3202 1859 3237 cucumere
1880 3184 2050 3247 sative,
2074 3186 2321 3236 Harduin.
2367 3188 2554 3251 rapha-

375 3256 455 3307 nis
475 3253 702 3318 XLIII,
725 3270 835 3305 nos.
869 3253 1107 3319 ytny'idio,
1130 3253 1377 3303 Harduin.
1443 3254 1657 3314 ambula,
1681 3268 1793 3304 nos.
1842 3253 2076 3316 olusatro,
2099 3254 2352 3304 Harduin.
2393 3256 2553 3306 ortho-

378 3325 546 3385 selino,
569 3339 678 3374 nos.
715 3321 875 3383 ammi,
898 3322 1144 3371 Harduin.
1178 3316 1456 3383 πεπτικὰς,
1480 3322 1730 3372 Harduin.
1769 3335 2026 3385 papavere
2049 3322 2199 3372 rhoea
2219 3362 2283 3371 ....
2298 3321 2551 3388 paralium

376 3390 503 3452 III,
534 3391 782 3442 Harduin.
849 3404 978 3453 quae
1010 3398 1056 3438 et
1081 3389 1260 3454 peplis,
1288 3390 1535 3439 Harduin.
1596 3404 1712 3451 meo,
1746 3387 2085 3439 Athamantico
2134 3388 2269 3451 VII,
2303 3391 2551 3441 Harduin.

377 3460 626 3524 myrsineo,
649 3458 898 3509 Harduin.
940 3456 1210 3522 ophelione,
1241 3456 1514 3508 Harduin.'
1539 3455 1759 3507 Mictone
1772 3493 1786 3519 ,
1819 3457 2068 3507 Harduin.
2126 3457 2292 3507 Index
2321 3458 2438 3509 libri
2470 3464 2551 3508 21.

378 3526 667 3595 oriyanum,
686 3527 934 3576 Harduin.
972 3521 1097 3589 phre
1134 3524 1230 3585 ion,
1263 3525 1512 3579 Harduin.
1557 3525 1778 3591 tiphyon,
1810 3525 2058 3575 Harduin.
2103 3514 2397 3587 arachidna,
2420 3526 2552 3575 Har-

377 3595 515 3643 duin.
552 3592 876 3658 hypochoeris,
898 3592 1047 3665 Rev-³,
1105 3591 1336 3653 caucalis,
1362 3590 1681 3653 anthriscum,
1704 3592 1952 3643 Harduin.
1997 3606 2278 3654 amaracus,
2302 3594 2550 3643 Hardnin.

368 3658 662 3725 perdicium,
686 3675 799 3711 noe.
837 3657 1177 3710 halic....abum
1203 3667 1254 3710 et
1279 3658 1520 3722 calliada,
1538 3662 1697 3711 Hard.
1726 3661 1954 3724 peritton,
1980 3661 2228 3710 Harduin.
2265 3661 2403 3725 moly,
2419 3661 2551 3711 Har-

376 3729 513 3778 dm'n.
557 3727 794 3790 carduus,
816 3726 1066 3778 Harduin.
1109 3725 1350 3790 chalceos‚
1375 3738 1557 3788 cnecos,
1580 3729 1827 3780 Harduin.
1876 3743 2141 3792 onopyxos,
2172 3727 2422 3777 Hardnin.
2468 3744 2550 3777 ca-

377 3804 496 3857 ctus,
513 3796 748 3861 pternica,
766 3812 879 3846 nos.
916 3793 1233 3861 stelephuros,
1251 3796 1500 3847 Harduin.
1539 3794 1783 3862 thryallis,
1803 3795 2052 3845 ΗΒΑ-(111111.
2088 3793 2355 3861 condrylla,
2376 3794 2546 3858 picris,

373 3862 624 3913 Harduin.
668 3861 1019 3925 holoschoenos,
1041 3862 1288 3913 Harduin.
1336 3861 1562 3926 teuchite,
1593 3863 1841 3914 Harduin.
1882 3859 2004 3927 phu,
2034 3863 2281 3913 Harduin.
2339 3862 2551 3924 Vestino,

373 3931 673 3995 Dalecamp.
717 3929 872 3995 Rufo,
894 3931 1062 3994 Heyn.
1116 3930 1165 3981 C.
1203 3930 1391 3998 Valyio‚
1425 3932 1676 3982 Harduin.
1718 3924 2046 3996 βιόχρηστα,
2078 3930 2327 3980 Harduin.
2380 3930 2552 3981 Tima-

374 3997 518 4061 risto,
539 3999 748 4053 Barbar.
784 3996 1060 4063 'Ophelione,
1082 3998 1329 4051 Hardnin.
1378 3996 1615 4062 wdone,
1637 3997 1886 4049 Harduin.
1940 3994 2108 4050 Index
2127 3994 2245 4048 libri
2268 4004 2349 4048 22.
2371 3997 2551 4062 saymi-
2599 4052 2603 4059 ‚

373 4065 532 4128 nibus,
550 4067 797 4117 Harduin.
835 4063 1059 4131 adipsos‚
1076 4081 1187 4117 nos.
1224 4067 1325 4116 sive
1347 4066 1572 4127 sideritis,
1595 4080 1709 4117 nos.
1743 4065 2015 4130 cynozolon,
2038 4066 2285 4116 Harduin.
2320 4065 2416 4127 De,
2433 4080 2547 4115 nos.

375 4131 641 4195 anthrisco,
664 4135 912 4185 Harduin.
957 4131 1159 4195 iasione‚
1182 4134 1430 4185 Harduin.
1476 4131 1725 4195 condrillo,
1747 4133 1994 4196 Barduin.
2034 4132 2267 4197 ptisana,
2298 4134 2546 4184 Harduin.

367 4202 530 4266 phaco
564 4197 654 4250 ἐπὶ
689 4197 993 4262 τελμάτων,
1040 4200 1257 4252 Salmas.
1320 4200 1447 4263 III,
1490 4217 1603 4252 nos.
1665 4199 1962 4266 elelisphaco
1983 4241 2048 4251 ....
2074 4198 2260 4260 XIII,
2299 4200 2546 4252 Harduin.

375 4268 658 4333 orobanche,
681 4270 928 4323 Harduin.
975 4267 1138 4320 Index
1154 4264 1275 4320 libri
1300 4275 1380 4320 23.
1406 4266 1682 4337 astaphide,
1704 4284 1817 4319 nos.
1863 4269 2063 4335 ampelo,
2083 4283 2196 4319 nos.
2231 4267 2393 4331 lirino,
2413 4269 2547 4319 Har-

308 4336 534 4454 Prdffini.
556 4337 781 4403 Iyuvino,
803 4339 963 4390 Hard.
1005 4335 1318 4403 panchresto,
1341 4353 1451 4390 nos.
1497 4354 1656 4398 corno,
1686 4337 1934 4388 Harduin.
1985 4334 2267 4464 Opgellione,
2299 4337 2546 4387 Harduin.

385 4416 458 4453 m.
