2961 4861
1015 308 1154 353 Lm.
1187 308 1282 353 ιν.
1340 307 1496 352 cAP.
1530 308 1653 353 ΧΠ.
1714 306 1907 353 sncr.
1942 309 2005 351 24.
2035 310 2098 352 25.
2558 291 2681 356 309

431 458 622 523 datur
662 457 728 521 in
772 478 855 518 x1.
911 455 1085 521 milia
1127 478 1192 541 p.
1237 455 1655 541 longitudinis
1708 455 1878 520 vinci
1933 478 2106 519 mare
2161 454 2537 542 dulcemque
2581 459 2681 522 in-

432 557 647 642 tellegi
687 556 1009 621 haustum.

514 657 616 721 25.
660 654 772 720 Ab
817 678 893 722 eo
936 656 1004 719 in
1045 656 1308 741 plenum
1351 655 1614 741 quidem
1650 677 1871 721 omnes
1904 653 2295 741 Scytharum
2341 666 2490 721 sunt
2516 681 2678 745 gen·
2709 682 2774 725 so

433 767 550 834 tes,
597 756 814 822 variae
861 766 1074 822 tamen
1116 756 1302 821 litora
1344 755 1640 842 adposita
1684 766 1969 835 tenuere,
2029 757 2187 822 alias
2233 754 2464 836 Getae,
2514 758 2683 825 Daci

427 853 736 922 Romanis
780 856 955 935 dicti,
1015 856 1172 922 alias
1218 854 1575 934 Sarmatae,
1634 853 1902 922 Graecis
1950 854 2367 923 Sauromatae
2426 879 2681 924 eorum-

426 978 554 1041 que
614 955 1008 1023 Hamaxobii
1058 967 1172 1022 aut
1226 957 1452 1035 Aorsi,
1524 957 1682 1021 alias
1740 954 2023 1040 Scythae
2089 957 2446 1045 degeneres
2515 970 2581 1025 et
2645 984 2685 1024 a

429 1059 632 1123 servis
676 1058 800 1123 orti
842 1067 958 1122 aut
998 1056 1433 1145 Trogodytae,
1490 1079 1639 1120 mox
1681 1056 1875 1121 Alani
1921 1068 1988 1123 et
2029 1058 2424 1138 Rhoxalani3
2483 1082 2679 1145 supe-

426 1157 593 1223 riora
637 1168 853 1223 autem
894 1158 1061 1222 inter
1101 1156 1477 1223 Danuvium
1522 1166 1587 1223 et
1623 1154 2031 1240 Hercynium
2075 1159 2309 1224 saltum
2348 1182 2554 1244 usque
2598 1163 2682 1226 ad

425 1255 799 1324 Pannonica
852 1256 1123 1323 hiberna
1169 1254 1486 1321 Carnunti
1533 1252 2132 1340 Germanorumque
2189 1258 2280 1324 ibi
2337 1260 2680 1325 confinium

428 1380 692 1443 campos
749 1367 813 1423 et
862 1359 1053 1442 plana
1108 1356 1387 1444 Iazyges
1434 1354 1800 1434 Sarmatae,
1858 1357 2091 1421 montis
2147 1380 2297 1424 vero
2356 1370 2420 1423 et
2480 1360 2681 1426 saltus

424 1460 602 1544 pulsi
659 1458 740 1524 ab
793 1458 894 1523 his
944 1457 1111 1524 Daci
1167 1458 1250 1522 ad
1292 1457 1665 1522 Pathissum
1724 1481 1998 1524 amnem.
2072 1459 2141 1523 A
2194 1458 2384 1527 Maro
2439 1462 2573 1528 'sive
2623 1464 2679 1528 is
2705 1486 2765 1531 si

424 1557 636 1624 Duria
679 1568 797 1637 est,
844 1582 882 1623 a
913 1555 1147 1624 Suevis
1190 1578 1522 1645 regnoque
1550 1556 1889 1623 Vanniano
1920 1558 2226 1626 dirimens
2270 1583 2402 1640 eos,
2449 1585 2675 1629 aversa

423 1659 777 1725 Basternae
822 1669 1042 1725 tenent
1084 1658 1318 1743 aliique
1360 1657 1513 1722 inde
1554 1655 1883 1723 Germani.
1937 1659 2238 1746 Agrippa
2280 1671 2486 1727 totum
2530 1686 2678 1729 eum

424 1770 699 1824 tractum
751 1759 834 1825 ab
884 1757 1109 1825 Histro
1174 1758 1256 1823 ad
1321 1779 1633 1824 oceanum
1698 1757 1799 1823 bis
1866 1759 2124 1825 deciens
2198 1782 2235 1824 c
2296 1762 2539 1827 milium
2607 1787 2670 1850 p.

422 1860 492 1924 in
531 1858 1016 1948 longitudinem,
1063 1881 1131 1922 Π
1159 1878 1309 1924 cccc
1343 1858 1592 1922 milium
1632 1859 1699 1923 in
1742 1858 2146 1928 latitudinem
2177 1861 2261 1925 ad
2288 1860 2525 1928 flumen
2555 1864 2675 1930 Vi-

424 1960 614 2025 stlam
657 1981 696 2022 a
739 1957 1012 2023 desertis
1057 1955 1414 2023 Sarmatiae
1471 1956 1771 2042 prodidit.
1849 1955 2239 2043 Scytharum
2291 1983 2523 2028 nomen
2566 1985 2676 2029 us-

425 2081 806 2145 quequaque
865 2055 1091 2123 transit
1139 2058 1207 2122 in
1264 2054 1593 2121 Sarmatas
1651 2068 1844 2143 atque
1901 2056 2260 2127 Germanos
2278 2110 2295 2140 ,
2362 2086 2484 2130 nec
2536 2065 2676 2130 aliis

422 2161 635 2246 prisca
684 2160 795 2225 illa
846 2159 1101 2225 duravit
1152 2158 1496 2244 appellatio
1538 2179 1733 2242 quam
1776 2160 1889 2242 qui
1927 2164 2196 2228 extremi
2223 2165 2516 2252 gentium
2555 2166 2671 2231 ha·-

421 2283 566 2326 rum
607 2260 812 2348 ignoti
855 2280 1056 2345 prope
1100 2258 1328 2326 ceteris
1370 2256 1742 2324 mortalibus
1786 2258 2051 2348 degunt.

423 2436 581 2500 Sindi,
604 2438 670 2488 K.
719 2478 781 2486 ..-
836 2434 1128 2496 Troxalani,
1154 2438 1299 2485 codd.
1324 2435 1551 2485 Barbari.
1607 2432 1933 2497 Throxalani,
1969 2438 2031 2487 R.
2086 2437 2350 2502 Toxalani,
2383 2455 2430 2491 σ.
2485 2441 2669 2506 Tropo-

422 2505 542 2566 lani,
576 2507 625 2565 d,
663 2519 793 2568 quae
826 2504 1073 2567 scriptura
1114 2502 1331 2552 fortasse
1364 2504 1545 2551 doceat
1587 2502 1740 2550 etiam
1774 2504 1910 2564 apud
1942 2503 2168 2554 Plinium
2208 2507 2527 2558 scribendum
2561 2524 2671 2561 esse

420 2569 690 2633 Roxolani,
715 2572 831 2620 coll.
855 2571 1017 2634 intpp.
1043 2572 1106 2619 ad
1141 2571 1263 2619 Tac.
1296 2570 1416 2618 hist.
1454 2574 1500 2630 1,
1529 2571 1607 2618 79.
1662 2608 1725 2617 ..-
1778 2568 2077 2633 Danuvium,
2102 2573 2165 2622 R.
2220 2613 2283 2623 -
2336 2572 2597 2639 Hycinum,
2622 2591 2670 2628 σ.

419 2637 753 2698 Hirehinium,
777 2639 838 2688 R.
887 2678 951 2687 .-
995 2636 1340 2698 Pannonicum,
1364 2637 1472 2686 Rd.
1521 2675 1585 2685 -.
1629 2636 1898 2698 hibernam,
1924 2639 1970 2687 d.
2019 2679 2081 2689 ..
2129 2636 2387 2703 Carnunti,
2412 2646 2520 2694 Rd.
2570 2641 2667 2697 Ca-

421 2705 592 2768 runtii,
616 2719 663 2755 σ.
704 2702 978 2764 Carnuntii,
1000 2705 1209 2756 Barbar.
1247 2743 1311 2753 -..
1347 2701 1575 2767 Iazyyes,
1598 2704 1805 2753 Barbar.
1831 2705 1878 2753 d.
1913 2702 2141 2771 Ιαρῃρεε,
2166 2720 2213 2756 σ.
2257 2705 2487 2774 Gaziyes,
2512 2712 2577 2763 R.
2604 2752 2668 2762 .-

420 2771 501 2835 iis,
525 2775 587 2824 R.
627 2813 689 2822 -.
725 2772 1030 2832 Pathissum,
1055 2773 1119 2822 R.
1154 2770 1446 2833 Pathissim,
1470 2773 1519 2820 d.
1554 2768 1873 2834 Pathyssum,
1896 2767 1998 2836 βγ.

488 2839 519 2900 ξ
546 2847 627 2890 81.
672 2840 722 2890 Α
754 2838 925 2899 Maro,
956 2841 1098 2902 Lips.
1133 2841 1197 2887 ad
1230 2839 1353 2888 Tac.
1378 2854 1496 2889 ann.
1526 2843 1605 2898 12,
1630 2843 1711 2888 29.
1759 2838 2076 2892 Confirmant
2098 2842 2263 2893 RTd.
2306 2842 2535 2907 Amoros,
2559 2847 2669 2896 Κσ.

419 2905 469 2955 A
493 2904 657 2966 Moro,
680 2902 738 2965 β.
778 2947 840 2955 -.
876 2905 935 2967 is,
961 2907 1125 2955 omitt.
1150 2908 1352 2969 RTdr.
1391 2945 1454 2954 ...
1488 2901 1677 2966 Duria,
1701 2906 1764 2955 T.
1810 2906 1965 2968 Duri,
1989 2910 2036 2956 d.
2079 2906 2276 2970 Davia,
2300 2911 2365 2960 R.
2413 2952 2477 2961 ...
2524 2923 2598 2962 est
2620 2931 2668 2974 a,

421 2975 524 3024 Td.
574 2980 703 3033 erm,
725 2974 790 3021 R.
837 3012 899 3021 -.
947 2969 1206 3021 dir-imenso
1232 2987 1301 3032 eS,
1325 2974 1388 3022 R..
1436 3012 1500 3020 -.
1545 2987 1744 3031 aversa,
1779 2974 1852 3023 ita
1883 2989 1978 3023 nos
2009 2975 2299 3037 scripsimus
2324 2987 2673 3041 cum-propter

420 3042 657 3089 codicum
680 3040 979 3102 scripturam
1004 3047 1112 3088 tum
1134 3047 1343 3101 propter
1364 3053 1471 3087 rem
1495 3040 1674 3101 ipsam.
1710 3039 1844 3090 Nam
1869 3056 1903 3088 a
1926 3037 2080 3090 Maro
2104 3038 2319 3092 adversa
2354 3040 2448 3105 (sc.
2473 3047 2667 3095 Roma-

419 3105 525 3169 nis)
549 3114 817 3156 tenuerunt
840 3106 992 3157 Suevi
1031 3121 1346 3169 regnumque
1367 3106 1722 3167 Vannianum3
1761 3106 2039 3156 Basternae
2061 3108 2271 3170 proinde
2294 3109 2348 3158 in
2379 3111 2539 3159 altera
2562 3112 2672 3174 ripa

419 3175 567 3236 Mari,
591 3189 726 3238 pone
748 3176 968 3235 Marum,
993 3174 1363 3234 habitaverunt,
1389 3180 1658 3222 tenuerunt
1681 3173 1835 3235 igitur
1859 3190 1892 3221 a
1914 3171 2072 3223 Maro
2105 3190 2304 3235 aversa,
2342 3180 2481 3239 quod
2515 3178 2669 3227 etiam

420 3245 604 3293 docent
625 3244 778 3292 verba
802 3240 995 3304 aliique
1019 3241 1131 3290 inde
1162 3237 1417 3301 Germani,
1452 3254 1583 3301 quos
1617 3240 1672 3288 in
1695 3254 1870 3289 aversa
1890 3241 2023 3290 Mari
2058 3249 2199 3304 parte
2222 3243 2479 3295 habitasse
2503 3260 2594 3309 per
2616 3262 2670 3296 ss

418 3316 575 3373 patet.
612 3310 814 3371 averba,
838 3310 945 3359 Rd.
983 3308 1212 3368 adversa,
1236 3302 1337 3370 βγ.
1386 3346 1449 3355 -.
1485 3302 1792 3368 Basternae,
1833 3307 2039 3358 Barbar.
2103 3306 2416 3373 Basternaei,
2449 3314 2513 3363 R.
2558 3311 2669 3364 Ba-

421 3376 621 3438 sternei,
646 3378 752 3426 Td.
792 3416 854 3425 -.
890 3373 1024 3438 Ayri
1086 3393 1120 3425 a
1143 3383 1297 3435 totum,
1322 3389 1425 3423 om.
1449 3372 1541 3423 R'.
1589 3413 1654 3423 ...
1698 3373 1793 3436 bia,
1817 3374 1974 3425 Basil.
1997 3378 2233 3428 Martian.
2260 3384 2306 3440 6,
2333 3385 2446 3430 663.
2479 3381 2667 3432 Dicuil.

420 3442 463 3492 I.
491 3447 536 3503 7,
562 3450 609 3493 3.
645 3442 716 3491 bis
740 3443 823 3502 ad,
847 3442 994 3491 TRd
1053 3456 1103 3506 r.
1141 3442 1213 3492 ad
1233 3443 1319 3501 bis,
1341 3442 1477 3492 Pint.
1505 3480 1570 3490 -.
1606 3449 1792 3490 centum
1816 3441 2012 3504 milium,
2038 3445 2100 3494 R.
2135 3454 2318 3496 centum
2340 3445 2456 3510 mil„
2478 3449 2667 3500 Dicuil.

422 3518 601 3559 centum
624 3527 700 3569 m.‚
737 3505 1141 3574 Td(Basi1.)ss.
1196 3519 1395 3561 centena
1426 3527 1504 3569 m.‚
1526 3521 1576 3572 γ.
1632 3549 1695 3559 -
1751 3507 2066 3573 lonyitudine,
2098 3513 2288 3563 Dicuil.
2344 3555 2407 3564 ...
2461 3525 2669 3578 quatuor

427 3573 596 3625 CCCC
616 3574 838 3637 millibus,
855 3577 1041 3627 Dicuil.
1081 3587 1290 3641 quatuor
1313 3593 1373 3626 m.
1401 3574 1791 3641 quadrinqentiS,
1810 3579 1958 3628 RTd
1978 3576 2186 3641 (Basil.)
2225 3589 2438 3644 quatuor
2461 3579 2669 3631 millibus

423 3652 469 3692 et
506 3641 885 3707 quadrinyentis,
916 3657 968 3708 γ.
1023 3653 1255 3708 quantum
1287 3644 1441 3693 minus
1476 3640 1870 3707 quadrinyentis,
1901 3640 1959 3706 β.
2012 3646 2155 3697 IIII.
2184 3645 2263 3695 M.
2294 3647 2450 3696 minus
2488 3644 2669 3710 CCCC,

420 3710 554 3761 Pint.
578 3712 797 3773 Propter
819 3712 1078 3773 superiora
1097 3727 1190 3775 pro
1216 3726 1278 3760 eo
1304 3714 1442 3775 quod
1464 3712 1653 3761 Dicuil.
1673 3713 1884 3762 exhibet
1900 3710 2134 3774 millibus,
2153 3728 2250 3776 ego
2270 3713 2456 3762 milium
2475 3715 2667 3778 scripsi.

426 3817 480 3828 ...
524 3776 801 3838 latitudine,
831 3779 1018 3828 Dicuil.
1064 3819 1128 3828 -
1187 3777 1413 3838 Vistlam,
1445 3780 1690 3829 Letronn.
1751 3779 1983 3840 Vistiam,
2018 3782 2051 3830 d
2082 3777 2292 3844 (Basil.)
2351 3778 2584 3844 Visciam,
2619 3796 2666 3832 σ.

433 3844 615 3907 Vistia,
639 3847 702 3896 R.
747 3843 977 3907 Huistla,
1001 3847 1187 3896 Dicuil.
1251 3845 1507 3905 Vistulam,
1531 3847 1738 3896 Barbar.
1762 3841 1861 3909 βγ.
1913 3886 1976 3894 -.
2022 3864 2055 3895 a
2087 3845 2315 3907 deserti-9,
2338 3848 2526 3897 Dicuil.
2574 3847 2668 3898 ad-

420 3912 584 3974 vestis,
609 3914 672 3962 R.
709 3910 946 3974 adsertis,
971 3916 1018 3963 d.
1077 3913 1156 3964 Ne
1182 3914 1293 3977 quis
1318 3914 1527 3963 illorum
1548 3914 1772 3961 virorum
1797 3914 2262 3975 interpretationem
2294 3922 2547 3978 sequatur,
2582 3917 2668 3979 qui

419 3981 858 4045 praepositionem,
883 3996 917 4029 a
948 3981 1217 4030 indicando
1252 3981 1417 4043 spatio
1452 3980 1636 4029 servire
1667 3987 1985 4042 putaverunt,
2018 3994 2136 4029 cum
2158 3983 2221 4031 de
2245 3983 2345 4031 hoc
2369 3996 2534 4032 sermo
2561 3998 2668 4034 esse

418 4062 526 4097 non
548 4048 727 4111 possit,
752 4047 871 4111 quia
894 4049 957 4097 ab
980 4048 1154 4099 Histro
1179 4049 1342 4111 spatia
1364 4047 1632 4109 regionum
1657 4053 2029 4109 computantur,
2051 4050 2202 4098 verba
2227 4065 2261 4097 a
2286 4047 2495 4099 desertis
2520 4050 2667 4100 intel·

419 4115 624 4178 ligenda
647 4122 767 4165 sunt
796 4115 848 4163 in
881 4115 1032 4165 latere
1064 4115 1374 4175 desertorum,
1409 4115 1459 4163 in
1495 4112 1683 4175 reqione
1719 4129 1793 4173 ea,
1828 4114 1910 4163 ubi
1940 4125 2054 4164 sunt
2076 4115 2290 4178 deserta,
2316 4117 2433 4166 coll.
2471 4135 2505 4168 a
2538 4118 2669 4168 mari

423 4188 470 4242 3,
495 4189 576 4232 34.
615 4198 649 4230 a
674 4183 791 4232 rivis
814 4181 1203 4248 autfluminibus
1230 4189 1310 4244 24,
1339 4185 1451 4233 170.
1488 4182 1622 4232 Add.
1646 4181 1814 4232 Hand.
1842 4181 2060 4233 Tursell.
2090 4189 2134 4246 1,
2159 4190 2239 4236 48.
2266 4199 2376 4249 sqq.
2404 4225 2466 4236 ...
2503 4194 2667 4238 trans-

424 4248 498 4312 iit,
520 4250 763 4301 Niebuhr.
791 4263 965 4315 opusc.
995 4257 1040 4314 1,
1066 4256 1181 4304 396.
1221 4291 1282 4301 ....
1323 4248 1503 4313 leteris,
1526 4249 1615 4301 R1.
1656 4289 1716 4300 -.
1756 4246 1935 4311 dicunt,
1958 4250 2021 4302 R.
2220 4269 2227 4278 .
