2961 4861
1245 355 1625 399 PRAEFATIO.
2443 359 2554 400 Lxx

314 513 406 565 est
438 506 766 564 immutata.
821 505 885 563 N
884 523 981 565 am
1009 512 1079 565 ut
1115 515 1343 566 taceam
1370 508 1612 567 illorum
1640 508 1923 568 librorum
1951 508 2424 581 emendationem,
2452 511 2557 569 ubi

312 614 763 692 Bambergensis
792 632 900 673 nos
928 616 1204 688 destituit,
1229 617 1305 674 ab
1329 635 1400 675 ea
1426 617 1795 694 perfectione,
1826 636 1977 693 quae
2004 635 2108 675 sex
2134 617 2301 676 libris
2329 627 2556 694 postre-

311 725 427 782 mis
464 743 573 799 per
614 723 783 782 illum
822 724 1063 799 contigit
1077 767 1096 796 ,
1140 726 1352 784 mirum
1393 734 1679 800 quantum
1716 729 1951 799 abesse,
1995 727 2068 785 de
2094 727 2239 802 ipsis
2268 728 2558 802 prioribus

311 833 481 891 libris
508 851 829 908 eorumque
854 834 1259 893 emendatione
1284 836 1500 894 rectius
1529 837 1769 911 quidem
1796 854 1974 911 quam
2001 844 2138 893 ante
2163 835 2559 911 Bambergen·

311 959 440 1000 sem
465 948 765 1018 repertum
804 942 1065 1001 iudicare
1104 961 1448 1020 possumus3
1489 946 1591 1002 sed
1630 948 1777 1003 haec
1802 946 1933 1021 ipsa
1959 945 2346 1019 intelligentia
2375 945 2557 1002 confi-

312 1050 576 1108 dentiam
614 1051 795 1107 animi
833 1050 1086 1109 multum
1127 1053 1435 1115 imminuat
1474 1070 1712 1112 necesse
1750 1063 1856 1111 est.
1912 1051 2139 1125 Quodsi
2177 1054 2332 1111 enim
2373 1053 2559 1111 codex

310 1157 767 1235 Bambergensis
795 1177 916 1216 non
944 1159 1205 1218 detectus
1233 1161 1459 1233 fuisset,
1493 1180 1603 1237 per
1629 1161 1813 1220 libros
1840 1162 2318 1237 praestantiores,
2348 1162 2557 1237 quales

314 1258 458 1325 sunt
481 1266 762 1339 AVRa,
794 1268 1006 1342 quibus
1034 1269 1289 1344 proximi
1315 1271 1604 1328 accedunt
1647 1262 1763 1327 ΘΤ
1780 1271 1839 1341 d,
1889 1269 1952 1326 id
1981 1271 2127 1327 effici
2152 1288 2325 1346 posse
2352 1271 2556 1329 existi-

312 1384 542 1434 matum
564 1376 735 1448 foret,
756 1384 826 1434 ut
844 1377 1131 1435 naturalis
1152 1376 1414 1449 historia,
1438 1379 1489 1435 si
1519 1396 1639 1436 non
1671 1379 1748 1436 ad
1769 1379 2004 1455 plenam
2027 1380 2118 1437 sui
2138 1379 2553 1454 integritatem,

312 1493 380 1543 at
422 1493 578 1543 certe
614 1486 691 1542 ad
728 1503 863 1542 eum
899 1486 1146 1544 nitorem
1183 1488 1582 1558 reduceretur,
1614 1488 1716 1561 qui
1741 1488 1818 1545 ab
1852 1487 1957 1545 illa
1998 1488 2263 1562 proxime
2302 1487 2557 1546 abesset.

313 1595 484 1654 Haec
524 1612 659 1670 spes
699 1599 824 1651 tota
859 1599 952 1651 est
986 1612 1291 1652 concussa.
1355 1595 1465 1653 Uti
1504 1595 1671 1652 crisis
1712 1595 1895 1652 Plinii
1931 1614 2037 1669 per
2063 1596 2557 1670 Bambergensem

315 1711 409 1762 est
435 1703 662 1761 facilior
689 1702 866 1773 facta,
900 1703 1058 1775 quod
1100 1720 1257 1759 nunc
1283 1702 1499 1760 rectius
1530 1703 1607 1759 de
1636 1703 1927 1760 codicibus
1956 1720 2275 1775 eorumque
2301 1705 2560 1762 auctori-

313 1818 440 1871 tate
464 1812 724 1869 iudicare
747 1812 905 1882 licet,
936 1811 1021 1867 ita
1042 1812 1244 1868 eadem
1266 1811 1455 1868 multo
1476 1828 1658 1884 quam
1685 1819 1859 1867 antea
1887 1810 2167 1867 difficilior
2193 1811 2396 1882 evasit,
2426 1812 2563 1884 quia

315 1938 357 1978 a
382 1919 809 1992 Bambergensi
837 1918 1108 1975 destituti
1133 1936 1380 1993 prorsus
1407 1918 1571 1978 dubii
1598 1919 1927 1991 haeremus,
1960 1936 2265 1993 quousque
2291 1920 2563 1996 progredi

315 2029 506 2087 liceat.
549 2029 709 2085 Nam
739 2027 834 2086 vel
863 2025 1212 2085 fortissimus
1242 2029 1715 2086 membranarum
1758 2028 1983 2086 assecla
2020 2028 2282 2086 confiteri
2308 2028 2558 2098 debebit,

315 2157 425 2216 per
452 2137 588 2195 illos
619 2154 768 2211 quos
799 2154 980 2212 supra
1000 2137 1455 2211 praestantiores
1476 2138 1602 2197 dixi
1625 2138 1873 2209 codices,
1903 2137 1955 2194 si
1981 2157 2115 2195 cum
2142 2136 2560 2212 Bambergensi

317 2252 761 2322 comparantur,
810 2263 931 2302 non
977 2244 1228 2302 multum
1286 2246 1492 2321 profici
1541 2239 1738 2323 (cuius
1785 2246 1872 2302 rei
1910 2264 2043 2303 cum
2087 2246 2393 2304 innumera
2442 2246 2558 2304 alia

321 2354 612 2430 exempla,
647 2361 772 2411 tum
815 2354 1278 2412 luculentissima
1305 2363 1541 2412 exstant
1568 2350 1672 2424 36,
1716 2349 1815 2412 65.
1859 2364 1910 2411 et
1945 2356 2050 2411 alii
2088 2356 2343 2412 excidere
2382 2374 2560 2428 reyes.

318 2465 540 2525 Statuit
567 2483 677 2535 eos,
709 2463 806 2521 vel
834 2459 939 2534 36,
973 2460 1074 2521 72.
1116 2466 1339 2537 inqenio
1379 2463 1649 2521 Facundi
1685 2462 1837 2521 Novi
1874 2465 2282 2533 mathematici,
2332 2464 2454 2534 ubi,
2494 2471 2562 2522 ut

318 2572 465 2632 nihil
492 2574 681 2630 dicam
711 2573 783 2629 de
810 2590 988 2646 grege
1016 2570 1311 2629 inutilium
1339 2572 1609 2630 codicum
1639 2570 1890 2644 Zoegae,
1921 2572 2017 2628 vel
2046 2572 2183 2630 boni
2222 2572 2557 2646 ceteroquin

323 2682 573 2751 codices,
606 2682 810 2755 quales
828 2683 978 2738 sunt
1018 2679 1300 2751 RVTd,
1339 2679 1485 2738 nihil
1527 2681 1688 2751 dant,
1733 2681 1891 2755 quod
1927 2680 2042 2739 illis
2086 2681 2345 2740 codicum
2375 2681 2563 2738 servis

323 2787 626 2865 arrideat),
680 2797 740 2845 et
787 2789 1029 2865 proinde
1076 2790 1137 2847 in
1179 2789 1343 2847 libris
1390 2789 1632 2864 triginta
1686 2790 1979 2865 prioribus
2024 2789 2351 2865 permultos
2403 2789 2564 2847 locos

323 2917 636 2976 superesse
678 2898 921 2968 dolebit,
964 2898 1065 2957 ubi
1108 2900 1501 2975 corruptelam
1536 2899 1917 2957 insanabilem
1968 2899 2150 2957 latere
2188 2917 2265 2956 ex
2302 2898 2566 2956 codicum

326 3009 621 3084 scriptura
649 3008 934 3083 suspicari
960 3013 1187 3083 potest3
1215 3009 1372 3065 idem
1400 3026 1565 3078 vero,
1594 3007 1755 3080 quod
1787 3007 1964 3062 etiam
1992 3006 2195 3062 durius
2224 3012 2340 3074 est,
2369 3005 2568 3079 plures

324 3116 579 3176 fortasse
617 3124 849 3174 exstare
889 3117 1165 3174 concedet
1182 3155 1200 3186 ,
1229 3116 1433 3172 ubine
1464 3113 1718 3187 suspicio
1747 3112 1981 3187 quidem
2008 3112 2146 3169 talis
2175 3112 2377 3169 oritur.
2422 3112 2569 3185 Quis

323 3243 607 3299 umquam
652 3220 756 3294 35,
803 3218 947 3282 176.
1002 3224 1129 3281 sine
1181 3221 1380 3279 codice
1419 3219 1846 3295 Bambergensi
1883 3221 2214 3296 suspicatus
2255 3228 2412 3278 esset
2459 3240 2569 3296 pro

325 3335 575 3392 candens
613 3336 674 3390 in
713 3335 886 3390 calice
927 3349 1065 3388 novo
1105 3330 1419 3405 legendum
1458 3347 1590 3387 esse
1630 3332 1847 3389 addens
1887 3332 1947 3387 in
1989 3332 2217 3388 calicem
2255 3332 2405 3402 vini,
2437 3348 2568 3388 cum

328 3441 556 3518 primae
597 3440 761 3498 vocis
798 3439 1033 3497 nullum
1073 3439 1132 3497 in
1170 3440 1435 3497 omnibus
1479 3440 1779 3497 codicibus
1818 3445 2047 3514 praeter
2073 3437 2569 3513 Bambergensem

330 3547 648 3621 vestigium
675 3554 887 3618 exstet,
918 3556 1224 3621 sequentes
1251 3548 1311 3605 in
1337 3547 1408 3606 iis
1435 3549 1609 3606 modo
1639 3554 1951 3624 corruptae
1991 3546 2294 3624 legantur?
2336 3549 2569 3607 Rursus

330 3656 433 3733 qui
474 3654 754 3730 ingenioli
793 3655 885 3712 sui
920 3657 1183 3714 acumine
1227 3657 1572 3732 superbiunt
1608 3666 1667 3715 et
1708 3658 2177 3715 coniecturarum
2227 3674 2340 3732 ope
2378 3657 2571 3714 omnia

330 3765 528 3825 sanari
553 3782 733 3843 posse
762 3765 1093 3839 opinantur,
1122 3773 1409 3841 quantum
1431 3766 1657 3825 animos
1680 3784 1884 3824 eorum
1906 3766 2073 3824 deiici
2095 3771 2293 3840 putaS,
2324 3766 2375 3823 si
2392 3763 2570 3824 Bam-

330 3877 676 3951 berg'ensem
704 3872 1046 3932 intuentur?
1103 3875 1267 3932 Num
1296 3893 1470 3949 quem
1499 3893 1702 3933 eorum
1730 3876 1876 3932 adeo
1898 3875 2178 3932 audacem
2199 3892 2327 3932 esse
2348 3893 2569 3946 censes,

331 3994 401 4045 ut
435 4004 498 4043 se
539 3984 666 4042 solo
708 3983 924 4042 mentis
963 3983 1232 4041 acumine
1271 3983 1701 4041 emendationes
1740 3982 2003 4058 proferre
2038 4003 2215 4060 posse
2263 3985 2566 4059 spondeat,

335 4096 541 4170 quales
570 4092 994 4167 Bambergensi
1035 4099 1340 4150 sexcentae
1379 4088 1701 4149 debentur?
1739 4098 1808 4149 ut
1843 4092 2084 4151 lacunas
2127 4093 2364 4168 explere
2392 4110 2569 4151 cone-

334 4211 452 4276 tur,
484 4220 636 4277 quae
665 4220 703 4259 a
732 4201 862 4260 solo
889 4201 1312 4276 Bambergensi
1349 4207 1704 4260 monstratae
1742 4200 1921 4260 aciem
1960 4201 2057 4277 vel
2093 4202 2569 4276 prudentissimo·
