2961 4861
374 363 460 404 Lx
1300 357 1678 400 PRAEFATIO.

461 514 710 571 Praeter
746 512 856 570 hos
895 529 1036 568 vero
1078 511 1306 569 codices
1346 511 1515 585 siglis
1553 508 1905 584 significatos
1947 525 2066 565 non
2105 507 2425 565 omittenda
2456 513 2626 564 erant

350 629 653 699 excerpta
673 640 749 679 ex
769 619 898 678 aliis
922 618 1214 678 codicibus
1242 638 1280 676 a
1307 618 1579 694 pluribus
1610 617 1751 677 viris
1780 617 1988 688 doctiS,
2017 616 2107 674 uti
2133 615 2420 687 Barbare,
2451 614 2621 672 Rhe-

375 747 550 801 nano,
581 727 849 801 Geleni0,
881 726 1195 798 Salmasi0‚
1220 727 1563 799 RezzonicO,
1588 726 1809 801 Zoega,
1833 725 1983 797 aliis,
2006 724 2209 796 allata,
2234 742 2388 798 quae
2407 724 2620 799 repeti·

288 810 289 813 Ἴ
378 839 537 896 visse
565 836 864 894 nonnullis
893 835 1078 910 primo
1107 835 1340 909 quidem
1371 836 1579 893 obtutu
1608 836 1863 893 otiosum
1903 835 1997 892 vel
2025 833 2219 909 potius
2260 849 2622 908 supervaca-

376 963 551 1004 neum
588 944 909 1014 videbitur,
953 962 1088 1002 cum
1128 945 1342 1018 partim
1385 950 1541 1002 certe
1576 945 1640 1002 in
1680 944 1961 1001 editiones
2002 942 2227 1000 dudum
2263 948 2521 1017 recepta,
2551 946 2622 998 ut

377 1055 568 1111 denuo
596 1052 962 1122 afferrent-ur,
993 1051 1294 1127 postulare
1321 1070 1439 1109 non
1468 1052 1824 1110 viderentur.
1867 1050 1956 1109 At
1975 1051 2231 1127 primum
2252 1051 2390 1108 inde
2410 1050 2625 1108 clarius

380 1167 647 1237 apparet,
699 1160 990 1235 quomodo
1039 1160 1213 1218 lectio
1263 1161 1510 1237 vulgata
1551 1167 1681 1218 orta
1715 1161 1821 1232 sit,
1875 1160 2015 1246 quja
2054 1159 2143 1217 illi
2185 1160 2300 1217 viri
2328 1159 2502 1231 docti,
2533 1159 2621 1217 uti

379 1271 705 1342 Barbarus,
735 1268 1078 1339 Rhenanus,
1110 1266 1412 1338 Gelenius,
1458 1269 1687 1327 codices
1718 1287 1858 1327 suos
1886 1269 1961 1326 ad
1990 1268 2379 1326 emendandas
2421 1285 2626 1325 corru-

379 1387 511 1456 ptas
549 1379 759 1454 quibus
796 1385 923 1435 tum
960 1378 1272 1436 utebantur
1311 1377 1589 1435 editiones
1633 1377 2013 1448 adhibebant3
2057 1377 2265 1434 deinde
2305 1369 2625 1455 (quidquid

383 1489 492 1547 viri
531 1490 604 1546 ob
647 1487 953 1545 brevitatis
994 1486 1253 1543 studium
1295 1487 1465 1543 aliter
1507 1486 1820 1544 sentientes
1866 1493 2033 1544 erant
2070 1485 2400 1544 oblocuturi
2414 1526 2432 1555 ,
2491 1503 2624 1542 cum

354 1602 541 1655 'certe
591 1595 800 1654 scirem
839 1594 986 1652 alios
1026 1612 1238 1652 rursus
1278 1613 1507 1652 mecum
1553 1612 1682 1652 esse
1724 1591 2028 1670 sensuros)
2080 1595 2143 1652 in
2199 1594 2449 1651 editione
2490 1611 2626 1651 mea

383 1706 581 1768 omnia
609 1704 963 1779 coniungere
990 1702 1132 1760 mihi
1152 1703 1506 1761 destinatum
1526 1702 1659 1774 fuit,
1683 1722 1833 1778 quae
1853 1703 1988 1760 inde
2008 1723 2046 1761 a
2066 1702 2267 1778 primis
2288 1708 2628 1760 renatarum

379 1815 710 1872 litterarum
738 1812 1100 1889 temporibus
1127 1829 1316 1887 usque
1354 1812 1430 1869 ad
1470 1813 1623 1870 hanc
1660 1819 1912 1869 aetatem
1937 1811 2000 1869 in
2026 1809 2224 1869 Plinio
2262 1811 2627 1869 emendando

383 1930 521 1981 sunt
548 1921 845 1995 praestita,
878 1938 1056 1992 quam
1085 1921 1159 1977 ob
1187 1938 1312 1977 rem
1340 1919 1447 1977 illa
1476 1929 1754 1996 excerpta
1781 1939 1934 1979 nunc
1961 1919 2087 1978 fere
2106 1920 2340 1978 inutilia
2359 1921 2630 1978 omittere

386 2048 504 2087 non
535 2028 839 2098 debebam,
871 2046 1006 2085 cum
1038 2046 1114 2085 ex
1142 2029 1412 2085 omnibus
1441 2029 1676 2086 demum
1704 2029 1944 2087 illorum
1983 2029 2245 2087 codicum
2285 2028 2630 2086 lectionibus

385 2154 574 2211 neque
603 2156 679 2194 ex
708 2136 950 2211 singulis
978 2135 1154 2193 modo
1183 2135 1362 2209 paulo
1392 2137 1606 2195 certius
1627 2139 1703 2195 de
1725 2156 1928 2196 eorum
1949 2138 2138 2213 pretio
2158 2137 2413 2195 iudicare
2433 2137 2630 2195 liceat.

387 2245 613 2318 Quodsi
652 2245 833 2318 igitur
870 2245 1118 2302 lectores
1157 2245 1460 2318 aliquoties
1500 2246 1764 2304 lemmati
1800 2247 1978 2305 alicui
2010 2244 2287 2303 Pliniano
2300 2287 2318 2316 ,
2357 2246 2457 2304 ubi
2483 2244 2631 2303 nihil

389 2363 697 2433 praeterea
734 2374 809 2412 ex
847 2353 1144 2412 codicibus
1184 2360 1276 2413 est
1316 2355 1691 2426 adnotatum,
1735 2355 1962 2414 codices
1989 2354 2236 2413 Barbari
2276 2355 2373 2412 vel
2402 2351 2634 2412 Gelenii

390 2465 678 2524 subiectos
708 2464 988 2523 videbunt
1015 2482 1149 2522 cnm
1177 2462 1290 2521 hoc
1315 2465 1445 2540 ipso
1466 2463 1738 2522 lemmate
1772 2464 2201 2540 conspirantes,
2246 2464 2459 2522 horum
2492 2464 2632 2522 scri-

392 2580 628 2649 pturam
651 2573 872 2631 dudum
892 2573 954 2630 in
979 2572 1327 2630 editionibus
1350 2572 1607 2649 vulgatis
1628 2590 1873 2647 regnare
1893 2580 2068 2648 atque
2089 2591 2126 2629 a
2145 2573 2289 2631 meis
2317 2573 2631 2644 codicibus,

393 2700 544 2756 quos
573 2683 873 2739 nominare
900 2681 1141 2757 longum
1170 2690 1313 2753 erat,
1345 2682 1679 2739 confirmari
1713 2682 2063 2755 intelligent.
2116 2682 2190 2739 In
2230 2681 2320 2739 his
2358 2698 2498 2739 vero
2537 2698 2634 2738 co-

394 2790 619 2848 dicibus
671 2789 1028 2865 repetendis,
1068 2790 1303 2864 quando
1358 2808 1491 2847 cum
1539 2789 1667 2847 aliis
1710 2790 2000 2849 codicibus
2052 2808 2159 2866 per
2219 2789 2371 2865 sigla
2417 2789 2636 2847 notatis

392 2899 838 2970 conveniebant,
878 2900 1034 2956 hunc
1075 2916 1303 2974 semper
1341 2916 1564 2956 morem
1594 2898 1845 2970 servavi,
1875 2905 1943 2956 ut
1980 2898 2115 2957 illos
2155 2898 2245 2957 his
2285 2898 2635 2957 subiicerem

392 3016 453 3066 et
477 3009 715 3067 illorum
741 3008 980 3067 nomina
1006 3008 1174 3066 uncis
1205 3007 1614 3066 semirotundis
1645 3000 1786 3086 (..-)
1816 3006 2203 3079 includerem,
2243 3026 2318 3065 ne
2345 3006 2636 3081 quis'for-

392 3127 554 3176 tasse
591 3137 698 3194 per
739 3118 1146 3194 compendium
1176 3117 1304 3175 cod.
1346 3110 1418 3196 (i.
1460 3135 1511 3174 e.
1558 3110 1773 3195 codex)
1814 3116 2177 3175 Parisienses
2230 3116 2456 3175 codices
2498 3135 2580 3175 co
2596 3116 2637 3173 d

395 3227 715 3301 significari
741 3233 999 3303 putaret.
1046 3225 1169 3286 Ubi
1195 3226 1332 3285 illos
1360 3225 1586 3283 codices
1631 3226 1790 3282 solos
1829 3225 2163 3298 afferebam,
2206 3243 2389 3284 uncos
2429 3225 2637 3302 appin-

395 3353 533 3409 gere
561 3353 682 3394 non
708 3335 822 3392 fuit
847 3334 1258 3392 necessarium.

478 3441 647 3499 Haec
684 3441 757 3498 de
797 3442 1036 3500 familiis
1075 3442 1342 3500 codicum
1378 3459 1694 3517 eorumque
1729 3443 1882 3500 inter
1926 3460 1991 3501 se
2018 3443 2241 3501 ratione
2267 3442 2573 3517 hucusque
2601 3461 2641 3500 a

395 3569 491 3608 me
530 3550 827 3625 disputata
867 3550 973 3624 qui
1012 3550 1190 3625 paulo
1231 3549 1560 3607 accuratius
1588 3552 1799 3627 legerit
1824 3552 1983 3610 ultro
2009 3553 2319 3627 intelliget,
2350 3569 2639 3627 quaenam

334 3725 349 3733 ⁵
396 3659 494 3718 via
554 3658 615 3718 in
672 3658 743 3717 iis
791 3658 1021 3717 utendis
1073 3657 1451 3731 ingredienda
1492 3657 1668 3717 fuerit
1681 3700 1701 3731 ,
1756 3660 1930 3718 simul
1983 3678 2130 3719 vero
2180 3661 2639 3719 emendationem

396 3767 577 3826 Plinii
602 3787 642 3826 a
666 3767 991 3827 multorum
1017 3766 1271 3825 aliorum
1299 3766 1652 3842 scriptorum
1694 3769 1994 3844 aliquanto
2023 3770 2324 3828 diversam
2352 3787 2479 3828 esse
2506 3788 2639 3846 per·

401 3882 665 3952 spectum
692 3875 949 3947 habebit,
987 3892 1109 3950 qua
1137 3875 1212 3932 de
1238 3892 1421 3935 causa
1459 3877 1636 3935 etiam
1680 3878 1964 3936 lectorem
2004 3879 2318 3937 candidum
2358 3885 2419 3935 et
2455 3881 2638 3938 bene·

400 3984 604 4043 volum
632 3984 732 4058 qui
758 3984 1027 4044 editionis
1055 4003 1220 4043 meae
1256 3985 1537 4044 volumen
1565 3985 1825 4061 primum
1862 3987 2123 4047 iudicare
2150 3989 2283 4048 vult
2298 4030 2315 4060 ‚
2357 3987 2640 4047 volumen

402 4093 671 4167 quintum
711 4093 975 4170 proxime
1009 4101 1346 4153 secuturum
1374 4102 1442 4154 ut
1468 4102 1772 4171 exspectet
1801 4105 2077 4171 rogatum
2106 4097 2264 4156 volo.
2308 4097 2428 4157 Per
2453 4096 2640 4156 Bam-

401 4205 746 4279 bergensem
783 4202 999 4264 scilicet
1041 4204 1297 4264 codicem
1335 4211 1634 4280 repertum
1674 4205 1862 4264 omnis
1906 4207 2177 4265 tractatio
2222 4206 2422 4267 critica
2442 4206 2640 4266 -Plinii

760 4455 827 4492 ἱ
