2961 4861
375 352 498 415 190
1069 364 1473 412 NATURAms
1520 363 1907 411 msa-oman

373 541 518 584 esse
561 519 669 602 qui
713 524 952 603 negent
995 526 1427 601 suptermeare
1470 514 1684 581 sidera
1725 536 1802 579 ac
1843 536 2071 578 rursus
2115 514 2340 578 eadem
2383 536 2599 580 resur-

366 643 522 709 gere
564 620 961 703 similemque
1005 617 1190 683 terris
1230 617 1446 683 immo.
1466 638 1622 682 vero
1677 625 1944 680 naturae
1986 615 2325 680 universae
2367 616 2600 681 exinde

368 722 600 788 faciem
641 722 709 786 in
749 719 981 785 iisdem
1022 727 1198 784 ortus
1241 738 1632 800 occasusque
1684 715 2007 800 operibus,
2061 737 2190 780 non
2239 716 2428 783 aliter
2480 716 2599 782 sub

367 834 538 888 terra
575 820 916 887 manifesto
960 818 1185 883 sideris
1228 839 1421 882 cursu
1464 817 1671 882 aliove
1716 816 1953 881 effectu
1994 836 2187 898 quam
2231 838 2380 882 cum
2407 839 2597 901 prae-

368 935 468 989 ter
511 924 728 988 oculos
770 930 1024 985 nostros
1069 920 1329 984 feratur.
1401 915 1750 1003 Multiplex
1795 917 2143 982 etiamnum
2182 916 2425 981 lunaris
2468 918 2597 982 dif-
2625 937 2725 981 215

365 1023 638 1089 ferentia
678 1021 1082 1107 primumque
1128 1019 1409 1105 septenis
1452 1019 1702 1084 diebus.
1770 1018 2033 1103 Quippe
2075 1019 2313 1085 modici
2354 1043 2394 1084 a
2433 1043 2599 1085 nova

364 1126 449 1191 ad
492 1124 817 1190 dividuam
862 1132 1077 1188 aestus
1119 1121 1438 1208 pleniores
1483 1120 1563 1185 ab
1608 1143 1685 1185 ea
1729 1121 2056 1184 exundant
2096 1121 2415 1206 plenaque
2455 1143 2596 1186 ma-

363 1249 556 1291 xume
609 1226 890 1300 fervent3
955 1221 1107 1287 inde
1160 1222 1502 1287 mitescunt
1555 1243 1746 1306 pares
1800 1221 1884 1285 ad
1951 1231 2309 1305 septumam
2370 1221 2599 1305 primis

363 1327 724 1410 iterumque
766 1325 888 1390 alio
929 1324 1129 1389 latere
1173 1323 1436 1388 dividua
1477 1333 1820 1410 augentur.
1873 1322 1954 1386 In
1998 1322 2170 1387 coitu
2213 1322 2365 1386 solis
2406 1345 2599 1408 pares

364 1429 611 1512 plenae.
684 1425 936 1490 Eadem
992 1424 1309 1508 aquilonia
1351 1434 1418 1487 et
1461 1447 1502 1487 a
1544 1423 1731 1487 terris
1783 1423 2039 1510 longius
2093 1424 2432 1488 recedente
2474 1424 2596 1487 mi-

365 1530 579 1606 tiores,
626 1549 818 1611 quam
860 1549 1007 1591 cum
1046 1527 1113 1590 in
1143 1535 1394 1589 austros
1435 1524 1726 1610 digressa
1753 1524 2052 1609 propiore
2080 1525 2226 1588 nisu
2253 1525 2386 1589 vim
2416 1547 2597 1589 suam

366 1640 642 1696 exercet.
714 1627 847 1692 Per
897 1637 1158 1692 octonos
1212 1647 1469 1709 quoque
1528 1647 1729 1691 annos
1784 1625 1870 1688 ad
1920 1625 2238 1710 principia
2277 1636 2489 1690 motus
2532 1638 2600 1690 et

365 1732 547 1816 pai-ia
587 1730 977 1795 incrementa
1020 1727 1366 1792 centesimo
1407 1726 1598 1791 lunae
1640 1735 2022 1791 revocantur
2050 1726 2295 1790 ambitu
2323 1736 2597 1813 augente

257 1861 260 1866 ⁴
366 1854 444 1897 ea
485 1840 736 1907 cuncta,
781 1829 930 1895 solis
975 1828 1201 1892 annuis
1247 1827 1475 1904 causis,
1523 1826 1773 1892 duobus
1816 1826 2254 1909 aequinoctiis,
2300 1849 2597 1893 maxume

367 1941 688 1995 tumentes
745 1939 811 1993 et
866 1929 1217 1994 autumnali
1270 1928 1546 2013 amplius
1605 1949 1798 2011 quam
1861 1949 2058 1992 verno
2074 1974 2092 2004 ,
2160 1928 2384 1993 inanes
2442 1949 2596 1992 vero

365 2033 594 2098 bruma
636 2039 700 2094 et
741 2030 947 2116 magis
989 2028 1295 2106 solstitio;
1340 2051 1462 2094 nec
1508 2038 1721 2093 tamen
1763 2028 1831 2092 in
1872 2028 2032 2113 ipsis
2074 2048 2238 2111 quos
2266 2026 2400 2092 dixi
2431 2039 2595 2092 tem·
2623 2042 2725 2086 216

367 2154 597 2219 porum
651 2129 967 2208 articulis,
1035 2128 1150 2193 sed
1205 2129 1430 2213 paucis
1492 2139 1643 2213 post
1697 2128 1923 2194 diebus
1941 2176 1960 2207 ,
2028 2128 2215 2194 sicuti
2265 2151 2475 2214 neque
2528 2129 2597 2194 in

366 2234 561 2320 plena
602 2240 714 2295 aut
754 2228 1099 2295 novissima
1143 2229 1257 2294 sed
1298 2239 1548 2313 postea,
1607 2252 1729 2295 nec
1786 2230 1999 2294 statim
2042 2240 2115 2294 ut
2153 2230 2368 2296 lunam
2407 2252 2595 2295 mun-

367 2337 489 2399 dus
544 2332 839 2399 ostendat
893 2330 1250 2396 occultetve
1306 2339 1420 2394 aut
1483 2329 1695 2394 media
1750 2330 1942 2416 plaga
2003 2330 2308 2409 declinet,
2374 2352 2595 2395 verum

368 2437 504 2503 fere
557 2436 808 2500 duabus
858 2432 1029 2498 horis
1084 2430 1654 2516 aequinoctialibus
1712 2433 1916 2497 serius
1930 2480 1948 2511 ,
2017 2432 2293 2499 tardiore
2346 2454 2595 2518 semper

364 2539 449 2601 ad
503 2547 706 2602 terras
760 2534 1044 2599 omnium
1096 2554 1261 2615 quae
1316 2542 1632 2619 geruntur
1680 2532 1749 2596 in
1803 2533 1981 2597 caelo
2034 2533 2270 2598 effectu
2327 2533 2595 2598 cadente

366 2660 561 2720 quam
603 2636 771 2713 visu,
828 2633 1019 2697 sicuti
1069 2632 1345 2720 fulguris
1389 2644 1454 2698 et
1498 2633 1768 2698 tonitrus
1812 2642 1879 2697 et
1919 2632 2274 2698 fulminum.
2350 2632 2594 2698 Omnes
2619 2646 2718 2690 21⁷

362 2748 580 2802 autem
624 2744 838 2799 aestus
878 2733 948 2797 in
989 2755 1228 2797 oceano
1261 2733 1510 2799 -maiora
1549 2734 1846 2819 integunt
1902 2734 2109 2818 spatia
2147 2733 2589 2817 inundantque

362 2859 558 2923 quam
597 2835 665 2899 in
706 2834 950 2918 reliquo
991 2834 1170 2912 mari,
1217 2834 1352 2899 sive
1384 2834 1535 2918 quia
1562 2843 1769 2899 totum
1796 2835 2210 2900 universitate
2246 2836 2592 2901 animosius

409 3034 573 3098 esset,
605 3038 673 3088 A.
722 3039 899 3093 essent,
922 3034 985 3084 Β.
1034 3071 1098 3081 .-.
1143 3045 1389 3097 exuryere,
1427 3032 1497 3081 A.
1551 3071 1615 3081 ...
1667 3030 1819 3093 tetris,
1843 3045 1891 3081 σ.
1946 3072 2010 3080 ...
2064 3040 2281 3081 naturae
2321 3031 2591 3095 aniversae,

365 3106 570 3156 ATad.
608 3102 877 3161 universae,
899 3100 963 3151 Β.
998 3097 1259 3149 universae
1280 3106 1507 3160 naturae,
1529 3094 1631 3164 βγ.
1658 3138 1720 3148 ....
1756 3099 1947 3160 exinde,
1970 3099 2152 3149 RAT.
2189 3108 2235 3148 et
2257 3097 2385 3161 inde,
2409 3102 2499 3150 ad.
2526 3139 2589 3149 ....

366 3170 565 3231 hisdem,
589 3173 652 3221 Β.
690 3210 753 3219 -
789 3179 986 3227 terram,
1009 3168 1074 3216 Β.

434 3240 465 3300 5
491 3244 603 3287 215.
657 3236 925 3295 etiamnum,
965 3234 1174 3283 RaeAa.
1228 3241 1275 3281 et
1313 3231 1365 3281 in
1401 3248 1592 3292 annum,
1627 3232 1732 3282 Td.
1768 3232 1883 3283 Om.
1917 3233 2016 3282 3¹.
2054 3272 2118 3281 ...
2148 3232 2375 3296 primum,
2408 3235 2490 3283 a¹.
2526 3274 2589 3282 -

367 3301 546 3353 modici
584 3319 632 3363 a,
673 3303 767 3353 ST
785 3294 879 3350 Oa.
932 3298 1139 3361 modica,
1178 3301 1276 3350 12¹.
1329 3298 1516 3357 modici,
1538 3294 1694 3360 1³2ss.
1730 3298 1943 3360 modicis,
1967 3300 2077 3350 Ad.
2114 3339 2178 3348 -.
2215 3315 2400 3360 novam,
2423 3301 2491 3350 A.
2528 3340 2591 3348 -

369 3367 633 3428 dividuam,
657 3367 903 3419 ASTaae.
941 3363 1211 3427 dividuum,
1234 3368 1285 3416 Β
1303 3359 1435 3416 981.
1473 3363 1703 3427 dividua,
1728 3369 1776 3416 d.
1801 3406 1866 3416 .-
1897 3365 2150 3430 pleniores,
2173 3367 2287 3416 BA
2303 3359 2592 3418 OSTado.

362 3434 598 3501 pleniore,
629 3430 686 3496 β.
734 3473 797 3482 ....
826 3434 1055 3496 servent,
1076 3433 1207 3481 Aa²
1224 3435 1270 3481 d.
1300 3431 1540 3496 pervenit,
1564 3433 1704 3482 Ra1.
1743 3473 1806 3482 ..
1842 3440 1890 3481 et
1913 3431 2045 3494 inde,
2067 3447 2116 3482 σ.
2152 3431 2248 3494 ide,
2271 3434 2369 3484 Ru
2407 3475 2471 3484 -.
2506 3435 2594 3484 mi-

370 3503 557 3552 tiacum
594 3501 662 3550 A.
700 3505 906 3558 teseunt,
930 3498 1029 3548 3¹.
1067 3537 1131 3547 ...
1165 3497 1335 3559 coitus,
1356 3501 1452 3549 12¹.
1488 3513 1585 3559 coe,
1609 3500 1708 3550 Rae.
1746 3541 1809 3550 -
1843 3499 1985 3560 soles,
2017 3500 2085 3551 A.
2122 3539 2186 3549 ...
2218 3515 2374 3564 pares
2401 3502 2594 3566 plenae,

369 3538 720 3622 R²Absact
750 3574 922 3632 partes
942 3562 1134 3629 plenae,
1157 3565 1247 3614 12¹.
1286 3580 1445 3628 pares
1465 3564 1628 3627 plene,
1651 3567 1714 3616 Τ.
1746 3582 1903 3629 pares
1932 3567 2096 3630 plane,
2127 3584 2167 3616 r.
2212 3583 2380 3629 pares.
2413 3567 2594 3629 Plane,

367 3634 428 3700 β.
463 3637 665 3687 Inutilis
688 3642 765 3685 est
786 3634 1074 3683 coniectura
1096 3632 1311 3683 Salmas.
1347 3646 1510 3682 exerc.
1533 3648 1585 3695 p.
1613 3636 1724 3684 708.
1748 3636 1796 3683 b.
1820 3636 1882 3684 E.
1910 3674 1974 3682 ...
1998 3632 2269 3697 aquilonia,
2294 3638 2362 3684 a²
2378 3636 2426 3683 d.
2452 3634 2594 3699 aqui-

371 3704 508 3767 lonie,
548 3705 687 3754 Rau
743 3701 797 3750 in
838 3698 1104 3765 aquilonia,
1145 3699 1212 3748 A.
1268 3739 1331 3748 ...
1385 3699 1683 3761 recedentes,
1724 3704 1829 3752 Ra.
1868 3741 1930 3749 -.
1967 3717 2088 3761 cum,
2113 3700 2305 3751 Aatd.
2393 3719 2471 3763 uo,
2494 3704 2593 3752 R2.

372 3773 549 3823 omitt.
573 3763 805 3822 R¹9a¹.
844 3808 907 3818 ...
942 3774 1132 3829 austro,
1156 3767 1219 3816 Τ.
1256 3805 1320 3815 .-
1356 3767 1588 3832 diqressa,
1622 3769 1789 3821 R2A.
1834 3768 2088 3831 demessa,
2119 3768 2305 3818 R¹Td.
2388 3784 2596 3836 cyre-³⁸0,

372 3856 419 3889 a.
457 3879 521 3889 ...
553 3838 736 3904 priore,
760 3840 823 3888 Β.
862 3877 930 3903 —,
961 3833 1181 3896 ambitus,
1205 3834 1313 3884 Rd.
1351 3873 1415 3883 ....
1451 3834 1761 3896 anyentibue,
1782 3835 1916 3885 Pint.
1940 3836 2007 3886 K.
2045 3875 2108 3883 -
2152 3834 2338 3897 causis,
2369 3838 2431 3887 Β.
2476 3852 2596 3885 cau-

373 3905 502 3968 sisis,
525 3906 593 3957 A.
629 3904 793 3956 causis
817 3902 915 3964 his,
940 3904 1084 3953 Tad.
1123 3943 1186 3951 -
1221 3899 1461 3961 tumentis,
1484 3902 1580 3950 Βί.
1619 3941 1680 3949 ..
1718 3902 1903 3963 ἰηαηεε,
1927 3904 2074 3953 Rad.
2110 3902 2374 3964 inaniS,A.
2419 3918 2594 3964 manes,

373 3972 483 4024 ST.
520 3971 881 4032 mansuetiores,
903 3971 1037 4021 Pint.
1075 4010 1139 4019 .-
1174 3972 1326 4030 hrum,
1349 3970 1446 4019 130¹.
1484 4007 1548 4017 ...
1583 3968 1722 4030 stilio,
1746 3971 1843 4018 R1.

441 4039 472 4099 ξ
496 4046 611 4090 216.
649 4037 743 4101 his,
768 4040 832 4088 Β.
869 4078 933 4087 .-
968 4036 1213 4098 articulis,
1238 4052 1338 4087 om.
1362 4037 1430 4087 A.
1468 4076 1533 4085 .-
1570 4032 1779 4097 duobus,
1800 4039 1895 4088 R1.
1935 4077 1998 4085 .-
2033 4034 2326 4086 novissimas
2349 4044 2405 4096 et,
2428 4037 2493 4086 R.
2531 4075 2594 4086 .-

361 4105 482 4169 sere
518 4106 730 4167 duabus,
770 4108 960 4156 Rada.
1015 4103 1202 4154 duabus
1224 4105 1356 4168 sere,
1387 4099 1552 4167 Αβγ.
1591 4143 1654 4152 -
1690 4102 1927 4165 tardiore,
1951 4104 2019 4154 A.
2056 4103 2322 4165 tardiores,
2344 4104 2492 4153 Rad.
2530 4143 2595 4165 ,-

373 4187 472 4237 yer,
493 4173 593 4222 Βῐ.
631 4213 695 4222 ...
730 4174 923 4237 affectu,
946 4173 1036 4221 R1.
1075 4212 1138 4221 -
1173 4169 1414 4232 cadentes,
1437 4172 1487 4220 Β
1511 4167 1604 4229 (ex
1626 4169 1780 4233 corr.)
1818 4211 1880 4220 -.
1918 4172 2047 4231 πίεν,
2079 4172 2214 4220 Pint.
2253 4210 2315 4219 .-
2347 4168 2597 4234 fialyuris,

377 4240 467 4291 ad.
488 4238 732 4302 fulyorie‚
755 4240 821 4289 A.
843 4238 1090 4302 sulyores,
1113 4241 1176 4289 Β.
1216 4278 1277 4285 -
1316 4237 1539 4293 tonitrui,
1563 4238 1666 4288 Td.

445 4304 615 4367 §217.
675 4304 850 4366 Omnis,
890 4305 952 4354 R.
993 4346 1053 4353 -.
1091 4313 1269 4364 autem,
1310 4304 1399 4353 Ra
1439 4302 1697 4367 (Robert.)
1733 4305 1872 4366 enim,
1897 4305 2106 4356 ATdo.
2146 4345 2207 4353 -.
2245 4301 2595 4369 inundantque,
