2961 4861
422 344 541 404 148
1118 359 1524 405 NATURALIS
1571 359 1959 405 HISTORIAE

421 521 485 574 et
527 534 824 575 occasum
872 509 1300 587 solstitialem,
1357 510 1638 593 itemque
1694 510 1952 575 caecian
2006 509 2220 574 media
2262 511 2429 575 inter
2473 512 2655 595 aqui-

415 610 626 675 lonem
690 622 753 675 et
812 621 1101 676 exortum
1159 611 1686 693 aequinoctialem
1745 612 1826 676 ab
1884 622 2028 675 ortu
2084 611 2399 676 solstitiali
2416 661 2434 689 ,
2502 613 2656 677 item

416 713 789 797 phoenician
819 712 1029 777 media
1058 712 1317 797 regione
1346 712 1515 775 inter
1552 721 1760 775 ortum
1801 711 2151 776 brumalem
2196 723 2259 775 et
2299 712 2652 790 meridiem,

416 814 569 877 item
624 814 791 877 inter
839 813 970 877 liba
1015 821 1081 876 et
1135 820 1362 889 noton,
1436 811 1837 897 conpositum
1898 835 1978 875 ex
2032 823 2307 895 utroque
2373 814 2655 879 medium

415 914 583 976 inter
625 913 954 996 meridiem
1000 921 1065 976 et
1106 912 1442 976 hibernum
1488 912 1884 976 occidentem
1919 912 2265 977 libonoton.
2312 899 2461 978 'Nec
2488 914 2653 977 finis.

415 1011 551 1078 Alii
605 1013 845 1099 quippe
900 1035 1120 1091 mesen
1174 1012 1428 1077 nomine
1475 1014 1820 1077 etiamnum
1864 1013 2166 1077 addidere
2209 1014 2376 1078 inter
2415 1015 2654 1079 borean

386 1123 498 1194 ,et
524 1114 803 1191 caecian,
852 1123 917 1177 et
957 1114 1125 1177 inter
1169 1136 1393 1177 eurum
1434 1124 1783 1197 notumque
1830 1125 2197 1179 euronoton.
2261 1112 2430 1180 Sunt
2460 1116 2654 1180 etiam

417 1214 677 1297 quidam
722 1214 1073 1300 peculiares
1115 1214 1474 1297 quibusque
1515 1214 1816 1300 gentibus
1852 1215 2026 1279 venti
2054 1237 2183 1279 non
2213 1217 2379 1281 ultra
2408 1226 2655 1281 certum

414 1316 834 1400 procedentes
881 1326 1185 1392 tractum,
1243 1324 1317 1378 ut
1358 1314 1863 1379 Atheniensibus
1916 1316 2124 1380 sciron
2175 1307 2369 1401 paulo
2422 1318 2503 1382 ab
2548 1341 2652 1382 ar-

415 1427 597 1500 geste
629 1416 935 1494 deflexus,
981 1416 1263 1498 reliquae
1296 1412 1611 1480 Graeciae
1640 1416 1931 1501 ignotus3
1979 1416 2173 1481 aliubi
2215 1407 2440 1482 elatior
2479 1418 2650 1484 idem

415 1517 729 1601 olympias
782 1527 1066 1582 vocatur.
1144 1514 1560 1581 Consuetudo
1620 1517 1914 1582 omnibus
1971 1518 2071 1581 his
2126 1513 2492 1603 nominibus
2547 1543 2648 1584 ar-
2676 1538 2773 1606 221

415 1628 643 1702 gesten
699 1618 1020 1703 intellegi,
1084 1629 1149 1682 et
1203 1618 1461 1682 caecian
1523 1618 1721 1701 aliqui
1778 1630 2010 1683 vocant
2062 1619 2531 1705 hellespontian
2589 1632 2654 1686 et

417 1718 676 1782 eosdem
707 1719 814 1783 alii
845 1719 1048 1783 aliter.
1116 1718 1299 1782 Idem
1344 1719 1408 1781 in
1450 1717 1854 1783 Narbonensi
1897 1719 2224 1804 provincia
2269 1721 2653 1786 clarissimus

416 1830 755 1883 ventorum
813 1829 912 1883 est
967 1819 1119 1883 circi
1171 1842 1196 1878 a
1248 1841 1366 1883 nec
1409 1819 1543 1883 ullo
1596 1817 1661 1881 in
1686 1818 2006 1912 ¹*violentia
2047 1819 2342 1910 inferior,
2400 1818 2650 1916 OQ

415 1919 794 2003 plerumque
838 1930 1011 1983 recta
1054 1918 1394 2005 Ligustico
1437 1918 1598 1983 mari
1641 1919 2008 2003 perferens,
2061 1919 2234 1985 idem
2284 1915 2427 1985 non'
2462 1922 2653 1986 modo

418 2017 483 2083 in
540 2017 801 2100 reliquis
854 2019 1145 2104 partibus
1191 2019 1350 2083 caeli
1393 2006 1688 2105 ignotuS,
1750 2020 1866 2084 sed
1907 2043 1988 2085 ne
2030 2020 2348 2086 Viennam
2393 2022 2652 2105 quidem

421 2117 705 2182 eiusdem
734 2119 1097 2203 provinciae
1128 2119 1351 2183 urbem
1383 2111 1727 2205 attingens,
1773 2121 1994 2209 paucis
2033 2132 2180 2186 ante
2224 2122 2479 2190 milibus
2515 2123 2652 2209 iugi

417 2217 652 2283 modici
697 2241 966 2283 occursu
1009 2229 1223 2283 tantus
1267 2218 1371 2283 ille
1395 2231 1748 2284 ventorum
1793 2222 2124 2287 coercitus.
2179 2222 2269 2286 Et
2307 2234 2555 2289 austros
2582 2224 2651 2287 in

484 2428 693 2488 cateiam,
711 2429 761 2478 R
774 2429 836 2478 ²a
849 2430 882 2477 2.
921 2427 1146 2489 cancian,
1164 2429 1213 2478 R
1233 2430 1328 2478 ¹a¹.
1364 2426 1577 2489 calcian,
1597 2432 1643 2478 d.
1680 2428 1884 2490 taltiam,
1901 2430 1959 2480 P.
1998 2430 2147 2491 Quod
2165 2430 2417 2480 habebant
2431 2426 2516 2494 βγ
2539 2448 2650 2482 cae-

419 2497 557 2556 ciam,
582 2498 858 2546 emendavi.
898 2538 958 2544 .-.
996 2495 1216 2557 mediam,
1238 2498 1296 2546 P.
1338 2539 1397 2545 .-
1436 2500 1498 2547 ab
1532 2494 1637 2547 orni
1669 2495 1934 2556 solstitiali,
1960 2506 2258 2561 expungunt
2279 2499 2430 2558 Pint.‚
2453 2499 2650 2559 Doleo„

421 2561 634 2612 Salmas.
660 2579 821 2613 exerc.
846 2578 895 2626 p.
922 2570 1035 2614 883.
1062 2581 1105 2613 a.
1130 2566 1189 2613 F.
1219 2605 1280 2612 ,-
1307 2566 1429 2626 item,
1453 2567 1550 2615 R2.
1578 2565 1754 2615 Omitt.
1778 2561 2012 2628 Padssr.
2042 2606 2102 2613 -
2124 2564 2437 2629 phoenician,
2462 2567 2532 2615 ita
2555 2582 2651 2616 nos

421 2630 709 2692 scripsimus
746 2631 861 2678 coll.
893 2631 1157 2679 Aristotel.
1189 2633 1400 2681 Meteor.
1428 2638 1474 2692 2,
1504 2639 1548 2682 6.
1582 2648 1631 2694 p.
1659 2638 1806 2689 364³,
1833 2638 1878 2680 4.
1918 2631 2245 2696 phoeniceam
2276 2628 2334 2693 β.
2377 2632 2648 2696 poenicam,

421 2698 467 2744 d.
502 2695 759 2759 phoenica,
784 2699 928 2745 Rae.
959 2698 1151 2761 penica,
1175 2699 1232 2747 P.
1264 2698 1503 2761 peniram,
1529 2700 1591 2748 T.
1620 2700 1908 2762 phoenicem,
1931 2700 2088 2749 Hard.
2113 2713 2163 2763 r.
2208 2699 2327 2749 Vid.
2363 2700 2562 2749 Genelli
2595 2701 2648 2750 in

419 2762 595 2811 Wolfii
619 2764 785 2811 annal.
828 2769 875 2824 2,
918 2769 1031 2813 483.
1071 2804 1133 2811 -
1170 2767 1423 2827 mytonem,
1455 2768 1555 2815 R‘.
1596 2807 1657 2813 -.
1695 2766 1845 2832 libya,
1885 2768 1943 2816 P.
1985 2807 2045 2814 -
2084 2775 2237 2827 noton‚
2270 2784 2314 2816 a.
2351 2776 2521 2827 notam,
2546 2770 2646 2817 R¹.

421 2827 633 2890 nothum,
657 2830 842 2880 R2Pd.
882 2870 943 2877 ...
981 2829 1240 2891 libonoton‚
1264 2833 1545 2882 Pintia-nus.
1583 2833 1853 2894 libonotum,
1876 2834 1971 2883 R1.
2006 2832 2287 2895 libandum,
2312 2836 2399 2884 R2.
2436 2827 2659 2902 libanosls

421 2904 588 2957 totum,
614 2900 661 2945 d.
698 2907 743 2947 et
765 2896 864 2946 liba
888 2905 935 2946 et
958 2904 1112 2958 noton,
1138 2915 1182 2946 a.
1220 2906 1267 2947 et
1291 2899 1394 2949 liba
1417 2910 1463 2948 et
1486 2909 1615 2959 nota,
1639 2903 1697 2949 P.
1737 2941 1799 2948 -
1837 2918 2007 2961 mesen,
2044 2917 2088 2949 a.
2136 2916 2336 2962 mes-sen,
2372 2898 2475 2951 Rd.
2522 2918 2647 2950 mes-

418 2982 531 3026 sem,
554 2967 613 3015 P.
654 3005 715 3012 -
753 2966 1036 3025 etiamnunc,
1060 2968 1106 3014 d.
1143 2967 1425 3027 etiannum,
1450 2968 1513 3016 R.
1554 3008 1615 3014 -.
1653 2969 1858 3027 boream,
1883 2970 1929 3016 d.
1969 3009 2029 3016 -
2076 2977 2120 3016 et
2140 2968 2358 3029 caecian,
2383 2985 2427 3018 a.
2465 2977 2511 3016 et
2542 2968 2646 3018 cal-

418 3031 547 3093 cian,
571 3034 660 3082 R2.
696 3042 740 3082 et
761 3034 969 3093 calliam,
994 3035 1066 3082 (1².
1105 3042 1147 3081 et
1173 3031 1385 3094 talciam,
1408 3035 1466 3083 P.
1507 3034 1682 3083 Omitt.
1717 3034 1880 3083 R¹d¹.
1920 3076 1981 3082 -.
2016 3035 2211 3095 circum,
2245 3036 2302 3085 P.
2352 3077 2414 3084 .-.
2460 3044 2645 3085 notam·

418 3116 525 3161 que,
559 3101 702 3150 Rad.
751 3109 799 3149 et
822 3099 1033 3161 nothum,
1057 3103 1115 3150 P.
1154 3110 1197 3150 et
1220 3109 1382 3162 noton,
1404 3097 1503 3166 βγ.
1545 3143 1605 3150 -..
1644 3109 1925 3162 euronoton,
1950 3102 2022 3150 ita
2045 3118 2137 3152 nos
2166 3103 2467 3165 scripsimus.
2505 3118 2645 3152 euro·

415 3175 587 3228 notom,
629 3182 676 3216 σ.
733 3179 1020 3230 euronotum,
1062 3171 1210 3219 Rad.
1266 3170 1593 3229 euronothmn,
1633 3170 1692 3219 P.
1748 3210 1809 3216 ...
1865 3169 2025 3229 etiam,
2065 3170 2123 3218 P.
2169 3170 2305 3231 enim,
2339 3171 2541 3219 RTad.
2581 3211 2641 3219 -

413 3234 588 3294 sciron,
614 3235 760 3283 Rad.
799 3252 962 3299 syron,
988 3250 1034 3283 σ.
1074 3234 1287 3297 schir-on,
1312 3237 1518 3286 Robert.
1556 3237 1739 3298 chiron,
1761 3237 1820 3285 P.
1859 3277 1921 3284 ...
1954 3236 2116 3300 paulo,
2152 3237 2254 3286 RP
2267 3239 2385 3286 adr.
2425 3236 2644 3301 paulum,

411 3301 619 3349 Robert.
642 3296 742 3364 βγ.
782 3342 843 3349 .-
881 3312 1080 3365 eryeste,
1104 3305 1162 3352 P.
1191 3344 1251 3352 -
1291 3303 1533 3367 defluxus,
1559 3321 1604 3352 a.
1632 3345 1693 3352 -.
1732 3304 1962 3366 reliquae,
1989 3305 2151 3353 omitt.
2174 3305 2223 3352 R
2245 3305 2342 3352 ¹a'.
2371 3345 2432 3352 -.
2470 3303 2642 3365 aliubi,

411 3368 555 3414 Rad.
604 3365 799 3428 alicubi,
832 3369 890 3417 P.
936 3367 1058 3417 alibi
1089 3370 1182 3429 ubi,
1216 3387 1253 3418 r.
1305 3411 1365 3419 .-
1413 3370 1609 3431 elatior,
1642 3372 1731 3420 R2.
1779 3371 1945 3430 elator,
1979 3372 2067 3420 R'.
2116 3371 2288 3431 elatus,
2323 3373 2398 3421 ad
2422 3368 2479 3432 (d
2506 3388 2565 3419 as
2588 3372 2643 3419 in

409 3431 627 3494 rasura.)
663 3434 872 3495 delatus,
895 3437 954 3484 P.

477 3502 505 3561 ξ
535 3505 645 3548 121.
682 3500 757 3549 his
777 3500 1003 3560 omnibus,
1020 3501 1080 3549 P.
1101 3540 1161 3548 -
1185 3511 1432 3565 ame-scen,
1452 3506 1539 3553 ad.
1561 3512 1814 3566 arqestem,
1834 3506 1990 3555 RPo.
2015 3546 2075 3554 ....
2108 3504 2335 3569 intelleyi,
2353 3507 2458 3555 Ra.
2496 3504 2640 3555 intel-

410 3564 514 3628 liyi,
536 3569 614 3616 dr.
646 3565 896 3630 intelliyit,
920 3563 1023 3631 βγ.
1055 3567 1168 3616 Om.
1187 3569 1245 3617 P.
1274 3571 1609 3620 Accusativus
1630 3574 1938 3621 &infinitivo
1968 3578 2152 3635 pendet
2173 3573 2236 3623 ab
2255 3574 2513 3622 locutione
2530 3590 2639 3622 con-

390 3630 615 3683 ‘saetudo
634 3634 739 3683 scil.
764 3643 865 3697 est‚·
882 3636 980 3683 vid.
1002 3635 1066 3684 ad
1088 3640 1170 3697 32,
1193 3639 1270 3686 79.
1300 3677 1361 3685 .-
1389 3637 1604 3698 caician,
1628 3640 1689 3687 R.
1715 3638 1905 3701 chalan,
1923 3641 1980 3689 P.
2010 3681 2071 3688 -.
2098 3639 2347 3700 invocant,
2364 3641 2423 3689 P.
2453 3682 2514 3688 -
2541 3638 2639 3689 hel-

406 3700 694 3765 lespontian,
713 3703 802 3751 R2.
824 3700 1155 3765 hellespontia,
1174 3704 1315 3754 R'P.
1338 3701 1729 3766 hellespontiam,
1750 3707 1983 3771 STadr.
2004 3708 2355 3770 hellespontion,
2375 3721 2421 3755 σ.
2445 3748 2505 3755 -..
2526 3705 2637 3768 alii,

403 3769 509 3818 ΒΤ
529 3762 628 3819 θᾱ.
659 3770 793 3830 alibi,
811 3765 1007 3832 Passr.
1035 3810 1097 3817 -.
1123 3768 1262 3831 Item,
1281 3772 1488 3821 Robert.
1520 3813 1581 3820 -.
1609 3771 1721 3834 ullo,
1740 3775 1844 3823 ΒΤ
1863 3766 2039 3837 HPad
2069 3772 2328 3837 (Robert.)
2359 3773 2465 3834 alli,
2489 3770 2546 3835 β.
2573 3815 2635 3822 .-

405 3835 473 3896 in,
516 3837 621 3887 ΒΤ
638 3829 774 3888 θΡᾶ
814 3834 1075 3899 (Robert.)
1118 3838 1293 3888 Omitt.
1335 3834 1534 3902 Passr.
1591 3880 1653 3887 -
1708 3839 1818 3901 osci,
1861 3855 1907 3889 σ.
1945 3843 2259 3904 hostiamque,
2283 3842 2342 3891 P.
2383 3883 2443 3890 ...
2484 3850 2636 3902 recta,

403 3919 447 3951 a.
487 3912 627 3965 recto,
661 3906 946 3954 RTPdro
972 3900 1249 3968 (Robert.),
1298 3908 1450 3968 quod,
1484 3906 1603 3954 licet
1637 3914 1713 3955 tot
1737 3909 1969 3958 codicum
1991 3910 2286 3958 auctoritate
2310 3910 2560 3957 munitum
2586 3918 2638 3958 et

402 3986 433 4019 a
457 3972 663 4034 Papirio
689 3972 807 4034 Dig.
829 3978 909 4032 49,
933 3979 977 4031 1,
997 3978 1076 4022 21.
1102 3981 1152 4021 et
1178 3974 1400 4037 inscript.
1422 3973 1619 4023 Gruter.
1642 3980 1755 4035 611,
1777 3982 1853 4025 13.
1874 3985 2186 4039 usurpatum,
2210 3977 2431 4039 recipere
2466 3984 2634 4025 tamen

400 4052 503 4085 non
544 4055 656 4088 sum
697 4055 863 4088 ausae.
919 4080 981 4087 -
1035 4041 1228 4103 iynotus
1269 4051 1340 4090 est
1378 4039 1482 4102 sed,
1523 4042 1627 4091 ΒΤ
1646 4034 1857 4091 θΡειᾱι·
1881 4040 2067 4105 (Rob.)
2089 4057 2138 4107 r.
2180 4085 2241 4092 -.
2279 4043 2504 4103 eiusdem,
2531 4057 2632 4091 om.

397 4104 487 4152 R1.
516 4146 576 4153 ...
602 4106 815 4155 millibus
841 4103 933 4167 (sc.
960 4106 1241 4171 passuum),
1259 4111 1323 4158 K.
1362 4108 1479 4167 mili,
1506 4109 1581 4158 R2
1607 4105 1728 4170 (nisi
1752 4108 1947 4159 milibus
1972 4111 2023 4158 in
2048 4112 2221 4160 codice
2246 4108 2452 4172 exstat).
2490 4108 2640 4159 militi

399 4167 421 4230 (
425 4186 504 4220 an·
523 4173 753 4223 militibus
766 4173 831 4236 ἲ),
863 4173 959 4222 R‘.
1007 4174 1247 4235 limitibus,
1280 4178 1406 4226 Pad
1438 4175 1624 4238 (Rob.)
1654 4173 1754 4240 βγ.
1795 4218 1855 4225 .-.
1894 4176 2064 4237 medio,
2087 4179 2146 4227 P.
2186 4220 2247 4227 .-
2285 4194 2506 4233 occursu,
2530 4178 2634 4226 ΒΡ

397 4236 656 4301 (Robert.)
709 4256 961 4301 occur-suc,
1004 4242 1149 4291 Tad.
1206 4284 1266 4290 -
1325 4252 1588 4302 ventorum,
1630 4245 1817 4293 RPad
1860 4243 2119 4307 (Robert.)
2176 4255 2358 4304 ventus,
2401 4237 2515 4294 GK.
2566 4284 2627 4292 -

395 4304 648 4367 coercitus,
675 4306 752 4356 a¹.
797 4303 1001 4369 Circius,
1036 4309 1299 4358 TRPa2d
1333 4308 1594 4372 (Robcrt.)
1639 4320 1906 4369 coercetur,
1948 4304 2105 4376 8117.
2145 4354 2207 4361 .,.
2246 4322 2428 4371 auser-0,
2462 4313 2524 4361 R.
2564 4351 2627 4359 -.
