2961 4861
852 372 992 418 mn.
1025 372 1097 418 11.
1157 371 1311 418 cAP.
1345 372 1496 417 xm.
1529 373 1705 418 xvn.
1766 372 1959 420 snc'r.
1995 376 2053 417 13.
2086 375 2146 417 ιιι.
2495 359 2614 423 125

466 522 689 589 XVII.
769 526 866 587 14.
913 522 1201 586 Primum
1231 523 1428 611 igitur
1458 524 1727 601 dicatur,
1769 546 1883 589 cur
1910 524 2186 589 Veneris
2218 525 2397 589 stella
2423 548 2613 589 num·
2647 545 2709 590 72

383 648 575 709 quam
603 624 858 711 longius
888 641 1066 686 XLVI
1107 623 1419 708 partibus,
1463 622 1752 688 Mercuri
1797 643 1900 687 xx
1944 626 2027 690 ab
2072 625 2204 689 sole
2247 625 2616 704 abscedant,

383 746 576 811 saepe
621 726 781 790 citra
824 746 934 787 eas
979 725 1062 788 ad
1107 724 1303 789 solem
1345 725 1761 809 reciprocent.
1841 724 1953 791 Sic
1997 748 2340 791 conversas
2383 727 2621 792 habent

377 838 689 911 utraeque
753 824 1010 911 apsidas
1066 837 1139 889 ut
1188 825 1357 889 infra
1411 826 1608 890 solem
1663 827 1822 891 sitae
1846 875 1863 904 ‚
1932 837 2308 912 tantumque
2366 828 2619 895 circulis

380 950 597 993 earum
645 926 766 991 sub
809 936 980 990 terra
1023 936 1119 990 est
1163 937 1470 1009 quantum
1517 949 1790 1011 superne
1831 923 2326 1013 praedictarum,
2376 941 2440 994 et
2469 929 2618 994 ideo

377 1051 506 1093 non
548 1038 818 1112 possunt
861 1025 1087 1091 abesse
1132 1027 1429 1110 amplius,
1475 1027 1773 1110 quoniam
1810 1041 2149 1093 curvatura
2193 1030 2486 1114 apsidum
2528 1030 2619 1096 ibi

382 1152 510 1197 non
538 1129 732 1194 habet
759 1127 1224 1214 longitudinem
1251 1128 1574 1191 maiorem.
1631 1127 1809 1215 Ergo
1852 1129 2104 1214 utrique
2146 1130 2333 1194 simili
2374 1132 2620 1195 ratione

379 1229 641 1295 modum
687 1238 977 1293 statuunt
1030 1227 1326 1312 apsidum
1371 1249 1630 1292 suarum
1674 1229 1998 1315 margines
2041 1253 2117 1294 ac
2161 1233 2367 1315 spatia
2407 1232 2617 1320 longi-

382 1332 625 1397 tudinis
677 1330 1087 1398 latitudinum
1143 1330 1521 1417 evagatione
1574 1342 1866 1415 pensant.
1953 1331 2048 1396 At
2103 1332 2272 1396 enim
2325 1355 2440 1397 cur
2491 1355 2617 1397 non
2650 1348 2711 1393 73

381 1455 637 1519 semper
691 1432 775 1495 ad
829 1431 1256 1519 quadraginta
1313 1453 1428 1495 sex
1473 1443 1539 1496 et
1581 1432 1664 1496 ad
1706 1433 1909 1517 partis
1954 1433 2183 1520 viginti
2231 1434 2342 1497 tris
2385 1456 2615 1518 perve-

374 1535 606 1600 niunt?
672 1533 878 1596 Immo
909 1554 1081 1597 ver0.
1155 1529 1291 1596 Sed
1332 1533 1495 1597 ratio
1541 1534 1875 1598 canonicos
1920 1534 2101 1597 fallit.
2164 1532 2460 1619 Namque
2503 1536 2618 1598 ad-

373 1647 562 1723 paret
603 1634 859 1720 apsidas
904 1655 1160 1716 quoque
1206 1655 1425 1697 earum
1467 1634 1710 1701 moveri
1734 1680 1752 1709 ,
1799 1635 1972 1716 quod
2013 1655 2359 1716 numquam
2407 1647 2616 1699 trans-

377 1747 525 1803 eant
582 1737 799 1801 solem.
909 1733 1139 1817 Itaque
1206 1755 1351 1797 cum
1416 1734 1484 1798 in
1546 1743 1797 1819 partem
1862 1735 2067 1818 ipsam
2134 1735 2271 1797 eius
2335 1734 2616 1799 incidere

375 1837 697 1926 margines
742 1837 1048 1902 alterutro
1091 1835 1291 1900 latere
1315 1882 1333 1911 ,
1391 1844 1527 1897 tum
1580 1843 1644 1898 et
1699 1834 1917 1898 stellae
1960 1834 2043 1897 ad
2084 1833 2459 1921 longissima
2503 1858 2621 1899 sua

373 1938 707 2004 intervalla
749 1935 1086 2021 pervenire
1129 1935 1618 2021 intelleguntur3
1677 1956 1820 1999 cum
1868 1935 2026 1999 citra
2070 1935 2251 2001 fuere
2295 1937 2618 2024 margines

378 2040 645 2105 totidem
688 2038 981 2124 partibus
1006 2085 1023 2115 ‚
1086 2046 1151 2100 et
1192 2036 1372 2121 ipsae
1415 2037 1595 2101 ocius
1636 2036 1848 2101 redire
1893 2037 2241 2102 creduntur
2262 2085 2281 2115 ,
2343 2059 2490 2102 cum
2535 2038 2617 2101 sit

377 2139 485 2206 illa
517 2162 768 2225 semper
794 2139 1054 2222 utrique
1083 2138 1453 2204 extremitas
1501 2161 1769 2203 summa.
1834 2137 2011 2203 Hinc
2041 2149 2105 2203 et
2138 2139 2301 2203 ratio
2331 2150 2618 2203 motuum
2647 2152 2711 2198 74

378 2259 686 2308 conversa
726 2240 1150 2327 intellegitur3
1221 2239 1585 2325 superiores
1630 2239 1799 2304 enim
1844 2239 2170 2304 celerrime
2215 2240 2509 2304 feruntur
2550 2241 2616 2304 in

378 2366 613 2409 occasu
647 2342 1034 2428 vespertino,
1079 2341 1198 2406 hae
1244 2340 1624 2418 tardissime,
1670 2341 1815 2405 illae
1859 2364 1898 2404 a
1939 2352 2109 2406 terra
2149 2341 2454 2405 altissime
2499 2341 2615 2404 ab·

379 2456 528 2511 sunt
552 2494 569 2524 ‚
629 2467 774 2509 cum
820 2443 1184 2509 tardissime
1225 2453 1568 2506 moventur
1591 2489 1608 2519 ‚
1653 2442 1775 2505 hae
1799 2489 1816 2518 ,
1872 2464 2016 2505 cum
2061 2443 2375 2507 ocissime.
2446 2441 2619 2522 Quia

382 2547 547 2612 sicut
588 2547 655 2610 in
697 2544 822 2610 illis
865 2541 1313 2630 propinquitas
1359 2542 1561 2606 centri
1605 2540 1928 2606 adcelerat
1951 2590 1969 2619 ,
2015 2541 2107 2605 ita
2147 2541 2215 2605 in
2256 2541 2358 2607 his
2402 2555 2615 2607 extre-

380 2647 571 2710 mitas
618 2646 839 2713 circuli
865 2692 881 2723 ‚
940 2646 1086 2710 illae
1139 2642 1220 2708 ab
1275 2653 1505 2707 exortu
1546 2643 1857 2708 matutino
1899 2644 2185 2709 minuere
2230 2644 2616 2709 celeritatem

379 2846 577 2896 RPad.
618 2887 675 2894 ...
716 2846 944 2908 epriore,
977 2844 1248 2894 R²Pa²d.
1295 2858 1355 2892 ex
1371 2844 1556 2907 priore,
1580 2839 1681 2906 βγ.
1730 2842 1843 2893 Om.
1868 2845 1965 2905 R¹,
1998 2860 2224 2894 rasuram
2248 2845 2406 2893 habet
2428 2847 2508 2893 αἱ.
2549 2885 2611 2892 ,-

378 2913 657 2976 triquadro,
691 2915 750 2961 P.
789 2953 852 2960 .-.
888 2912 1139 2971 suberant,
1175 2911 1233 2960 P.
1260 2912 1332 2958 ’-
1373 2908 1510 2969 radi,
1542 2912 1592 2960 Β
1613 2914 1641 2959 “.
1682 2952 1741 2959 -
1791 2911 2000 2975 desuper
2031 2912 2248 2972 veniant,
2280 2913 2347 2961 K.
2385 2952 2448 2959 -
2497 2910 2613 2961 reli-

379 2994 603 3043 qum-unt,
628 2981 810 3029 mad.
847 2975 1099 3043 reliquam,
1124 2979 1172 3028 Β
1192 2980 1221 3027 ¹.
1258 2974 1478 3039 reliqua,
1502 2979 1562 3027 P.
2585 3030 2593 3036 ,

448 3044 478 3105 5
507 3049 586 3096 72.
623 3062 710 3095 cur
745 3046 949 3096 Veneris
974 3043 1136 3107 stella,
1162 3046 1208 3095 T
1227 3036 1269 3090 Θ
1301 3043 1379 3106 (et
1399 3045 1541 3092 varia
1571 3045 1723 3093 lectio
1750 3046 1861 3092 cod.
1887 3040 1958 3102 a).
1996 3060 2101 3092 cum
2137 3043 2343 3092 Veneris
2376 3040 2542 3104 stella,
2567 3046 2616 3093 Β

379 3111 461 3175 (in
486 3128 588 3175 quo
625 3113 825 3164 Veneris
848 3129 915 3163 ex
938 3121 1225 3162 correctura
1257 3118 1333 3160 est
1354 3111 1652 3172 inscriptum
1675 3104 1903 3169 rasurae)
1927 3110 2031 3159 Pd.
2075 3125 2181 3157 cum
2211 3110 2478 3158 universae
2502 3110 2615 3159 stel-

377 3181 470 3239 lae,
496 3197 541 3230 a.
588 3198 693 3231 cum
718 3183 818 3232 sint
840 3181 1107 3231 universae
1131 3175 1322 3236 stellae,
1348 3177 1536 3237 Rigalt.
1562 3177 1776 3227 Salmas.
1803 3190 1966 3224 exerc.
1992 3191 2041 3238 p.
2069 3180 2182 3225 530.
2208 3192 2254 3225 a.
2278 3176 2344 3224 D.
2388 3193 2494 3225 cum
2518 3176 2616 3226 sint

379 3247 607 3298 diversae
644 3245 946 3309 (universae,
969 3245 1020 3309 r)
1053 3245 1244 3305 stellae,
1283 3259 1376 3292 cur
1405 3241 1619 3292 Veneris
1651 3241 1812 3303 stella,
1844 3237 1933 3303 τβ.
1973 3283 2036 3290 .-.
2070 3242 2355 3304 XXXVI,
2388 3235 2509 3292 ΒΘ.
2550 3285 2612 3292 .-

371 3315 616 3379 partibus,
642 3331 744 3365 om.
780 3318 839 3366 P.
879 3354 941 3363 -.
980 3312 1220 3372 Mercuri,
1255 3313 1317 3361 Β.
1361 3308 1634 3369 Mercurii,
1659 3310 1856 3360 TPad.
1900 3309 2203 3373 Mercurius,
2237 3306 2338 3376 βγ.
2377 3352 2440 3359 .-
2476 3311 2612 3372 XX,

375 3383 483 3432 ΒΤ
500 3375 768 3432 OPadrc.
805 3379 985 3444 viqt‘nti
1006 3379 1182 3439 tribus,
1206 3374 1310 3442 βγ.
1336 3378 1410 3427 At
1430 3393 1478 3425 v.
1504 3378 1727 3438 Barbar.‚
1753 3378 1839 3441 qui
1865 3377 1893 3439 ξ
1918 3384 2000 3428 39.
2025 3394 2131 3427 non
2154 3387 2288 3428 recte
2311 3381 2414 3429 huc
2436 3379 2610 3429 referri

375 3453 539 3499 docet.
588 3490 650 3497 ..
706 3452 793 3508 ab,
828 3449 933 3498 Ra.
981 3465 1028 3504 a,
1061 3442 1258 3510 Ρᾶβγ.
1309 3485 1369 3493 ..
1416 3442 1703 3505 ascendant,
1734 3446 1793 3496 P.
1842 3487 1903 3494 -.
1951 3444 2024 3496 ad
2052 3447 2210 3507 solem,
2244 3448 2351 3497 Rd.
2397 3449 2459 3496 ab
2492 3445 2611 3508 sole,

372 3518 416 3567 P
435 3509 571 3563 Gar.
589 3556 650 3563 -
665 3515 1182 3579 reciprocent,RPad.
1202 3512 1307 3562 reci
1339 3528 1484 3561 rocae
1509 3512 1627 3575 sint,
1653 3505 1695 3559 Θ
1703 3530 1742 3563 r.
1756 3554 1818 3562 -..
1831 3510 1933 3574 Sic,
1953 3505 2008 3561 Θ.
2036 3513 2212 3564 Omitt.
2232 3510 2470 3575 RPadss
2518 3552 2529 3564 .
2546 3556 2608 3563 .-.
2699 3518 2702 3521 ’

373 3581 588 3643 circulis,
612 3583 712 3632 BP
723 3585 769 3631 d.
807 3580 1033 3641 circulum,
1059 3596 1104 3630 a.
1143 3530 1338 3640 circuli}
1354 3581 1462 3629 Κσ.
1491 3620 1553 3628 -..
1589 3582 1676 3630 sub
1702 3588 1856 3641 terra,
1875 3581 1980 3630 ΒΤ
1997 3572 2234 3630 GPadc.
2261 3584 2442 3642 subter,
2459 3529 2517 3643 [ἔ
2544 3622 2607 3630 ,-

374 3667 466 3700 cur
491 3658 686 3711 natura,
712 3663 760 3697 σ.
800 3651 869 3697 -’
899 3649 1108 3710 utrique,
1131 3640 1373 3698 Roadr.
1418 3657 1632 3709 utreque,
1655 3649 1714 3698 P.
1751 3658 1999 3711 utraeque,
2022 3643 2081 3709 β.
2129 3648 2390 3710 utrimque,
2413 3649 2463 3697 R
2482 3652 2515 3697 ².
2545 3689 2607 3697 -

375 3718 577 3779 modum,
600 3719 690 3766 ad.
728 3716 800 3765 ad
820 3716 1016 3775 modum,
1040 3716 1089 3764 Β
1106 3707 1290 3766 ΘΡτσ.
1330 3755 1392 3762 .-
1438 3714 1817 3779 ωαρηίταάίηεε,
1841 3716 1901 3764 P.
1941 3756 2004 3764 -
2043 3713 2459 3779 latitudinumqu'e,
2483 3717 2534 3765 Β
2549 3718 2585 3764 ².

443 3784 473 3845 ξ
503 3788 582 3835 73.
618 3800 724 3845 sex,
748 3785 797 3834 Β
821 3783 899 3845 (in
921 3780 1231 3843 correctura)
1254 3783 1356 3831 Pd.
1414 3796 1560 3844 quae,
1585 3798 1630 3832 a.
1670 3824 1731 3831 -
1769 3791 1887 3842 tres,
1909 3785 1973 3832 Β.
2028 3782 2204 3833 omitt.
2231 3783 2504 3832 TPadro.
2542 3824 2605 3831 -

302 3884 305 3885 ⁷
374 3851 642 3912 canonicos,
666 3852 820 3902 RST
837 3842 922 3899 Ga
940 3851 1013 3898 ¹d.
1061 3851 1313 3909 canonica,
1337 3850 1423 3898 Pa
1438 3843 1567 3913 ²ssr.
1607 3891 1670 3898 -
1690 3850 1839 3914 fallit
1859 3851 1944 3899 hoc
1963 3858 2039 3897 est
2061 3856 2301 3899 canonum
2324 3850 2607 3899 astronomi-

375 3936 535 3969 corum
556 3918 845 3979 conditores,
878 3910 933 3966 Θ.
970 3917 1087 3965 Vid.
1114 3916 1271 3966 Salm.
1297 3931 1461 3965 exerc.
1485 3917 1617 3966 Plin.
1644 3932 1692 3979 p.
1722 3922 1835 3966 521.
1859 3917 1908 3965 b.
1931 3916 1993 3966 G.
2029 3957 2090 3964 -.
2129 3917 2393 3981 appellare,
2416 3919 2466 3967 Β
2485 3920 2514 3966 ¹.
2542 3958 2606 3966 -

376 3984 569 4048 assides,
593 3988 652 4036 P.
692 4027 753 4034 ..
799 3993 1067 4046 transeant,
1091 3984 1350 4035 RTPad.
1398 3990 1636 4043 transeat,
1659 3979 1718 4044 β.
1758 4023 1818 4031 -
1869 3990 1983 4042 tum,
2006 3984 2188 4032 R²ad.
2234 3999 2356 4044 cum,
2381 3986 2478 4034 R'.
2527 3992 2606 4034 ta-

373 4071 492 4115 men,
523 4055 581 4104 P.
623 4094 677 4102 ..
724 4052 942 4114 totidem,
987 4067 1089 4101 om.
1123 4052 1221 4101 13¹.
1262 4055 1324 4099 5-
1360 4060 1428 4110 et,
1465 4065 1567 4099 om.
1598 4050 1656 4099 P.
1698 4090 1758 4098 ..
1794 4058 2048 4115 coquntur,
2083 4050 2369 4101 STPadr.
2423 4062 2606 4116 coquat,

374 4123 437 4172 Β.
477 4163 539 4170 -.
577 4122 695 4182 sint,
718 4137 764 4170 a.
792 4148 865 4170 --..
903 4120 1179 4183 utriusque,
1203 4119 1344 4168 Td2.

444 4189 475 4249 δ
503 4194 582 4240 74.
619 4198 933 4250 motuumque,
954 4189 1015 4238 P.
1056 4228 1116 4236 -.
1153 4187 1288 4247 haec,
1312 4199 1360 4234 σ.
1409 4182 1511 4245 hec,
1534 4185 1594 4234 P.
1635 4226 1695 4233 ...
1735 4194 1943 4246 aeterne,
1967 4186 2064 4235 R‘.
2105 4227 2166 4235 ..-
2204 4187 2383 4249 absint,
2407 4188 2503 4237 R1.
2546 4231 2606 4238 -

376 4259 544 4317 ociose,
567 4258 628 4307 P.
668 4297 728 4304 -
766 4265 896 4315 ortu,
928 4258 988 4306 P.
