2961 4861
458 344 614 386 LXVI
1384 340 1763 383 PRAEFATIO.

461 496 689 572 possint
727 495 983 571 expediri
999 536 1014 567 ‚
1061 496 1296 554 nomina
1339 492 1577 555 Graeca
1617 493 1745 554 dico
1790 501 1851 551 et
1889 490 2126 550 nomina
2162 491 2425 569 propria,
2457 508 2722 567 quorum

460 612 841 678 utrorumque
878 604 1029 662 ratio
1067 611 1295 663 tantum
1322 604 1415 662 jad
1458 603 1654 662 crisim
1696 600 2166 683 coniecturalem,
2198 607 2483 673 quantum
2510 601 2589 659 ad
2617 603 2723 660 di-

458 715 836 790 plomaticam
886 713 1125 771 accedit.
1190 711 1274 769 Et
1323 709 1555 770 Graeco
1606 711 1839 785 quidem
1878 712 2151 768 sermone
2189 708 2450 767 Plinium
2492 717 2617 768 tam
2655 710 2723 767 in

461 825 713 898 singulis
742 823 987 882 vocibus
1041 839 1216 896 quam
1245 820 1306 878 in
1332 820 1472 878 totis
1510 819 1901 878 locutionibus
1939 836 2117 899 usum
2153 816 2337 876 fuisse
2375 836 2550 876 nemo
2577 836 2722 876 um-

463 950 644 1006 quam
673 930 957 988 dubitarit
997 948 1188 1004 neque
1216 929 1480 988 dubitare
1507 929 1702 1005 potuit
1721 928 1849 1002 qui,
1894 933 1963 984 ut
1988 926 2470 1002 pauca‘quidem,
2512 927 2620 991 sed
2647 945 2727 986 ea

460 1039 813 1116 gravissima
833 1039 1093 1111 afferam,
1115 1037 1491 1119 praefationis
1511 1036 1947 1120 paragraphum
1962 1031 2089 1107 23.,
2105 1043 2233 1115 tum
2258 1029 2723 1113 ἀναπαυόμενον

463 1145 522 1222 2,
550 1144 716 1221 228.,
746 1143 965 1228 ἀψῖδας
986 1145 1048 1220 2,
1075 1143 1199 1220 62.,
1233 1141 1431 1228 βαθέα
1461 1144 1523 1219 2,
1555 1142 1724 1218 223.,
1751 1139 1918 1204 δόκοι
1940 1142 2000 1219 2,
2034 1141 2160 1216 96.,
2193 1140 2588 1224 κορυβαντιᾶν
2614 1141 2720 1218 11,

467 1253 635 1329 147.,
668 1250 908 1314 ἐνέκαεν
940 1253 1044 1329 35,
1079 1253 1249 1328 122.,
1283 1250 1343 1313 ἐν
1375 1251 1586 1334 κήποις
1614 1250 1718 1328 36,
1755 1250 1879 1327 13.,
1914 1249 2195 1331 ἐπιτομὴν
2225 1252 2343 1311 τῶν
2372 1249 2723 1333 ῥιζοτομου-

460 1359 672 1444 ,μένων
704 1361 811 1438 20,
843 1361 1012 1439 214.,
1043 1357 1363 1443 κεχηνότος
1391 1358 1682 1430 Διονύσου
1713 1359 1775 1435 8,
1809 1358 1911 1423 58.
1953 1371 2011 1421 et
2037 1362 2277 1438 plenum
2306 1362 2724 1432 hexametrum

468 1472 573 1547 27,
609 1471 751 1535 100.
782 1477 1133 1534 considerat.
1178 1474 1382 1532 Pauca
1408 1460 1612 1532 tamen
1632 1491 1703 1531 ea
1730 1479 1919 1544 erant,
1950 1481 2009 1530 et
2035 1472 2096 1532 in
2133 1472 2337 1548 paucis
2378 1472 2496 1530 illis
2538 1473 2725 1532 Plinii

464 1603 638 1644 usum
666 1585 952 1681 sermonis
997 1581 1211 1644 Graeci
1237 1601 1366 1642 sese
1405 1583 1763 1642 continuisse
1805 1582 2089 1657 suspicari
2127 1581 2376 1652 licebat3
2416 1581 2536 1640 iam
2577 1600 2721 1641 vero

474 1695 690 1753 scimus
716 1694 906 1753 multo
941 1693 1335 1778 liberaliorem
1373 1688 1486 1752 liae
1526 1693 1590 1750 in
1620 1710 1685 1751 re
1714 1689 1974 1750 Plinium
2003 1691 2207 1750 fuisse.
2250 1690 2370 1748 Per
2417 1691 2722 1766 fragmen-

471 1811 599 1862 tum
657 1804 813 1862 enim
870 1801 1429 1880 Pseudo-Appuleii
1476 1821 1538 1878 p.
1589 1800 1760 1860 XLI.
1828 1808 2348 1860 commemoratum
2397 1800 2721 1860 certissime

467 1912 683 1972 scimus
710 1912 1101 1989 plurimorum
1128 1913 1468 1980 morborum
1497 1918 1559 1970 et
1584 1910 1925 1987 plantarum
1952 1910 2191 1969 nomina
2223 1907 2494 1979 ‚Plinium
2524 1907 2722 1968 Grae-

470 2039 570 2080 cos
608 2020 957 2096 plerumque
996 2021 1188 2079 fontes
1227 2029 1496 2080 secutum
1540 2017 1769 2080 Graeco
1810 2039 2075 2079 sermone
2122 2019 2374 2079 edidisse
2425 2016 2513 2095 (v.
2566 2037 2721 2093 quae

467 2131 725 2190 diximus
748 2132 809 2189 in
831 2131 1239 2205 quaestionum
1260 2130 1668 2189 Plinianarum
1692 2148 1847 2208 spec.
1870 2131 1923 2189 I.
1948 2150 2009 2206 p.
2036 2123 2364 2210 14-21.),
2388 2147 2539 2203 quae
2565 2147 2726 2187 nunc

466 2240 696 2298 Latinis
725 2241 1030 2299 elementis
1059 2241 1277 2317 scripta
1302 2240 1363 2298 in
1391 2241 1659 2298 omnibus
1689 2240 1979 2300 codicibus
2008 2246 2264 2310 exstant.
2334 2236 2582 2298 Summa
2606 2238 2722 2314 igi-

469 2357 571 2408 tur
599 2369 733 2409 cum
762 2349 1173 2428 probabilitate
1211 2349 1490 2408 coniicere
1517 2367 1833 2426 possumus
1848 2391 1867 2421 ‚
1912 2349 1973 2406 in
2013 2349 2283 2408 omnibus
2321 2348 2393 2409 iis
2421 2349 2590 2419 locis,
2621 2347 2726 2406 ubi

469 2461 702 2520 Plinius
743 2460 939 2520 verbis
979 2462 1132 2537 quod
1174 2458 1384 2519 Graeci
1419 2462 1618 2520 dicunt
1657 2460 1757 2519 vel
1796 2459 2081 2519 similibus
2124 2477 2268 2518 usus
2297 2468 2416 2530 est,
2472 2455 2724 2524 Graecis

472 2589 608 2630 eum
647 2570 945 2630 elementis
983 2587 1158 2628 usum
1195 2567 1412 2638 fuisse3
1452 2576 1518 2626 at
1545 2569 1684 2643 ‚quis
1724 2568 1881 2626 ausit
1919 2570 2032 2628 hac
2081 2568 2488 2647 probabilitate
2534 2568 2725 2627 fretus

377 2670 395 2688 ⁸
475 2679 742 2737 omnibus
782 2678 901 2736 illis
938 2679 1001 2735 in
1039 2679 1187 2737 locis
1228 2696 1556 2737 sermonem
1596 2675 1891 2736 Graecum
1932 2676 2283 2737 restituere?
2325 2678 2729 2754 Exspectandi

477 2795 627 2847 sunt>
643 2786 870 2846 codices
899 2786 1001 2860 qui
1026 2788 1153 2848 hac,
1167 2787 1343 2845 etiam
1369 2787 1433 2845 in
1459 2806 1525 2845 re
1555 2788 1790 2845 saniora
1811 2805 1987 2861 quam
2007 2790 2313 2863 hucusque
2334 2787 2533 2847 collati
2552 2788 2726 2847 exhi-

477 2900 636 2970 bent,
667 2903 728 2953 et
753 2896 956 2972 paucis
985 2896 1161 2954 modo
1187 2895 1249 2953 in
1274 2895 1420 2954 locis
1448 2896 1790 2971 prudentior
1810 2897 2046 2956 criticus
2067 2897 2330 2973 vestigiis
2353 2898 2617 2956 codicum
2638 2896 2728 2956 in·

479 3008 692 3067 sistens
716 3026 754 3064 a
772 3005 1015 3084 vulgata
1034 3005 1324 3082 scriptura
1345 3006 1616 3064 recedere
1637 3005 1963 3078 sustinebit,
1982 3008 2071 3076 uti
2087 3008 2212 3083 ipse
2233 3023 2345 3081 ego
2367 3001 2474 3078 32,
2489 3001 2593 3066 50.
2616 3026 2728 3082 pro

480 3118 722 3194 vulgato
751 3137 897 3194 quas
931 3115 1141 3177 Graeci
1158 3117 1420 3193 phrynos
1441 3124 1645 3176 vocant
1663 3134 1781 3173 non
1803 3115 2057 3174 multum
2078 3091 2285 3175 aberat
2303 3115 2445 3191 quin
2469 3110 2730 3195 φρύνους

483 3228 822 3297 scriberem,
866 3244 1001 3284 cum
1041 3226 1105 3283 in
1143 3224 1199 3284 B
1239 3225 1474 3302 legatur
1503 3227 1791 3302 phi-quus,
1834 3242 2191 3301 quamquam
2229 3225 2376 3284 haec
2401 3224 2729 3283 litterarum

481 3335 835 3411 permutatio
877 3353 953 3391 ex
990 3334 1224 3409 vulgari
1264 3353 1460 3393 errore
1487 3334 1674 3409 repeti
1701 3340 1913 3410 potest.
1956 3333 2260 3394 Difficilior
2288 3333 2465 3392 etiam
2491 3333 2609 3392 fuit
2631 3353 2730 3393 res

483 3444 549 3501 in
575 3442 908 3501 nominibus
935 3441 1211 3516 propriis,
1240 3443 1314 3499 de
1341 3459 1594 3517 quorum
1615 3444 2015 3502 emendatione
2034 3443 2096 3501 in
2117 3443 2457 3503 universum
2475 3443 2731 3518 pruden-

487 3551 712 3610 tissime
755 3551 985 3608 monuit
1010 3550 1401 3609 Iacobsius
1441 3548 1689 3626 praefat.
1733 3552 1811 3609 ad
1838 3551 2074 3610 Aelian.
2102 3553 2241 3609 hist.
2270 3552 2448 3610 anim.
2478 3552 2555 3609 T.
2585 3552 2637 3610 I.
2667 3570 2730 3627 p.

492 3659 708 3719 XXX.
767 3657 923 3719 Cum
963 3659 1186 3717 dudum
1228 3658 1432 3717 multis
1470 3660 1756 3736 exemplis
1797 3661 1875 3720 sit
1927 3663 2369 3736 comprobatum
2414 3661 2477 3719 in
2524 3661 2732 3719 eodem

489 3771 724 3829 nomine
752 3768 989 3847 proprio
1020 3767 1322 3826 scribendo
1353 3775 1579 3827 veteres
1608 3770 1927 3845 scriptores
1956 3787 2073 3828 non
2102 3788 2332 3847 semper
2360 3770 2474 3829 sibi
2514 3770 2734 3829 consti·

492 3880 631 3938 tisse
662 3877 749 3955 (v.
781 3880 855 3937 ad
885 3875 989 3949 34,
1041 3870 1240 3957 148.)‚
1284 3875 1487 3936 invitis
1530 3878 1823 3937 codicibus
1859 3879 1919 3937 in
1959 3879 2294 3938 nominibus
2334 3880 2597 3939 virorum
2637 3881 2737 3939 vel

492 3988 845 4046 feminarum
894 3987 977 4046 nil
1024 3986 1341 4047 admodum
1389 3987 1651 4059 mutavi,
1701 3988 1789 4047 uti
1814 3990 1990 4047 etiam
2018 3989 2410 4048 mutationum
2436 3988 2736 4048 rarissime

494 4098 671 4156 modo
698 4098 1011 4159 necessitas
1038 4115 1169 4159 esse
1199 4098 1506 4159 videbatur
1517 4116 1536 4169 ;
1577 4097 1831 4157 maiores
1871 4098 2235 4166 difficultates
2272 4098 2596 4159 offerebant
2630 4116 2736 4157 no·-
