2961 4861
789 355 929 400 LIB.
962 355 1034 400 11.
1094 353 1248 400 cAP.
1283 354 1431 399 xv1.
1465 354 1642 399 xvn.
1704 353 1897 400 sEc'r.
1933 356 1991 397 13.
2024 355 2084 397 14.
2433 338 2552 402 125

385 505 627 573 XVH.
707 509 804 570 14.
851 505 1138 569 Primum
1168 504 1366 592 igitur
1396 504 1664 581 dicatur,
1706 527 1820 569 cur
1848 504 2128 569 Veneris
2156 504 2336 569 stella
2362 528 2551 569 num-
2586 523 2648 568 72

290 631 514 692 quam
541 608 797 694 longius
827 623 1004 669 XLVI
1045 605 1357 690 partibus,
1401 603 1690 669 Mercuri
1734 623 1838 668 xx
1882 606 1965 670 ab
2010 605 2142 669 sole
2185 605 2553 682 abscedant,

291 729 515 795 saepe
560 709 718 773 citra
763 728 873 770 eas
917 707 1000 770 ad
1045 706 1241 772 solem
1283 707 1699 791 reciprocent.
1779 704 1891 771 Sic
1936 728 2279 771 conversas
2322 707 2559 771 habent

284 821 628 893 utraeque
692 807 949 894 apsidas
1004 818 1079 871 ut
1127 807 1296 871 iufra
1350 807 1548 871 solem
1602 807 1761 871 sitae
1785 855 1802 884 ,
1872 818 2246 892 tantumque
2305 808 2558 873 circulis

289 933 535 976 earum
584 909 705 974 sub
750 920 919 974 terra
962 918 1060 973 est
1103 918 1411 991 quantum
1454 929 1729 992 superne
1771 903 2265 992 praedictarum,
2315 921 2380 973 et
2408 908 2557 973 ideo

285 1034 435 1078 non
487 1021 757 1095 possunt
802 1008 1028 1072 abesse
1072 1008 1368 1092 amplius,
1415 1009 1712 1090 quoniam
1749 1020 2088 1073 curvatura
2132 1009 2427 1095 apsidum
2469 1010 2559 1074 ibi

293 1136 442 1181 non
475 1113 673 1177 habet
698 1108 1164 1197 longitudinem
1191 1109 1513 1173 maiorem.
1570 1108 1749 1195 Ergo
1790 1110 2045 1194 utrique
2085 1110 2272 1174 simili
2313 1111 2559 1174 ratione
2645 1175 2650 1178 ,
2737 1173 2743 1191 ,

290 1214 581 1280 111οᾱ11111
628 1220 919 1275 statuunt
970 1208 1265 1294 apsidum
1310 1231 1570 1273 suarum
1613 1209 1938 1296 margines
1982 1233 2057 1274 ac
2100 1211 2307 1295 spatia
2347 1211 2557 1299 longi-

295 1316 565 1381 tudinis
618 1312 1027 1381 latitudinum
1083 1311 1460 1399 evagatione
1514 1322 1806 1396 pensant.
1893 1311 1988 1376 At
2043 1312 2212 1376 enim
2266 1334 2380 1376 cur
2430 1333 2557 1375 non
2590 1327 2651 1372 73

296 1438 578 1501 semper
632 1415 716 1478 ad
769 1413 1196 1500 quadraginta
1253 1434 1367 1476 sex
1412 1423 1478 1476 et
1520 1412 1604 1476 ad
1646 1413 1849 1497 partis
1894 1413 2124 1500 viginti
2171 1413 2283 1476 tris
2326 1434 2557 1497 perve-

288 1518 546 1584 niunt?
612 1516 818 1579 Immo
849 1535 1020 1579 vero.
1095 1511 1230 1577 Sed
1272 1513 1434 1578 ratio
1479 1514 1815 1578 canonicos
1861 1513 2041 1577 fallit.
2105 1511 2399 1598 Namque
2444 1513 2558 1577 ad-

290 1630 501 1706 paret
543 1617 799 1703 apsidas
843 1637 1100 1698 quoque
1146 1637 1365 1678 earum
1407 1614 1650 1682 moveri
1675 1661 1692 1691 ‚
1739 1615 1913 1696 quod
1953 1635 2300 1696 numquam
2348 1626 2558 1678 trans-

293 1731 464 1787 eant
521 1721 739 1784 solem.
849 1715 1080 1798 Itaque
1146 1737 1292 1779 cum
1356 1716 1424 1779 in
1487 1725 1738 1799 partem
1801 1715 2008 1798 ipsam
2075 1714 2211 1777 eius
2275 1714 2558 1779 incidere

294 1820 638 1908 margines
682 1818 988 1882 alterutro
1031 1817 1231 1882 latere
1255 1863 1272 1892 ,
1331 1825 1466 1878 tum
1520 1825 1586 1879 et
1639 1815 1858 1879 stellae
1901 1814 1985 1877 ad
2025 1814 2400 1900 longissima
2444 1838 2562 1879 sua

291 1920 649 1986 intervalla
690 1917 1028 2003 pervenire
1070 1916 1559 2003 intelleguntur3
1618 1938 1761 1979 cum
1808 1915 1967 1979 citra
2011 1915 2192 1979 fuere
2236 1917 2559 2003 margines

298 2022 586 2088 totidem
630 2019 922 2105 partibus
947 2066 964 2096 ‚
1028 2028 1093 2082 et
1134 2017 1313 2102 ipsae
1356 2017 1536 2082 ocius
1578 2017 1789 2082 redire
1834 2017 2182 2083 creduntur
2203 2064 2222 2094 ,
2284 2039 2431 2081 cum
2476 2017 2560 2080 sit

298 2121 421 2189 illa
455 2143 710 2206 semper
736 2121 995 2204 utrique
1025 2119 1395 2184 extremitas
1441 2141 1710 2182 summa.
1775 2117 1952 2183 Hinc
1982 2129 2046 2184 et
2080 2119 2242 2182 ratio
2272 2130 2559 2182 motuum
2588 2131 2652 2177 74

300 2242 635 2312 conversa
666 2221 1092 2312 intellegitur3
1162 2220 1526 2305 superiores
1571 2220 1740 2284 enim
1785 2220 2113 2285 celerrime
2156 2219 2451 2283 feruntur
2491 2220 2559 2284 in

298 2348 554 2393 occasu
588 2323 987 2408 vespertino,
1020 2322 1140 2386 hae
1185 2321 1565 2399 tardissime,
1611 2321 1756 2385 illae
1800 2344 1839 2384 a
1880 2332 2050 2386 terra
2091 2321 2396 2384 altissime
2441 2320 2557 2384 ab·

303 2439 468 2495 sunt
492 2476 509 2505 ,
570 2449 715 2492 cum
761 2423 1125 2490 tardissime
1166 2434 1509 2487 moventur
1532 2470 1549 2499 ,
1592 2422 1716 2486 hae
1741 2470 1758 2499 ,
1813 2445 1957 2486 cum
2002 2422 2317 2487 ocissime.
2388 2419 2561 2501 Quia

307 2531 488 2595 sicut
530 2528 597 2591 in
639 2526 763 2592 illis
806 2523 1255 2611 propinquitas
1300 2524 1503 2588 centri
1548 2521 1869 2586 adcelerat
1893 2570 1910 2599 ,
1956 2521 2049 2585 ita
2090 2521 2157 2585 in
2198 2521 2300 2587 his
2344 2533 2557 2587 extre-

307 2630 512 2693 mitas
560 2627 781 2694 circuli
807 2674 823 2705 ‚
882 2627 1027 2691 illae
1081 2623 1162 2689 ab
1218 2635 1444 2689 exortu
1487 2623 1799 2688 matutino
1841 2624 2127 2689 minuere
2172 2624 2558 2689 celeritatem

309 2829 518 2879 BPad.
559 2869 617 2876 ...
657 2845 682 2876 e
703 2827 886 2890 priore,
919 2825 1190 2875 R²Pa²d.
1237 2839 1297 2873 ex
1313 2825 1499 2888 priore,
1523 2819 1623 2886 βγ.
1672 2822 1785 2873 Om.
1810 2825 1858 2874 Β
1877 2826 1908 2884 ¹,
1940 2839 2167 2873 rasuram
2190 2824 2348 2872 habet
2371 2826 2450 2872 a¹.
2491 2864 2554 2871 ..

309 2895 599 2958 triquadro,
632 2897 692 2943 P.
730 2935 793 2942 -.
829 2894 1081 2952 suberant,
1117 2892 1175 2941 P.
1200 2892 1274 2939 *-
1315 2889 1450 2950 radi,
1485 2892 1534 2941 Β
1555 2894 1584 2939 ¹.
1624 2932 1683 2939 .-.
1733 2891 1942 2955 desuper
1973 2890 2192 2951 veniant,
2222 2892 2289 2940 K.
2327 2931 2390 2938 -
2439 2889 2584 2941 reli-ff

311 2976 543 3026 quarum,
568 2962 751 3011 wad.
787 2958 1041 3024 reliquam,
1066 2960 1115 3009 R
1134 2960 1163 3007 ¹.
1201 2955 1420 3020 reliqua,
1444 2960 1504 3006 P.
2527 3009 2535 3015 ,

385 3028 417 3088 5
448 3031 526 3079 72.
564 3044 652 3078 cur
686 3028 892 3078 Veneris
916 3024 1078 3088 stella,
1104 3027 1150 3075 Τ
1169 3017 1211 3071 Θ
1243 3024 1321 3087 (et
1341 3026 1484 3073 varia
1513 3025 1666 3073 lectio
1693 3026 1803 3073 cod.
1829 3021 1901 3083 a).
1939 3040 2044 3071 cum
2080 3022 2286 3071 Veneris
2319 3020 2485 3082 stella,
2509 3024 2558 3073 Β

313 3094 401 3158 (in
427 3111 529 3158 quo
566 3095 767 3146 Veneris
790 3111 857 3145 ex
879 3102 1167 3144 correctura
1199 3101 1276 3141 est
1297 3092 1595 3153 inscriptum
1617 3087 1846 3149 rasurae)
1870 3091 1914 3138 P
1927 3092 1974 3138 d.
2018 3105 2125 3137 cum
2155 3089 2420 3137 universae
2445 3089 2558 3138 stel-

312 3164 412 3222 lae,
438 3180 483 3212 a.
530 3180 635 3213 cum
660 3165 761 3213 sint
783 3162 1050 3212 universae
1073 3156 1264 3218 stellae,
1290 3159 1479 3218 Rigalt.
1505 3157 1719 3207 Salmas.
1745 3170 1909 3204 exerc.
1935 3170 1985 3217 p.
2013 3160 2125 3204 530.
2151 3171 2198 3204 a.
2221 3156 2286 3204 D.
2331 3172 2437 3204 cum
2461 3155 2559 3205 sint

313 3229 550 3280 diversae
587 3227 888 3291 (universae,
911 3226 962 3290 r)
995 3226 1187 3286 stellae,
1226 3240 1318 3273 cur
1348 3222 1562 3274 Veneris
1594 3220 1755 3282 stella,
1788 3217 1876 3283 τβ.
1916 3263 1978 3270 .-
2013 3221 2298 3283 XXXVI,
2332 3215 2452 3272 ΒΘ.
2493 3264 2555 3271 .-

307 3297 560 3361 partibus,
586 3314 688 3347 om.
723 3299 782 3348 P.
822 3335 884 3344 -.
923 3293 1163 3353 Mercuri,
1198 3294 1260 3342 Β.
1304 3289 1577 3348 Mercurii,
1602 3290 1799 3339 TPad.
1843 3287 2146 3351 Mercurius,
2180 3285 2281 3355 βγ.
2320 3331 2383 3338 .-.
2418 3290 2555 3351 ΧΧ,

311 3365 427 3413 ΒΤ
444 3356 538 3413 ΘΡ
550 3368 655 3414 adr
665 3378 711 3413 σ.
748 3361 927 3425 viyinti
949 3360 1125 3420 tribus,
1149 3355 1253 3423 βγ.
1277 3359 1354 3408 At
1373 3373 1421 3406 V.
1446 3358 1671 3417 Barbam,
1697 3358 1782 3420 qui
1808 3356 1836 3418 ξ
1861 3363 1943 3407 39.
1967 3373 2074 3406 11οῃ
2097 3366 2231 3406 recte
2254 3359 2357 3407 huc
2379 3357 2553 3407 referri

316 3433 484 3479 docet.
532 3471 594 3479 ...
650 3433 737 3489 ab,
773 3432 876 3479 Ra.
924 3446 971 3485 a,
1004 3422 1202 3491 Ρᾶβγ.
1251 3466 1311 3474 -.
1359 3423 1646 3484 ascendant,
1678 3426 1737 3475 P.
1784 3466 1846 3473 -
1895 3422 1966 3474 ad
1995 3426 2153 3485 solem,
2188 3426 2294 3475 Rd.
2340 3427 2402 3474 ab
2436 3424 2554 3486 sole,

313 3498 362 3546 P
381 3489 516 3545 Gar.
533 3538 593 3545 .-
610 3496 1126 3561 νωίρνοοεπῂΒΡαᾶ.
1145 3493 1426 3558 reciprocae
1451 3492 1571 3554 sint,
1597 3484 1760 3542 Gr.—
1774 3489 1875 3553 Sic,
1896 3484 1951 3540 Θ.
1979 3491 2155 3542 Omitt.
2175 3488 2413 3553 ΒΡαᾶβ
2461 3530 2473 3543 .
2489 3534 2552 3541 .-
2641 3498 2646 3501 “

315 3563 532 3625 circulis,
557 3565 714 3614 RPd.
750 3561 976 3623 circulus,
1002 3577 1047 3611 a.
1086 3559 1280 3621 circuli,
1297 3562 1406 3610 Κσ.
1433 3599 1496 3608 -.
1533 3562 1619 3610 sub
1646 3569 1798 3621 terra,
1818 3560 1922 3610 ΒΤ
1940 3551 2177 3610 GPadc.
2203 3563 2385 3620 subter,
2449 3596 2461 3608 .
2488 3601 2551 3608 -

315 3647 412 3680 cur
436 3640 630 3692 natura,
656 3645 704 3677 σ.
744 3633 811 3679 .-’
842 3631 1051 3692 utrique,
1075 3631 1124 3680 Β
1140 3620 1316 3678 Gadr.
1361 3637 1576 3689 utreque,
1599 3629 1657 3677 P.
1694 3637 1942 3691 utraeque,
1965 3622 2024 3687 β.
2072 3626 2333 3689 utrimque,
2357 3627 2406 3676 R
2426 3631 2458 3676 ².
2489 3668 2552 3675 -.

315 3699 521 3760 modum,
544 3702 634 3748 ad.
671 3698 743 3747 ad
763 3698 960 3757 modum,
983 3698 1034 3746 Β
1050 3688 1092 3742 Θ
1100 3698 1234 3746 Ρ1·σ·.
1272 3736 1335 3743 -.
1381 3694 1761 3760 maynitudinoe,
1784 3696 1844 3744 P.
1884 3735 1947 3743 -
1986 3692 2403 3758 latitudinumqu'e,
2427 3695 2478 3743 Β
2494 3696 2529 3742 ².

387 3765 417 3826 ξ
447 3769 526 3817 73.
562 3782 667 3827 sex,
691 3767 740 3816 R
764 3766 842 3827 (in
865 3761 1174 3825 correctura)
1196 3764 1299 3813 Pd.
1358 3777 1503 3826 quae,
1529 3779 1573 3811 a.
1613 3804 1674 3811 -
1711 3772 1829 3822 tres,
1854 3764 1916 3812 Β.
1971 3761 2148 3812 Omitt.
2174 3762 2448 3811 TPadrc.
2486 3802 2549 3810 .-

316 3833 587 3895 canonicos,
610 3833 763 3884 RST
781 3824 866 3882 Ga
884 3835 956 3881 ¹d.
1005 3832 1256 3891 canonica,
1280 3832 1366 3880 Pa
1381 3825 1510 3894 ἳβγ.
1550 3871 1613 3878 .-.
1633 3830 1782 3894 fallit
1802 3831 1887 3879 hoc
1906 3837 1983 3876 est
2004 3836 2244 3878 canonum
2267 3829 2551 3878 astronomi-

316 3918 477 3951 corum
499 3900 789 3961 conditores,
821 3892 877 3949 Θ.
913 3899 1031 3948 vid.
1057 3899 1214 3949 Salm.
1240 3913 1404 3947 exerc.
1426 3898 1560 3947 Plin.
1587 3913 1636 3960 p.
1665 3902 1779 3946 521.
1802 3898 1852 3945 b.
1874 3896 1937 3946 G.
1973 3937 2034 3944 -.
2073 3896 2337 3961 appellare,
2360 3899 2411 3947 Β
2429 3899 2458 3945 ¹.
2486 3937 2550 3945 -

318 3967 513 4030 antidea,
536 3970 596 4018 Ρ.
636 4010 697 4017 -
743 3975 1011 4028 transeant,
1034 3967 1293 4017 RTPad.
1341 3970 1580 4024 transeat,
1603 3960 1661 4026 β.
1701 4005 1762 4012 -
1812 3971 1926 4023 tum,
1950 3965 2001 4013 R
2016 3966 2132 4013 ²ad.
2177 3980 2300 4024 cum,
2325 3965 2373 4014 Β
2390 3966 2422 4012 ¹.
2471 3971 2550 4012 ta-

316 4053 435 4097 men,
466 4037 525 4087 P.
566 4076 621 4085 -
668 4034 886 4096 totidem,
931 4050 1032 4083 om.
1066 4035 1165 4083 R¹.
1204 4037 1266 4081 ‘-
1303 4042 1370 4092 et,
1408 4047 1510 4081 om.
1541 4032 1600 4081 P.
1639 4072 1703 4080 -
1738 4040 1992 4096 coquntur,
2027 4031 2312 4081 STPadr.
2367 4041 2549 4095 caym,

317 4105 380 4154 Β.
420 4145 482 4152 -
521 4104 639 4165 sint,
663 4120 707 4152 a.
736 4130 809 4151 ·-
848 4102 1123 4164 utriusque,
1147 4102 1287 4150 Td2.

387 4171 418 4231 δ
446 4175 525 4222 74.
562 4180 877 4232 motuumque,
899 4170 959 4219 P.
1000 4209 1059 4217 ...
1097 4169 1231 4229 haec,
1255 4181 1303 4216 σ.
1352 4164 1454 4227 hec,
1477 4168 1538 4216 P.
1579 4208 1639 4215 ...
1679 4176 1888 4226 aeterne,
1912 4167 2008 4216 R'.
2049 4207 2110 4215 ..-
2147 4167 2327 4228 absint,
2350 4168 2446 4216 13¹.
2490 4210 2550 4216 ..-

321 4241 488 4299 ociose,
511 4241 572 4289 P.
611 4280 672 4286 -
711 4247 840 4297 ortu,
872 4239 931 4287 P.
