2961 4861
653 348 794 395 Lm.
827 350 901 395 11.
959 348 1114 395 car.
1146 349 1757 396 xxxv-xxxvm.
1816 348 2011 397 sacr.
2042 351 2225 394 35-38.
2441 333 2561 397 139

339 521 506 564 nunc
546 496 793 582 reliqua
836 498 996 566 caeli
1038 499 1494 566 memorabilia.
1551 498 1845 582 Namque
1868 510 1955 565 et
1995 500 2116 565 hoc
2159 502 2403 566 eaelum
2447 523 2563 586 ap·

335 599 656 684 pellavere
697 598 968 665 maiores
986 648 1004 677 ‚
1052 601 1226 683 quod
1268 600 1391 667 alio
1434 601 1689 666 nomine
1733 623 1903 678 aera,
1949 622 2134 665 omne
2179 601 2354 684 quod
2392 600 2565 665 inani

336 701 537 767 simile
579 700 833 766 vitalem
877 701 1048 766 hunc
1091 702 1385 787 spiritum
1414 702 1647 767 fundit.
1713 700 1895 766 Infra
1921 703 2138 768 lunam
2168 702 2329 768 haec
2358 702 2565 780 sedes,

331 802 659 885 multoque
699 801 964 867 inferior
1007 803 1113 885 (ut
1139 802 1575 868 animadverto
1604 804 2071 889 propemodum
2101 801 2425 887 constare)
2466 802 2567 867 in·

331 902 580 968 finitum
610 924 693 967 ex
721 901 1049 989 superiore
1076 914 1305 968 natura
1332 905 1501 969 aeris
1524 953 1542 983 ,
1586 904 1905 970 infinitum
1948 915 2014 970 et
2058 904 2293 969 terreni
2333 902 2570 968 halitus

329 1006 606 1071 miscens
658 1015 935 1088 utraque
987 1015 1157 1071 sorte
1203 1006 1636 1071 confunditur.
1703 1005 1877 1071 Hinc
1916 1005 2137 1070 nubila
2182 1016 2247 1070 et
2291 1005 2572 1068 tonitrua

332 1116 399 1171 et
440 1106 566 1171 alia
609 1107 879 1171 fulmina.
895 1154 913 1184 ,
958 1106 1107 1171 hinc
1148 1107 1495 1194 grandines
1513 1154 1530 1185 ‚
1574 1107 1873 1191 pruinae,
1916 1107 2185 1184 imbres,
2229 1083 2612 1192 procellae,⁶

279 1224 289 1245 ⁸
331 1207 622 1273 turbines
646 1255 664 1285 ,
722 1205 872 1271 hinc
923 1206 1218 1291 pluruma
1273 1207 1637 1271 mortalium
1689 1207 1858 1271 mala
1912 1216 1978 1271 et
2034 1227 2251 1271 rerum
2301 1216 2570 1271 naturae

326 1331 552 1396 pugna
581 1330 821 1373 secum.
876 1308 1160 1374 Terrena
1199 1308 1268 1372 in
1312 1309 1559 1373 caelum
1604 1307 1932 1374 tendentia
1959 1307 2262 1393 deprimit
2287 1306 2572 1373 siderum
2600 1322 2697 1368 los

328 1411 426 1475 vis
474 1410 826 1493 eademque
869 1430 1036 1493 quae
1080 1419 1306 1496 sponte
1352 1430 1483 1474 non
1526 1408 1802 1475 subeant
1841 1408 1928 1472 ad
1970 1430 2040 1473 se
2084 1408 2297 1474 trahit.
2370 1407 2569 1474 Deci·

329 1510 496 1575 dunt
522 1510 780 1588 imbres,
825 1510 1099 1577 nebulae
1137 1510 1438 1588 subeunt,
1485 1510 1807 1575 siccantur
1849 1530 2091 1588 amnes,
2136 1519 2334 1575 ruunt
2374 1532 2570 1598 gran-

327 1611 533 1690 dines,
580 1622 824 1677 torrent
861 1612 1024 1677 radii
1068 1622 1134 1677 et
1179 1622 1413 1676 terram
1453 1611 1523 1675 in
1563 1611 1849 1676 medium
1890 1613 2175 1694 undique
2218 1611 2569 1697 inpellunt3

323 1711 524 1777 iidem
584 1711 842 1777 infracti
909 1713 1205 1778 resiliunt
1268 1722 1333 1777 et
1397 1733 1564 1795 quae
1620 1721 1891 1796 potuere
1955 1711 2260 1775 auferunt
2327 1732 2569 1775 secum.

326 1812 553 1899 Vapor
610 1834 691 1878 ex
742 1812 869 1898 alto
919 1813 1090 1878 cadit
1143 1834 1529 1896 rursumque
1581 1813 1649 1876 in
1703 1813 1906 1878 altum
1948 1812 2136 1877 redit.
2218 1811 2419 1878 Venti
2468 1812 2573 1875 in-

324 1925 574 2002 gruunt
627 1915 851 1979 inanes
899 1914 1223 1998 iidemque
1280 1937 1428 1979 cum
1484 1912 1709 1999 rapina
1764 1923 2069 1978 remeant.
2145 1913 2274 1979 Tot
2323 1912 2569 1976 anima-

323 2015 485 2080 lium
524 2015 793 2080 haustus
834 2014 1129 2100 spiritum
1172 2037 1208 2080 e
1254 2014 1510 2080 sublimi
1556 2013 1779 2092 trahit3
1826 2025 1892 2078 at
1933 2015 2040 2079 ille
2084 2023 2306 2079 contra
2345 2013 2573 2077 nititur

326 2117 646 2199 tellusque
688 2128 763 2180 ut
803 2115 978 2179 inani
1034 2116 1209 2182 caelo
1264 2115 1563 2201 spiritum
1606 2115 1841 2181 fundit.
1912 2112 2026 2180 Sic
2066 2116 2237 2181 ultro
2281 2114 2567 2199 citroque
2601 2126 2701 2172 104

327 2228 704 2283 conmeante
747 2227 978 2284 natura
1017 2227 1092 2281 ut
1135 2228 1451 2283 tormento
1489 2217 1702 2302 aliquo
1715 2265 1733 2295 ,
1790 2216 2014 2282 mundi
2062 2215 2389 2282 celeritate
2434 2216 2570 2281 dis-

326 2319 549 2384 cordia
577 2318 964 2384 accenditur.
1025 2317 1165 2383 Nec
1201 2330 1370 2384 stare
1413 2340 1673 2405 pugnae
1715 2317 1868 2383 licet
1913 2317 2029 2382 sed
2072 2316 2343 2381 adsidue
2387 2327 2574 2402 rapta

328 2419 731 2487 convolvitur
753 2432 819 2486 et
848 2420 1018 2486 circa
1047 2430 1284 2486 terram
1305 2419 1596 2487 inmenso
1624 2442 1842 2485 rerum
1870 2440 2100 2482 causas
2129 2417 2324 2507 globo
2352 2427 2570 2483 osten-

328 2521 449 2600 dit,
495 2521 768 2588 subinde
811 2543 929 2606 per
966 2521 1158 2587 nubis
1193 2522 1443 2586 caelum
1470 2520 1649 2584 aliud
1674 2529 2011 2606 optexens.
2065 2517 2425 2584 Ventorum
2450 2518 2573 2585 hoc
2599 2563 2603 2568 ·

325 2644 620 2711 regnum.
665 2622 893 2706 Itaque
922 2621 1274 2711 praecipua
1303 2643 1525 2689 eorum
1550 2632 1781 2687 natura
1808 2619 1900 2687 ibi
1944 2630 2011 2687 et
2048 2619 2250 2687 ferme
2292 2620 2572 2705 reliquas

327 2888 387 2937 P.
428 2929 489 2936 -
530 2904 653 2948 num,
687 2892 745 2940 P.
796 2931 858 2938 -
905 2890 1141 2949 maiores,
1175 2904 1275 2939 om.
1309 2892 1369 2941 P.
1406 2930 1469 2938 -
1508 2888 1733 2950 aethera,
1765 2892 1824 2941 P.
1879 2930 1941 2940 ....
1996 2889 2180 2951 simile,
2210 2890 2359 2940 Rad.
2407 2886 2572 2949 libere,

328 2955 387 3005 P.
439 2995 500 3004 ...
536 2953 685 3017 hunc,
726 2972 827 3006 om.
861 2958 919 3007 P.
955 2997 1017 3004 -
1058 2955 1233 3016 Intra,
1287 2958 1332 3007 P
1366 2954 1643 3020 (Robert.)
1679 2997 1741 3005 .-
1788 2955 1901 3017 hoc,
1934 2959 1991 3006 Ρ.
2030 2997 2094 3006 -..
2138 2958 2274 3006 aeris
2306 2955 2572 3017 infinitum,

328 3022 462 3073 Rad
498 3019 675 3083 (codd.
710 3021 965 3086 Gelenii.)
1002 3024 1165 3086 aeris,
1206 3026 1328 3075 PK.
1368 3065 1430 3073 .-
1477 3033 1527 3073 et
1559 3024 1765 3083 terreni,
1799 3024 1928 3072 R²d
1960 3019 2141 3084 (codd.
2177 3020 2430 3083 Gelenii.)
2476 3029 2570 3070 ter-

331 3089 473 3151 reni,
516 3089 616 3140 R¹.
672 3091 922 3152 terrenis,
964 3093 1065 3141 Pa.
1116 3132 1178 3139 -
1228 3090 1409 3150 alitus,
1456 3092 1577 3140 RP.
1634 3089 1871 3138 Ceterum
1914 3104 1961 3137 ν.
2002 3088 2268 3138 Aristotel.
2311 3090 2488 3136 Mund.
2525 3094 2573 3137 2.

328 3171 379 3220 p.
415 3162 513 3206 392
529 3155 573 3219 b,
614 3163 659 3207 5.
706 3199 769 3207 -.
818 3166 986 3219 sorte,
1021 3173 1121 3207 om.
1146 3159 1207 3206 P.
1257 3197 1318 3206 ...
1353 3157 1528 3217 Huic,
1560 3157 1765 3206 Robert.
1815 3194 1879 3203 ..
1924 3161 1973 3202 et
2006 3152 2255 3213 tonitrua,
2288 3156 2390 3203 R2.
2450 3155 2573 3203 toni-

330 3230 473 3285 trua,
509 3221 837 3289 R¹Padssr.
877 3266 939 3274 .-
976 3223 1093 3285 illa,
1116 3224 1398 3274 Pintianus.
1437 3263 1501 3271 -
1531 3220 1779 3287 plurium,
1803 3223 1864 3271 P.
1892 3260 1955 3270 ..
1992 3235 2153 3271 secum
2170 3236 2370 3285 puyna‚
2395 3223 2456 3271 P.
2494 3236 2572 3269 se-

326 3307 436 3340 cum
469 3308 570 3341 om.
606 3295 814 3343 Robert.

397 3357 427 3418 ἓ
457 3365 569 3409 103.
607 3358 843 3420 siderum,
875 3374 976 3408 om.
1013 3358 1073 3408 P.
1113 3397 1175 3406 .-
1213 3354 1479 3420 eademque
1513 3371 1653 3419 quae,
1686 3358 1733 3406 d.
1779 3353 2040 3420 eademque
2074 3371 2310 3420 quaeque,
2335 3358 2438 3407 Ra.
2486 3372 2571 3405 ea-

329 3423 440 3474 dem
464 3441 709 3488 quaeque,
732 3426 793 3474 P.
833 3466 895 3474 -.
933 3426 1154 3485 subeant,
1186 3425 1405 3475 RTPd.
1444 3427 1659 3483 subeunt,
1683 3420 1820 3487 assr.
1861 3465 1923 3472 ..
1960 3421 2127 3485 trahit,
2161 3425 2266 3475 BT
2284 3418 2427 3474 ead.
2467 3432 2572 3473 tra·

330 3489 467 3551 hunt,
491 3487 599 3552 Ρβ.
640 3532 702 3541 .-
740 3501 949 3553 torrunt,
973 3496 1021 3544 R
1044 3496 1072 3542 ¹.
1112 3531 1175 3541 ..
1212 3491 1414 3542 medium
1434 3490 1667 3556 undique,
1690 3493 1788 3542 Pa.
1826 3490 1985 3541 medio
2009 3490 2286 3555 mundique,
2312 3493 2377 3541 R.
2415 3491 2571 3541 medio

330 3556 567 3622 undique,
603 3559 707 3609 Td.
756 3600 818 3608 -
855 3557 996 3620 idem,
1040 3561 1159 3609 BP.
1198 3599 1262 3608 -.
1300 3568 1583 3623 potuerunt,
1617 3561 1701 3623 Ρ.ἱ
1720 3568 1970 3624 potavere,
2003 3560 2181 3609 Dalec.
2232 3600 2292 3607 -.
2338 3562 2571 3623 offerunt,

328 3625 428 3676 13¹.
455 3667 517 3675 ...
556 3641 847 3690 rursusque,
874 3628 907 3675 d
930 3623 1193 3688 (Robert.)
1219 3667 1282 3683 -,
1316 3636 1600 3690 confi-uum,
1625 3628 1831 3678 Robert.
1858 3667 1920 3676 .-
1958 3625 2194 3689 idemque,
2218 3626 2269 3675 R
2292 3622 2478 3687 (Rob.)
2507 3663 2568 3674 ...

338 3693 444 3755 Tot,
463 3697 610 3745 Bad.
655 3691 823 3755 Totos,
842 3696 902 3749 P.
947 3694 1120 3755 Totus,
1145 3695 1351 3744 Robert.
1380 3735 1442 3743 -.
1468 3709 1510 3755 e,
1533 3696 1677 3745 Pad.
1716 3692 1826 3756 hae,
1844 3696 1908 3744 B.
1937 3734 1999 3743 ...
2025 3693 2272 3759 spiritum,
2298 3706 2399 3740 om.
2425 3692 2484 3741 P.
2508 3731 2569 3740 -.

314 3763 514 3823 fundit,
538 3763 644 3813 Ra.
684 3760 925 3825 infundit,
950 3764 1036 3811 Pd
1062 3760 1323 3824 (Robert.)
1345 3757 1447 3825 βγ.

397 3828 427 3889 ἓ
457 3835 570 3881 104.
607 3828 754 3891 ultra,
779 3831 837 3879 P.
877 3869 940 3878 -.
975 3831 1210 3893 citroque,
1243 3830 1400 3879 nard.
1452 3828 1599 3890 citro,
1624 3825 1853 3890 maest.
1909 3830 2021 3888 cito,
2045 3827 2143 3877 1³¹.
2198 3825 2345 3887 citra,
2369 3827 2414 3876 P
2437 3822 2570 3887 (Ro-

329 3898 454 3947 bert.
491 3896 566 3959 2.)
591 3896 745 3958 circa,
769 3899 979 3948 Robert.
1015 3903 1060 3947 1.
1113 3897 1233 3946 vid.
1267 3912 1363 3947 nos
1398 3900 1462 3947 ad
1497 3904 1579 3957 35,
1616 3902 1729 3946 161.
1765 3909 1816 3945 et
1846 3897 2013 3946 Hand.
2045 3895 2264 3945 Tursell.
2299 3900 2348 3954 2,
2386 3900 2467 3944 88.
2508 3934 2568 3942 .-

329 3963 519 4026 munde,
545 3965 641 4016 Β).
683 4006 743 4013 -
793 3963 1034 4025 discordi,
1059 3963 1159 4014 R¹.
1199 4005 1261 4013 -.
1299 3962 1610 4022 accenditur,
1634 3965 1740 4012 Rd.
1785 3959 2105 4023 accendatur,
2130 3958 2469 4023 Pao(Rob.)
2506 4001 2569 4010 .-

329 4048 432 4081 cum
456 4033 689 4092 volvitur,
714 4047 761 4081 σ.
804 4074 865 4081 -
901 4048 1106 4092 causas,
1129 4032 1234 4081 ΒΤ
1252 4025 1523 4081 θΡαᾶτσ.
1564 4029 1729 4093 quasi,
1751 4030 1958 4080 Barbar.
1975 4024 2033 4090 β.
2070 4070 2130 4078 .-.
2171 4029 2310 4095 9Ζοὸο
2342 4027 2567 4090 ostendit,

337 4090 468 4150 Uar.
512 4099 851 4167 ylobostendit,
874 4100 938 4150 R.
991 4100 1128 4166 ylobo
1161 4096 1329 4158 tendit,
1362 4094 1516 4159 Pdss.
1556 4139 1617 4146 -
1671 4093 1826 4158 aliud,
1858 4099 1997 4147 R2d.
2045 4098 2213 4157 alium,
2244 4095 2371 4151 R'a.
2425 4095 2573 4147 aliud

332 4175 480 4231 atque
505 4166 667 4229 aliud,
692 4168 759 4218 K.
798 4168 913 4218 Om.
938 4168 997 4217 P.
1039 4209 1100 4216 -
1150 4173 1414 4217 ventorum.
1463 4163 1577 4216 Hoc
1611 4182 1819 4231 reynum,
1842 4165 1901 4215 P.
1943 4206 2002 4213 -.
2042 4173 2089 4213 et
2096 4166 2260 4229 ferme
2283 4163 2371 4225 ibi,
2406 4164 2488 4214 d¹.
2526 4174 2574 4217 et

330 4236 581 4299 ibifhrme,
607 4236 699 4285 Τό
717 4238 752 4284 ².
783 4277 841 4284 -
867 4234 1082 4299 reliqua,
1105 4235 1230 4284 ΒΤ.
