2961 4861
1198 368 1578 413 PRAEFATIO.
2352 369 2522 410 XXXI

272 524 411 582 illas
440 522 723 581 lectiones
754 540 859 597 per
890 520 950 579 V
982 527 1042 577 et
1069 521 1136 579 M
1159 530 1390 581 notatas
1413 523 1694 594 hauserit,
1719 522 1790 579 de
1813 540 1932 596 qua
1952 540 2017 591 re
2038 522 2358 580 certissime
2380 520 2524 580 mihi

273 639 369 691 est
394 648 747 708 persuasum
775 648 912 689 eum
938 630 1089 689 mori
1118 631 1339 689 saeculi
1368 631 1460 691 sui
1489 639 1809 706 parentem,
1841 649 1959 705 quo
1987 631 2334 689 accuratiori
2362 630 2522 689 codi-

275 760 411 799 cum
450 740 818 799 indicaturae
880 739 1072 799 minus
1112 741 1368 816 pretium
1417 744 1810 812 statuebatur,
1861 740 2181 798 dummodo
2235 741 2400 815 ipsae
2441 740 2524 798 le-

276 850 501 909 ctiones
530 848 958 925 proferrentur,
990 868 1067 907 ex
1094 850 1350 926 quinque
1383 849 1503 909 suis
1534 851 1828 909 codicibus
1857 868 2038 925 supra
2073 849 2383 909 nominatis
2426 867 2526 907 eas

275 959 616 1035 sumpsisse,
635 959 762 1016 solo
777 956 1151 1016 Chiffletiano
1173 967 1437 1034 excepto,
1455 960 1550 1016 cui
1562 968 1630 1017 ut
1651 959 2157 1035 praestantissimo
2168 957 2323 1017 libro
2338 959 2527 1034 potio-

272 1086 370 1127 res
399 1077 596 1143 partes
626 1067 1180 1125 eranttribuendae.
1227 1065 1401 1139 Quod
1428 1086 1570 1127 vero
1599 1068 1799 1143 paucis
1831 1068 1978 1127 locis
2012 1068 2169 1144 ipsos
2196 1067 2332 1125 illos
2361 1068 2529 1143 quin-

274 1195 394 1252 que
438 1176 663 1235 codices
703 1176 1048 1234 nominatim
1087 1176 1317 1248 attulit,
1360 1176 1614 1236 fortasse
1653 1184 1760 1234 aut
1799 1184 2012 1234 natura
2039 1177 2239 1236 variae
2267 1177 2528 1235 lectionis

275 1286 473 1344 maius
501 1285 728 1359 aliquid
758 1302 937 1358 quam
966 1285 1349 1361 simpliciores
1377 1285 1512 1344 illas
1540 1286 1721 1362 siglas
1751 1287 2014 1362 flagitare
2043 1287 2379 1359 videbatur,
2426 1293 2531 1347 aut

274 1394 592 1468 aliquoties
635 1401 790 1452 certe
827 1394 1082 1453 indicare
1126 1395 1334 1465 voluit,
1376 1395 1476 1453 ubi
1506 1395 1751 1466 codices,
1783 1396 1997 1471 quibus
2038 1403 2267 1455 tantum
2306 1397 2531 1468 debuit,

277 1511 599 1565 exstarent.
641 1503 736 1563 Ita
761 1501 1144 1579 Dalecampio
1173 1503 1392 1563 laboris
1421 1504 1847 1576 taediosissimi,
1878 1524 1997 1579 quo
2026 1513 2114 1564 tot
2140 1506 2329 1564 millia
2366 1506 2531 1565 vari-

277 1631 455 1672 arum
482 1613 800 1673 lectionum
829 1632 862 1670 e
892 1631 1002 1671 sex
1030 1613 1156 1675 suis
1187 1614 1483 1672 codicibus
1512 1615 1821 1690 excerpsit,
1852 1615 2075 1691 gratiae
2118 1634 2292 1689 quam
2337 1617 2531 1673 maxi-

279 1742 415 1781 mae
459 1730 596 1781 sunt
633 1722 967 1791 habenda03
1010 1728 1070 1778 et
1107 1723 1159 1780 si
1194 1723 1314 1780 illis
1352 1742 1471 1780 non
1510 1742 1581 1781 ea
1622 1742 1758 1781 cum
1806 1741 1948 1783 cura
1985 1724 2075 1781 uti
2115 1724 2363 1795 sciebat,
2417 1743 2536 1799 qua

280 1834 495 1910 dignae
522 1831 780 1903 fuerunt,
813 1832 1187 1891 tribuendum
1216 1831 1441 1904 aliquid
1469 1840 1559 1889 est
1597 1840 1702 1889 aut
1746 1831 2039 1889 communi
2082 1832 2384 1890 hominum
2419 1832 2534 1889 im-

282 1941 606 2011 becillitati,
652 1959 770 2016 qua
806 1957 915 1997 nos
955 1958 1088 1997 omn
1097 1958 1160 1997 es
1202 1940 1563 2010 laboramus,
1607 1948 1713 1998 aut
1751 1942 1963 2000 nimiae
1990 1942 2167 2001 alicui
2193 1942 2532 2013 modestiae,

281 2069 406 2127 qua
448 2052 623 2109 homo
662 2050 919 2126 optimus
955 2067 993 2106 a
1029 2049 1321 2123 scriptura
1371 2050 1619 2123 vulgata
1670 2051 1843 2108 toties
1883 2052 2158 2110 recedere
2197 2052 2533 2123 verebatur,

282 2159 516 2234 quoties
542 2159 679 2216 illae
705 2158 981 2216 lectiones
1009 2158 1395 2235 imperabant.
1438 2157 1719 2218 Ceterum
1744 2160 1808 2218 in
1834 2160 2080 2219 historia
2105 2178 2340 2236 quoque
2359 2160 2535 2237 plan-

284 2278 483 2327 tarum
513 2267 795 2343 Lugduni
822 2285 977 2324 anno
1009 2262 1195 2326 1587.
1228 2266 1459 2325 duobus
1489 2267 1884 2328 voluminibus
1916 2269 2100 2341 edita,
2139 2288 2290 2345 quae
2318 2289 2356 2328 a
2382 2289 2535 2329 non-

282 2377 466 2437 nullis
493 2377 717 2439 Ioanni‘
730 2375 1033 2436 Molinaeo
1061 2376 1361 2449 tribuitur,
1392 2397 1468 2435 ex
1494 2378 1720 2450 iisdem,
1751 2386 1819 2437 ut
1839 2377 2091 2450 videtur,
2107 2379 2401 2438 codicibus
2422 2379 2535 2438 ali-

283 2488 527 2564 quoties
563 2488 839 2547 lectiones
888 2488 1091 2546 attulit
1106 2528 1124 2559 ,
1176 2504 1330 2562 quae
1379 2487 1455 2544 ad
1506 2488 1800 2564 margines
1851 2489 2121 2546 editionis
2168 2488 2352 2548 Plinii
2414 2507 2533 2550 non

281 2600 590 2673 leguntur.

368 2705 495 2779 Qui
521 2706 786 2783 proxime
814 2725 851 2764 a
878 2707 1261 2783 Dalecampio
1290 2707 1368 2764 ad
1394 2705 1575 2764 Plinii
1602 2707 1925 2782 permultos
1955 2707 2116 2766 locos
2145 2708 2536 2768 emendandos

285 2816 586 2875 codicibus
636 2834 778 2874 usus
809 2822 901 2873 est
936 2817 1214 2876 Claudius
1266 2816 1622 2888 Salmasius,
1685 2816 1913 2890 magnis
1962 2817 2233 2875 laudibus
2284 2827 2534 2880 exornat

293 2928 649 2997 Thuaneum,
683 2944 859 3000 quem
889 2925 1150 2982 omnium
1181 2925 1607 2983 vetustisimum
1632 2919 1736 3003 (de
1765 2925 1901 3001 hyle
1931 2945 1993 3001 p.
2027 2922 2169 2985 168.
2210 2944 2266 2983 a.
2298 2924 2367 2984 C.
2397 2926 2535 2996 coll.

287 3035 550 3093 exercitt.
592 3054 652 3110 p.
698 3030 801 3093 81.
847 3053 902 3091 a.
942 3033 1016 3092 Β.
1059 3029 1163 3093 86.
1200 3054 1256 3092 a.
1285 3034 1357 3093 B.
1389 3035 1525 3092 edit.
1571 3035 1880 3094 Ultraiect.
1914 3030 2129 3108 1689.)
2161 3035 2537 3109 omniumque

288 3144 576 3219 optimum
612 3152 785 3202 vocat
825 3136 929 3223 (de
970 3143 1106 3221 hyle
1145 3161 1204 3218 p.
1247 3137 1348 3200 73.
1387 3143 1446 3200 b.
1477 3140 1547 3199 C.
1579 3141 1714 3199 coll.
1745 3143 2007 3199 exercitt.
2039 3161 2098 3218 p.
2132 3137 2274 3201 583.
2306 3163 2361 3202 a.
2396 3139 2532 3223 G.).

287 3253 516 3311 Habuit
542 3254 751 3328 Regios
782 3270 1016 3327 quoque
1048 3253 1272 3310 codices
1304 3245 1531 3329 (exerc.
1562 3268 1624 3325 p.
1658 3245 1756 3306 19.
1789 3267 1844 3306 a.
1877 3244 2012 3329 G.),
2057 3269 2305 3325 quorum
2348 3254 2537 3326 nomi-

288 3362 474 3420 natim
511 3366 752 3420 alterum
794 3361 967 3420 affert
1004 3354 1226 3441 (exerc.
1265 3379 1327 3436 p.
1369 3354 1515 3418 278.
1547 3376 1605 3415 a.
1637 3356 1707 3416 C.
1740 3352 1883 3418 583.
1913 3378 1968 3417 a.
2003 3357 2104 3431 Gn,
2136 3359 2272 3438 hyle
2298 3381 2360 3439 p.
2390 3357 2536 3422 233.

287 3472 350 3528 b.
379 3464 511 3547 B.).
565 3472 705 3528 Tres
733 3470 914 3528 libros
945 3471 1148 3527 laudat
1185 3488 1376 3527 exerc.
1415 3488 1474 3543 p.
1518 3463 1622 3526 39.
1662 3487 1717 3526 a.
1762 3466 1855 3539 C„
1893 3468 2108 3527 librum
2148 3470 2223 3529 R.
2268 3470 2339 3528 B.
2373 3468 2438 3547 (i.
2482 3492 2535 3530 e.

290 3577 496 3652 regiae
523 3576 932 3652 bibliothecae)
963 3598 1024 3653 p.
1053 3573 1199 3637 451.
1230 3597 1285 3635 a.
1315 3578 1412 3649 F„
1450 3588 1716 3653 excerpta
1743 3580 1930 3635 Plinii
1956 3582 2337 3638 vetustissima
2379 3575 2450 3659 (i.
2483 3601 2535 3638 e.

290 3677 924 3763 Pseudo-Appuleium
942 3729 960 3758 ,
1001 3688 1073 3744 de
1112 3707 1229 3763 quo
1271 3684 1447 3763 infra)
1492 3706 1564 3762 p.
1600 3681 1743 3746 568.
1787 3686 1921 3745 Hos
1950 3705 2150 3745 omnes
2176 3688 2329 3746 inter
2355 3690 2537 3756 libros

293 3797 637 3872 saepissime
674 3797 1068 3871 Riqaltianum
1106 3797 1338 3854 disertis
1378 3797 1575 3855 verbis
1616 3796 1819 3867 affert,
1860 3814 1977 3870 quo
2018 3804 2216 3855 tamen
2267 3800 2339 3856 de
2383 3799 2537 3858 libro

294 3907 563 3966 iudicans
607 3924 819 3983 parum
873 3906 985 3964 sibi
1027 3913 1273 3964 constat.
1326 3904 1567 3964 Etenim
1617 3923 1751 3963 cum
1804 3906 2066 3964 exercitt.
2110 3925 2171 3983 p.
2213 3904 2315 3967 81.
2366 3928 2421 3967 a.
2461 3908 2534 3970 B.

296 4035 430 4080 eum
459 4016 707 4075 celebret
733 4024 803 4074 ut
831 4015 1117 4091 optimum
1146 4024 1204 4074 et
1230 4015 1726 4088 antiquissimum,
1755 4033 1816 4089 p.
1849 4010 1991 4075 610.
2021 4018 2080 4075 b.
2108 4017 2181 4075 F.
2211 4036 2328 4075 non
2351 4019 2539 4077 multo

297 4125 597 4183 meliorem
625 4124 794 4183 editis
823 4133 882 4183 et
908 4144 968 4200 p.
1004 4119 1147 4183 705.
1177 4124 1236 4181 b.
1265 4124 1337 4181 Β.
1369 4132 1436 4182 ut
1462 4123 1723 4183 bonitate
1753 4125 1838 4183 sic
1875 4134 1935 4185 et
1972 4134 2261 4186 vetustate
2301 4128 2537 4188 inferio-

299 4252 422 4294 rem
464 4236 620 4294 dicit.
680 4234 950 4311 Denique
991 4229 1258 4295 Palatini
1295 4233 1596 4293 cuiusdam
1634 4235 1846 4294 codicis
1888 4236 2239 4297 mentionem
2277 4237 2416 4297 facit
2443 4233 2537 4317 (v.
