2961 4861
854 337 994 382 Lm.
1029 337 1124 382 VI.
1183 335 1338 383 cAP.
1372 337 1580 384 xv111.
1608 336 1756 382 x1x.
1802 332 1995 381 snc'r.
2029 333 2091 377 22.
2465 319 2590 382 427

345 482 680 568 procinctu
733 483 1047 549 bellorum
1105 485 1463 561 excubant3
1531 505 1808 568 namque
1864 482 1999 547 vita
2053 481 2415 549 mitioribus
2473 506 2600 570 po·-

345 584 515 669 pulis
556 582 869 649 Indorum
908 585 1332 671 multipartita
1374 584 1653 674 degitur.
1716 584 2043 649 Tellurem
2087 594 2420 663 exercent,
2473 585 2595 648 mi-

344 685 546 750 litiam
587 686 696 750 alii
741 695 1118 770 capessunt,
1174 686 1405 752 mercis
1461 686 1568 750 alii
1622 707 1772 750 suas
1830 685 2109 750 evehunt
2168 694 2597 768 externasque

344 785 675 866 invehunt,
721 808 825 850 res
862 787 1154 872 publicas
1196 788 1441 873 optumi
1482 786 1906 870 ditissimique
1939 794 2314 871 temperant,
2359 785 2599 851 iudicia

344 887 645 964 reddunt,
690 887 953 973 regibus
991 889 1320 966 adsident3
1368 888 1663 972 quintum
1707 910 1914 974 genus
1957 887 2315 952 celebratae
2357 887 2490 952 illic
2534 898 2599 951 et

344 1010 549 1074 prope
613 990 682 1052 in
744 989 1125 1076 religionem
1188 1012 1412 1055 versae
1478 990 1831 1073 sapientiae
1890 989 2182 1054 deditum
2240 988 2601 1054 voluntaria

349 1108 600 1173 semper
653 1100 859 1153 morte
913 1090 1112 1155 vitam
1165 1112 1434 1155 accenso
1477 1089 1658 1174 prius
1700 1111 1858 1175 rogo
1900 1088 2059 1153 finit.
2128 1088 2353 1154 Unum
2403 1112 2600 1175 super

344 1190 507 1255 haec
552 1200 650 1254 est
695 1190 1067 1256 semiferum
1108 1213 1185 1256 ac
1226 1191 1488 1276 plenum
1524 1190 1761 1256 laboris
1802 1190 2078 1253 inmensi
2123 1200 2189 1253 et
2231 1212 2359 1273 quo
2404 1214 2600 1276 supra

238 1315 247 1330 ξ
347 1290 522 1354 dicta
552 1291 976 1370 continentur,
1023 1292 1299 1357 venandi
1334 1292 1710 1376 elephantos
1741 1290 2188 1374 domandique.
2231 1289 2359 1355 His
2389 1303 2595 1371 arant,

347 1390 448 1454 his
491 1390 908 1469 invehuntur,
962 1391 1125 1456 haec
1165 1414 1465 1457 maxume
1508 1413 1745 1456 novere
1788 1391 2091 1476 pecuaria
2106 1439 2123 1469 ,
2180 1391 2281 1455 his
2324 1392 2601 1457 militant

347 1491 788 1575 dimicantque
837 1514 956 1577 pro
998 1491 1266 1570 finibus3
1324 1492 1644 1557 delectum
1697 1493 1766 1557 in
1819 1493 2013 1559 belua
2069 1492 2241 1557 vires
2300 1502 2366 1556 et
2418 1504 2600 1557 aetas

344 1601 544 1675 atque
588 1593 966 1680 magnitudo
1018 1593 1284 1658 faciunt.
1350 1592 1574 1658 Insula
1615 1593 1683 1657 in
1728 1590 1960 1680 Gange
2005 1603 2106 1658 est
2145 1616 2417 1681 magnae
2462 1618 2599 1659 am·
2628 1609 2690 1655 67

345 1693 678 1777 plitudinis
736 1704 1000 1781 gentem
1056 1694 1385 1759 continens
1438 1716 1635 1757 unam
1659 1741 1678 1771 ,
1736 1694 1993 1759 n‘omine
2048 1692 2599 1779 Modogalingam.

347 1791 539 1857 Ultra
600 1794 705 1870 siti
766 1804 916 1858 sunt
970 1794 1302 1859 Modubae
1324 1842 1344 1872 ,
1403 1793 1737 1859 Molindae
1760 1841 1778 1872 ,
1839 1792 2101 1859 Uberae
2158 1817 2306 1859 cum
2361 1795 2603 1880 oppido

348 1895 636 1959 eiusdem
678 1895 952 1961 nominis
995 1895 1333 1980 magnifico
1344 1943 1364 1973 ,
1408 1893 1728 1972 Modresi‚
1773 1888 1983 1973 Preti,
2034 1892 2303 1972 Caloae,
2352 1892 2599 1976 Sasuri,

346 1994 676 2075 Passalae,
727 1994 1030 2074 Colobae,
1078 1994 1484 2074 Orumcolae,
1529 1995 1747 2072 Abali,
1798 1995 2133 2061 Thalutae.
2190 1996 2334 2061 Rex
2374 1997 2602 2063 horum

347 2097 640 2183 peditum
668 2120 706 2160 L
734 2121 804 2175 M,
839 2099 1127 2181 equitum
1153 2120 1224 2162 1v
1251 2120 1322 2174 M,
1365 2097 1853 2182 elephantorum
1880 2117 2035 2161 0000
2065 2095 2134 2160 in
2161 2099 2355 2162 armis
2383 2099 2600 2165 habet.

348 2198 643 2264 Validior
687 2198 918 2270 deinde
962 2220 1123 2285 gens
1167 2198 1509 2275 Andarae,
1555 2197 1869 2283 plurumis
1911 2196 2105 2275 vicis,
2152 2221 2298 2262 xxx
2341 2201 2600 2285 oppidis

345 2321 513 2384 quae
541 2300 740 2363 muris
774 2300 1183 2384 turribusque
1211 2300 1607 2377 muniuntur,
1654 2298 1794 2384 regi
1835 2298 2104 2383 praebet
2141 2301 2432 2384 peditum
2462 2324 2498 2367 0
2527 2325 2596 2380 Μ,

350 2400 638 2485 equitum
679 2423 799 2478 ΜΜ,
846 2400 1218 2488 elephantos
1255 2423 1336 2478 113
1383 2398 1762 2465 fertilissimi
1795 2409 1948 2463 sunt
1974 2399 2113 2464 auri
2141 2399 2426 2480 Dardae,
2475 2400 2599 2470 Se·-

350 2515 452 2568 tae
497 2526 650 2569 vero
696 2514 761 2569 et
803 2504 1075 2592 argenti.
1121 2500 1259 2568 Sed
1302 2500 1587 2567 omnium
1628 2501 1698 2564 in
1738 2499 1926 2564 India
1967 2522 2190 2586 prope,
2236 2525 2368 2569 non
2407 2505 2599 2570 modo
2627 2522 2690 2566 ss

417 2646 446 2706 ξ
473 2649 553 2694 66.
598 2641 723 2704 LX,
755 2642 918 2693 RTd.
965 2639 1211 2702 LXXX,
1234 2641 1300 2691 K.
1346 2636 1531 2701 LXX,
1554 2633 1615 2699 β.
1647 2640 1785 2690 Add.
1810 2639 2025 2690 Salmas.
2060 2655 2225 2691 exerc.
2249 2658 2299 2706 p.
2327 2650 2441 2694 699.
2466 2662 2511 2695 a.
2539 2645 2597 2697 C.

351 2712 635 2775 Exscripsit
657 2712 784 2761 haec
808 2711 971 2762 Solin.
999 2716 1078 2771 52,
1105 2715 1151 2760 8.
1188 2749 1252 2759 -.
1290 2707 1517 2772 equitum,
1542 2709 1604 2756 T.
1643 2748 1707 2756 .-
1744 2714 1997 2769 excusant,
2016 2707 2066 2758 d.
2111 2707 2313 2761 Gentem
2338 2709 2598 2775 G'arqani-

350 2780 456 2829 clem
478 2778 588 2842 reqi
607 2795 695 2828 suo
721 2819 784 2827 -.
810 2785 1068 2839 excusant,
1090 2778 1223 2827 Rob.
1277 2817 1342 2826 .-
1391 2774 1712 2839 multipartita
1736 2774 1942 2841 ἀερίων,
1966 2777 2013 2825 d.
2061 2776 2599 2846 multiperracdeyitur,

347 2849 437 2896 ΒΛ.
481 2844 810 2909 multipartita
844 2842 1037 2905 dicitur,
1069 2846 1161 2894 R2.
1206 2885 1270 2894 ....
1327 2843 1581 2903 Tellurem,
1605 2843 1698 2892 Rd
1720 2840 1903 2904 (Rob.)
1948 2841 2064 2892 Alii
2085 2842 2323 2907 tellurem,
2346 2843 2451 2912 βγ.
2476 2850 2597 2898 Vid.

348 2916 414 2964 ad
438 2917 520 2974 37,
548 2918 660 2961 121.
699 2953 763 2961 -.
800 2928 924 2961 suas
951 2910 1058 2972 alii,
1084 2913 1131 2960 d.
1169 2951 1233 2975 -r
1270 2919 1594 2972 externasque
1618 2911 1857 2969 invehunt,
1882 2910 1987 2959 Td.
2024 2920 2251 2960 externas
2276 2913 2483 2976 inveunt,
2506 2914 2597 2965 3².

351 2997 429 3030 res
453 2989 682 3028 externas
705 2976 958 3037 invehunt,
981 2972 1038 3037 β.
1066 2977 1243 3028 Omitt.
1277 2978 1349 3026 R¹
1370 2969 1413 3022 θ
1445 2975 1590 3038 (vett.
1624 2977 1741 3025 libri
1773 2990 1853 3038 ap.
1889 2975 2134 3039 Salmas.)
2166 2991 2216 3041 r.
2262 3019 2326 3027 .-
2372 2996 2467 3041 νεε,
2494 2996 2596 3031 om.

345 3049 421 3098 d¹.
460 3088 523 3096 .-.
560 3044 868 3110 iudiciaque,
890 3046 1022 3094 Rob.
1049 3084 1112 3093 ..
1135 3044 1391 3103 celebrata,
1414 3044 1479 3092 R.
1507 3083 1570 3090 -
1595 3040 1692 3104 illi,
1718 3044 1764 3091 d.
1793 3082 1856 3090 .-.
1881 3043 2004 3104 vita,
2024 3044 2070 3091 d.
2097 3084 2162 3092 -..
2169 3043 2259 3106 fit,
2285 3048 2331 3095 d.
2358 3087 2421 3095 .-.
2446 3064 2598 3110 super

351 3114 472 3165 haec
496 3124 578 3173 est,
602 3115 666 3164 R.
702 3129 848 3179 super
869 3113 957 3163 hoc
980 3121 1064 3175 est,
1090 3112 1137 3161 da
1174 3119 1408 3176 superest,
1431 3111 1567 3160 Pint.
1600 3101 1656 3157 θ.
1702 3149 1765 3157 .-.
1814 3124 1839 3156 e
1864 3125 1972 3174 quo,
1995 3111 2058 3159 R.
2103 3128 2137 3159 a
2162 3127 2272 3174 que,
2296 3114 2387 3163 Τὰ
2411 3111 2596 3178 (Rob.)

349 3224 412 3231 -.
450 3179 744 3247 elephantos,
775 3182 866 3230 Rd
901 3176 1085 3242 (Rob.)
1140 3179 1435 3244 elephantes,
1466 3173 1568 3241 βγ.
1623 3217 1687 3225 ...
1740 3174 1859 3237 His,
1893 3178 1987 3227 Rd
2023 3174 2207 3240 (Rob.)
2260 3178 2355 3240 Ιίε,
2387 3176 2491 3246 fir.
2530 3222 2595 3232 -

347 3260 510 3311 arant,
536 3247 631 3312 his,
655 3251 727 3298 ita
750 3264 844 3298 nos
867 3248 1173 3311 scripsimus.
1221 3245 1438 3307 annuatis,
1462 3245 1527 3293 R.
1565 3252 1719 3292 arant
1741 3244 1797 3304 is,
1824 3246 1871 3293 d.
1918 3254 2139 3307 arantes,
2164 3261 2190 3294 r
2214 3243 2395 3311 (Rob.)
2442 3260 2592 3300 arant

346 3318 430 3379 iis,
448 3313 549 3381 βγ.
596 3359 659 3366 ...
705 3313 1003 3376 invehuntur,
1028 3316 1136 3365 Rd.
1180 3312 1497 3372 inveniuntur,
1521 3329 1547 3361 r
1570 3308 1756 3373 (Rob.)
1782 3312 2035 3373 vehuntur,
2058 3313 2357 3379 Dalecamp.
2381 3311 2486 3381 βγ.
2526 3358 2590 3368 ....

347 3383 443 3446 his,
466 3387 559 3435 Rd
583 3381 766 3505 (Rofih.)
814 3383 893 3445 iis,
929 3378 1031 3447 βγ.
1079 3422 1142 3431 .-
1191 3381 1432 3442 dilectum,
1456 3381 1549 3431 Rd
1581 3376 1766 3441 (Rob.)
1811 3420 1874 3428 ...
1925 3378 2085 3442 belua,
2119 3383 2151 3430 d
2185 3378 2370 3447 (Rob.)
2417 3383 2593 3448 bellua,

390 3489 402 3501 .
439 3450 566 3501 bella
604 3455 653 3502 R
758 3488 769 3500 .

342 3447 387 3513 β
415 3519 444 3579 ξ
482 3489 580 3569 673
616 3466 817 3583 τπαρζιαε
851 3516 1214 3583 amplitudinis,
1256 3508 1468 3566 RGTd
1513 3511 1684 3577 (codd.
1719 3514 1935 3566 Salmas.
1968 3531 2133 3565 exerc.
2168 3532 2219 3580 p.
2260 3524 2375 3568 699.
2412 3534 2460 3568 a.
2497 3515 2593 3580 D.)

346 3587 542 3650 amplae
565 3586 930 3650 maym'tudinis,
953 3581 1010 3646 β.
1043 3585 1330 3648 Exscripsit
1361 3584 1491 3632 haec
1523 3583 1682 3634 Solin.
1720 3589 1800 3644 52,
1837 3590 1913 3633 11.
1959 3624 2022 3633 ....
2071 3587 2254 3634 nomine
2278 3584 2593 3650 Modoqalin-

342 3671 469 3719 qam,
492 3656 584 3704 Rd
609 3651 778 3716 (c‘odd.
803 3651 1045 3715 SalmaS.)
1081 3653 1266 3703 nomine
1289 3649 1722 3716 Modoqalunyam,
1747 3652 1809 3699 Τ.
1853 3653 2033 3700 nomine
2056 3651 2191 3701 modo
2223 3651 2502 3718 Galinqam,
2534 3648 2591 3704 θ.

346 3719 754 3786 Modoyalinyam
787 3722 982 3782 nomine,
1013 3736 1064 3786 r.
1111 3719 1484 3785 Modoyalicam
1515 3719 1713 3780 nomine,
1737 3713 1795 3779 β.
1844 3760 1907 3767 .-
1961 3719 2167 3779 Uberae,
2192 3720 2299 3768 Rd.
2347 3723 2508 3782 ubere,
2532 3716 2590 3781 β.

355 3788 563 3839 Umbrae
593 3790 676 3838 vel
717 3789 984 3849 Umbritae,
1017 3790 1218 3839 Beines.
1246 3804 1350 3837 var.
1385 3788 1502 3836 lect.
1537 3793 1584 3847 2,
1622 3791 1665 3837 7.
1699 3802 1747 3849 p.
1787 3792 1898 3836 169.
1925 3800 1992 3835 ex
2017 3792 2063 3844 6,
2092 3789 2169 3836 76.
2226 3827 2289 3835 .-.
2344 3785 2590 3850 Modresi‚

345 3858 510 3907 BTd.
555 3851 1026 3919 Galmodroesi,19r.
1065 3897 1129 3905 ...
1164 3855 1296 3916 Peti,
1321 3856 1427 3904 Td.
1467 3895 1531 3903 .-.
1576 3852 1737 3915 Galoe,
1761 3854 1926 3903 RTd.
1962 3850 2209 3914 Aclissae,
2242 3847 2298 3902 θ.
2351 3853 2591 3918 Calissae,

343 3920 445 3989 βγ.
501 3965 564 3973 .-.
618 3924 882 3985 Passalae,
904 3925 1114 3975 Barbar.
1168 3922 1406 3983 Fasulae,
1430 3923 1595 3972 RTd.
1631 3962 1696 3970 .-
1743 3920 1960 3982 Colobae,
1983 3922 2091 3970 Rd.
2134 3918 2361 3982 Colubae,
2385 3918 2485 3987 βγ.
2524 3964 2589 3973 -.

351 3990 650 4054 Orumcolae,
675 3994 782 4042 Rd.
834 3990 1069 4052 Orxulae‚
1101 3987 1203 4055 βγ.
1255 3988 1488 4049 Orzulae,
1511 3990 1719 4042 Barbar.
1764 4029 1828 4037 ...
1872 3987 2065 4050 Abatle,
2089 3990 2151 4039 R.
2199 4031 2262 4038 -
2318 3988 2589 4053 Thalutae,

345 4059 452 4109 Rd.
502 4059 759 4121 Taluctae,
781 4054 884 4124 βγ.
939 4101 1003 4108 -
1057 4058 1170 4109 Rex
1193 4055 1628 4118 Modresephorum
1644 4055 1871 4121 peditum,
1895 4056 2027 4106 Rob.
2083 4097 2146 4105 -.
2200 4056 2240 4105 Ι
2249 4056 2305 4119 V,
2328 4058 2378 4108 R
2396 4050 2587 4109 GTdr.

344 4125 426 4188 II,
450 4129 583 4178 Rob.
616 4127 732 4188 ΙΙΙ,
757 4123 860 4191 βγ.
897 4168 961 4176 .-
998 4124 1371 4192 elephantorum,
1404 4117 1629 4190 RGTd.
1666 4123 1959 4187 elephantos,
1991 4125 2125 4173 Rob.
2158 4119 2259 4188 βγ.
2299 4166 2362 4174 .-.
2402 4122 2589 4186 0000,

344 4195 408 4244 R..
444 4194 596 4258 IIII,
622 4196 727 4245 Td.
765 4193 905 4256 mille,
930 4196 1061 4245 Rob.
1099 4234 1162 4243 -.
1200 4191 1491 4261 elephantes,
1514 4195 1576 4243 R.
1617 4232 1677 4255 ,τ
1722 4189 1947 4254 Derdas,
1971 4190 2160 4242 Sabell.
2201 4235 2260 4243 ...
2303 4193 2451 4245 Setae
2473 4211 2587 4245 vero

346 4272 406 4322 et,
429 4264 479 4312 R
496 4256 552 4312 θ.
589 4273 666 4313 set
688 4264 826 4314 ebore
850 4273 907 4324 et,
932 4264 1036 4314 Td.
1075 4261 1224 4314 Setae
1247 4278 1372 4323 vero,
1396 4255 1499 4325 βγ.
1645 4301 1650 4309 .

413 4328 441 4389 ξ
469 4337 549 4381 68.
586 4334 799 4395 omnium,
823 4332 953 4382 Rob.
999 4332 1174 4393 omnia,
1205 4330 1369 4380 RTd.
1416 4330 1532 4380 vid.
1559 4328 1716 4381 Solin.
1744 4332 1824 4391 52,
1853 4334 1929 4379 12.
