2961 4861
410 340 498 379 XL
1076 336 1083 343 ‘
1342 336 1722 380 PRAEFATIO.

415 489 736 549 stemmatis
774 490 889 548 mei
931 486 1157 563 teneat,
1203 491 1391 550 multo
1429 490 1682 549 deterior
1718 496 1874 548 certe
1919 487 2115 547 codice
2141 489 2218 547 ab
2250 489 2454 549 eadem
2481 508 2677 550 manu

417 600 666 676 script0,
717 600 818 676 qui
857 600 1115 660 Plinium
1154 599 1453 660 Iuniorem
1490 599 1778 675 continet3
1833 597 1986 656 adde
2028 596 2365 657 Schulzium
2407 599 2471 657 in
2513 599 2674 657 diar.

416 708 693 769 scholast.
726 704 912 769 1831.
948 727 1040 767 nr.
1076 705 1176 767 72.
1228 706 1534 785 Baptistae
1571 709 1898 779 Res-canati,
1943 706 2172 782 patricii
2206 705 2440 779 Veneti,
2479 708 2679 767 codex

414 818 693 877 laudatur
732 836 769 875 a
807 815 1142 875 Pontedera
1181 824 1327 875 antt.
1355 815 1495 876 Lat.
1527 823 1588 873 et
1616 814 1726 875 Gr.
1757 835 1817 892 p.
1849 810 1951 875 52.
1983 810 2130 874 391.
2160 810 2307 875 392.
2350 816 2678 875 Resondini

417 928 647 987 codices
685 927 804 983 duo
843 924 1159 983 laudantur
1199 925 1276 984 ad
1303 920 1368 997 4,
1403 920 1545 984 112.
1593 925 1863 984 Sabellici
1888 923 2097 994 codex,
2127 940 2245 998 quo
2272 924 2399 999 ipse
2426 925 2677 1000 aliquo-

417 1037 525 1094 ties
564 1036 641 1092 ad
667 1032 930 1092 Plinium
957 1033 1382 1094 emendandum
1412 1052 1560 1093 usus
1592 1039 1711 1106 est,
1756 1033 2025 1108 inprimis
2052 1039 2294 1091 notatur
2317 1034 2397 1092 ad
2425 1028 2489 1104 5,
2523 1029 2670 1094 148.

421 1140 483 1216 6,
526 1139 627 1203 93.
684 1143 872 1202 Iulius
910 1140 1128 1201 Caesar
1164 1144 1425 1220 Scaliqer
1465 1160 1613 1202 usus
1654 1150 1745 1200 est
1785 1150 1983 1200 vetere
2024 1141 2223 1200 codice
2265 1141 2344 1199 ad
2385 1137 2487 1215 13,
2521 1137 2673 1201 100.

420 1247 587 1332 (vide
624 1253 701 1311 ad
739 1250 1041 1328 Theophr.
1082 1252 1164 1310 H.
1202 1250 1302 1311 Pl.
1340 1270 1400 1328 p.
1429 1246 1589 1327 45.).
1656 1251 1916 1310 Shavisii
1956 1250 2145 1309 codex
2182 1260 2680 1310 commemoratur

419 1363 498 1421 ad
537 1357 607 1433 6,
655 1357 798 1421 197.
854 1361 1059 1421 Surita
1104 1367 1338 1436 praeter
1369 1361 1589 1418 librum
1626 1357 2243 1434 caesaraugustanum
2280 1366 2400 1418 tres
2442 1359 2675 1419 codices

420 1470 628 1529 habuit
669 1490 703 1528 e
745 1471 1026 1529 coenobio
1062 1471 1235 1527 aulae
1270 1468 1386 1527 Dei
1425 1463 1518 1548 (v.
1562 1469 1640 1528 ad
1678 1464 1745 1542 6,
1795 1462 1995 1549 loa),
2050 1469 2343 1528 Robertus
2389 1468 2581 1528 Titius
2608 1468 2671 1526 in

423 1579 613 1651 „locis
655 1546 1081 1638 controversis’'
1126 1595 1270 1635 usus
1313 1583 1403 1635 est
1440 1577 1636 1636 codice
1673 1581 1876 1636 vetere
1919 1571 2011 1656 (v.
2040 1578 2118 1635 ad
2149 1572 2251 1649 18,
2280 1569 2419 1656 42.)
2435 1617 2455 1647 ,
2497 1584 2688 1652 quem·

426 1687 680 1747 cariosas
708 1688 1081 1746 membranas
1109 1686 1250 1745 dicit
1275 1687 1336 1744 in
1365 1687 1689 1745 assertione
1716 1704 1777 1763 p.
1812 1681 1958 1744 206.
2004 1687 2336 1745 Torrentius
2362 1684 2677 1759 aliquoties

424 1796 678 1857 codicem
710 1816 884 1856 suum
916 1805 1353 1869 commemorat,
1386 1797 1475 1854 uti
1502 1796 1579 1854 ad
1611 1791 1714 1866 16,
1744 1789 1892 1852 237.
1922 1790 2027 1866 34,
2057 1789 2185 1867 33.,
2234 1795 2533 1854 Turnebus
2559 1812 2675 1853 au-

424 1916 544 1966 tem
579 1908 643 1965 in
680 1906 1035 1963 adversariis
1078 1906 1415 1981 saepissime
1455 1906 1534 1964 ad
1576 1905 1806 1963 codices
1847 1922 1987 1963 suos
2024 1909 2335 1980 provocat,
2375 1921 2526 1978 quos
2551 1910 2675 1961 tres

427 2013 859 2075 vetustissimos
891 2012 1076 2071 fuisse
1104 2013 1253 2071 dixit
1278 2013 1358 2071 ad
1384 2013 1571 2089 praef.
1604 2016 1633 2082 ξ
1666 2008 1767 2071 16.
1802 2008 1903 2071 19.
1958 2013 2162 2072 Ursini
2187 2012 2374 2070 codex
2397 2009 2679 2071 laudatur

428 2122 505 2181 ad
529 2118 589 2193 8,
617 2114 759 2179 165.
797 2116 939 2181 187.
971 2117 1074 2193 26,
1101 2117 1204 2179 93.
1236 2116 1339 2194 35,
1368 2117 1537 2192 149.,
1569 2122 1797 2180 codices
1824 2122 1902 2178 ad
1925 2115 1985 2194 9,
2012 2116 2182 2192 170.;
2212 2121 2285 2179 de
2311 2120 2417 2179 illo
2443 2120 2682 2180 locutus

428 2237 521 2290 est
545 2231 607 2287 in
634 2229 955 2306 appendice
981 2230 1059 2286 ad
1088 2227 1382 2288 Ciacconii
1407 2231 1624 2289 librum
1653 2232 1726 2289 de
1753 2229 2001 2288 triclinio
2015 2272 2031 2302 ‚
2074 2235 2134 2288 et
2162 2230 2214 2288 si
2241 2216 2384 2288 νει-ἀ
2411 2231 2681 2289 narravit

429 2338 820 2411 Rezzonious,
864 2355 1020 2396 nunc
1057 2314 1293 2397 notatur
1332 2337 1657 2397 Vaticanus
1695 2334 1860 2398 3861
1904 2331 2050 2418 (D).
2103 2339 2343 2399 Venetus
2385 2339 2571 2397 codex
2595 2338 2679 2397 D.

430 2448 679 2508 Antonii
707 2448 959 2507 innotuit
987 2446 1292 2507 Gronovio
1321 2451 1477 2509 obss.
1512 2445 1571 2520 1,
1600 2445 1662 2508 4.
1694 2442 1863 2527 (coll.
1891 2449 1967 2506 ad
1996 2443 2101 2519 36,
2136 2443 2289 2524 71.)‚
2318 2449 2468 2507 alter
2503 2450 2682 2510 Vene-

436 2568 531 2618 tus
557 2556 934 2616 Bessarionis
960 2557 1241 2617 laudatur
1266 2558 1342 2617 ad
1370 2553 1432 2630 4,
1467 2553 1612 2617 107.

518 2659 763 2725 Praeter
797 2667 909 2724 hos
951 2668 1178 2726 codices
1220 2667 1498 2744 permulti
1538 2667 1773 2742 quidem
1815 2666 1916 2724 alii
1957 2687 1995 2723 a
2020 2665 2477 2724 Montefalconio
2503 2666 2567 2724 in
2595 2666 2685 2724 bi-

434 2774 728 2834 bliotheca
767 2772 1282 2846 bibliothecarum,
1325 2773 1556 2834 Comite
1581 2775 1774 2833 Turre
1803 2776 1877 2833 de
1903 2774 2227 2833 Bezzonico
2240 2816 2259 2846 ,
2301 2773 2592 2833 Haenelio
2617 2775 2684 2832 in

435 2884 705 2959 catalogo
735 2883 998 2942 codicum
1024 2889 1085 2941 et
1110 2882 1245 2941 aliis
1276 2882 1414 2940 viris
1442 2882 1627 2941 doctis
1657 2891 2213 2968 commemorantur,
2245 2882 2346 2958 qui
2371 2882 2687 2942 bibliothe-

437 3011 536 3053 cas
565 2994 836 3053 adierunt
861 3011 1180 3068 eorumque
1205 2991 1516 3050 thesauros
1545 2991 2006 3068 descripserunt,
2051 3009 2231 3066 quam
2259 2990 2548 3067 insignem
2577 3009 2688 3049 co-

436 3104 595 3179 piam
638 3121 809 3162 nemo
850 3103 1189 3173 mirabitur,
1234 3120 1367 3161 cum
1409 3109 1636 3159 constet
1674 3118 1905 3160 summa
1932 3100 2313 3159 admiratione
2340 3108 2529 3159 totum
2555 3118 2688 3158 me-

439 3213 598 3271 dium
641 3231 854 3272 aevum
893 3211 1071 3271 Plinii
1109 3230 1259 3290 opus
1296 3211 1678 3288 prosecutum
1719 3210 1932 3283 fuisse,
1974 3209 2131 3286 quod
2173 3210 2228 3267 ei
2263 3227 2372 3285 pro
2400 3210 2687 3266 thesauro

440 3321 701 3378 omnium
740 3321 976 3378 omnino
1012 3339 1209 3379 rerum
1248 3327 1401 3392 erat,
1447 3339 1525 3377 ex
1564 3338 1683 3395 quo
1711 3319 2135 3396 propemodum
2160 3337 2279 3376 uno
2307 3335 2540 3376 omnem
2567 3333 2687 3391 qua

443 3427 695 3501 egebant
721 3426 1084 3499 antiquitatis
1113 3428 1413 3486 scientiam
1440 3427 1763 3486 hauriebat.
1810 3428 1994 3486 Recte
2013 3433 2213 3485 autem
2239 3426 2461 3484 Ianus
2490 3425 2686 3483 multi-

444 3534 580 3611 plici
634 3533 991 3610 experientia
1030 3534 1271 3592 edoctus
1309 3534 1372 3590 in
1410 3536 1571 3592 obss.
1614 3535 1763 3594 mitt.
1807 3553 1868 3612 p.
1910 3531 1969 3594 9.
2012 3552 2103 3609 sq.
2144 3534 2445 3611 professus
2480 3540 2574 3593 est
2611 3551 2690 3592 ex

444 3643 715 3720 quamvis
757 3659 975 3718 magno
1013 3660 1216 3701 eorum
1252 3660 1497 3699 numero
1537 3643 1638 3702 vix
1673 3660 1953 3718 magnum
1994 3645 2361 3703 commodum
2398 3643 2476 3703 ad
2511 3640 2689 3701 Plinii

445 3753 906 3812 emendationem
933 3752 1395 3810 redundaturum
1424 3769 1576 3823 esse,
1605 3753 1722 3811 nisi
1749 3751 1901 3811 forte
1922 3754 2113 3812 codex
2131 3752 2339 3826 aliquis
2360 3752 2686 3828 detegetur,

448 3861 551 3936 qui
578 3862 789 3919 maiori
814 3861 968 3936 parti
996 3861 1283 3919 naturalis
1311 3860 1589 3919 historiae
1618 3880 1749 3920 eam
1776 3880 1945 3938 opem
1972 3861 2128 3920 ferat
2139 3903 2159 3932 ,
2203 3878 2381 3936 quam
2408 3860 2689 3920 Bamber-

448 3969 646 4044 gensis
684 3977 980 4027 extremae
1017 3966 1169 4028 tulit.
1225 3967 1385 4028 Nam
1412 3970 1637 4047 priores
1665 3970 1841 4030 Plinii
1867 3971 2050 4030 libros
2077 3971 2141 4028 in
2169 3968 2481 4040 codicibus,
2510 3977 2689 4044 quot-

451 4084 596 4153 quot
633 4094 836 4136 eorum
871 4078 1278 4150 innotuerunt,
1322 4080 1592 4138 omnibus
1619 4097 1803 4157 aeque
1830 4078 2140 4139 lacunosos
2177 4097 2331 4150 esse,
2374 4085 2551 4154 atque
2576 4097 2689 4154 po-

456 4185 656 4248 stremi
685 4185 921 4247 fuerunt
949 4194 1083 4247 ante
1111 4188 1400 4247 detectum
1428 4186 1919 4265 Bambergensem
1932 4229 1952 4259 ,
1984 4205 2117 4246 cum
2147 4187 2383 4247 aliunde
2410 4187 2692 4248 ooniioere

954 4503 1047 4554 -ἱι
