2961 4861
431 352 615 396 Lxxx
1356 348 1736 392 PRAEFATIO.

429 507 493 564 in
535 503 773 563 modum
816 510 1111 581 corrupta.
1154 500 1249 561 Ea
1286 502 1361 560 de
1402 518 1581 561 causa
1618 500 1793 559 etiam
1827 500 1889 558 in
1927 500 2144 560 talibus
2183 500 2357 575 locis,
2400 520 2549 578 quos
2587 523 2685 564 me

428 622 586 675 recte
612 614 983 692 interpretari
1009 630 1183 688 posse
1207 612 1338 689 ipse
1364 612 1766 689 desperabam,
1809 609 2198 670 dubitationes
2226 629 2390 671 meas
2417 612 2685 690 proferre

428 733 490 785 et
509 724 971 786 imbecillitatem
992 722 1276 793 confiteri,
1300 739 1480 797 quam
1508 720 1763 797 speciem
1784 738 1887 779 eos
1908 739 2002 779 me
2027 719 2392 781 intellexisse
2419 740 2565 799 prae
2583 743 2684 782 me

427 836 583 895 ferre
602 834 805 904 malui,
834 832 920 891 ita
938 832 1174 889 demum
1196 830 1566 889 difficultates
1587 849 1624 887 a
1643 847 1738 887 me
1760 835 2121 889 monstratas
2143 830 2460 906 aliquando
2479 852 2685 892 remo-

428 945 560 1006 veri
585 960 760 1021 posse
787 958 1049 1018 sperans.
1090 939 1484 999 verbositatis
1511 939 1755 1011 crimen,
1785 939 2104 999 dummodo
2131 958 2239 1016 per
2265 959 2398 1000 eam
2421 960 2521 1001 res
2548 942 2687 1019 ipsa

426 1054 505 1112 sit
538 1059 830 1130 promota,
867 1051 962 1109 his
998 1051 1062 1108 in
1096 1051 1274 1109 rebus
1302 1049 1498 1108 minus
1524 1047 1839 1107 reformido
1868 1067 2046 1124 quam
2072 1049 2304 1110 ieiunae
2330 1051 2682 1124 sterilitatis,

425 1180 546 1238 qua
572 1161 837 1232 efficitur,
866 1168 936 1218 ut
961 1160 1150 1218 multa
1176 1177 1328 1233 quae
1353 1159 1701 1235 explicanda
1729 1166 1898 1217 erant
1915 1177 2036 1217 non
2056 1160 2425 1236 explicentur
2446 1166 2508 1218 et
2535 1160 2681 1236 quid

422 1270 617 1329 editor
645 1270 877 1343 sentiat,
901 1286 1078 1346 saepe
1104 1268 1451 1327 nesciamus.
1498 1265 1673 1340 Quod
1699 1275 1897 1326 autem
1924 1286 2046 1327 non
2073 1269 2268 1329 omnia
2292 1270 2378 1328 ita
2406 1272 2680 1347 exposui,

423 1381 648 1439 factum
674 1379 736 1437 id
764 1387 852 1438 est
877 1398 986 1456 per
1011 1395 1293 1454 magnum
1322 1375 1516 1453 operis
1543 1376 1800 1436 Pliniani
1827 1378 2134 1437 ambitum.
2178 1378 2253 1439 In
2294 1380 2441 1439 locis
2469 1380 2679 1457 paral-

424 1490 557 1548 lelis
585 1509 619 1548 e
646 1488 893 1549 vetustis
923 1486 1305 1563 scriptoribus
1331 1487 1642 1545 laudandis
1671 1486 1781 1545 hos
1811 1485 1957 1546 mihi
1995 1488 2145 1548 fines
2173 1488 2364 1565 posui,
2402 1498 2474 1548 ut
2499 1488 2677 1548 modo

422 1599 728 1675 graviores
744 1615 950 1656 eorum
971 1596 1261 1669 afferrem,
1276 1613 1425 1673 quos
1438 1596 1630 1673 ipsum
1641 1595 1900 1655 Plinium
1912 1599 2280 1673 expressisse
2290 1596 2524 1676 (quales
2536 1606 2678 1658 sunt

420 1707 782 1781 Aristotelis,
813 1700 1243 1786 Theophrasti)
1271 1712 1332 1764 et
1356 1723 1506 1782 quos
1533 1707 1610 1765 ab
1637 1705 1791 1779 aliis,
1817 1706 1906 1765 uti
1934 1724 1973 1767 a
1996 1704 2193 1766 Plinio
2221 1707 2560 1782 Valeriano,
2600 1728 2677 1767 ex

420 1818 618 1878 Plinio
657 1826 924 1894 sumptos
961 1834 1088 1875 esse
1128 1814 1504 1875 manifestum
1530 1823 1640 1888 est,
1687 1833 1839 1891 quae
1877 1823 2076 1875 autem
2104 1819 2181 1877 ab
2207 1818 2339 1876 aliis
2366 1818 2673 1894 scriptori-

420 1929 532 1987 bus
549 1925 746 1985 Plinio
774 1943 1039 1999 congrua
1062 1932 1398 1996 narrantur,
1420 1943 1494 1984 ea
1520 1925 1716 1984 omnia
1735 1926 2083 1998 omitterem,
2110 1927 2243 2003 ipsa
2269 1945 2413 1986 vero
2432 1928 2672 1985 illorum

422 2037 772 2112 scriptorum
793 2036 978 2094 verba
996 2034 1407 2106 exscriberem,
1439 2034 1546 2093 ubi
1567 2040 1674 2092 aut
1692 2036 1769 2094 ad
1790 2035 2232 2113 explicationem
2252 2043 2358 2095 aut
2377 2037 2453 2095 ad
2474 2055 2671 2094 emen·

419 2145 711 2204 dationem
736 2145 1003 2203 locorum
1029 2140 1439 2200 Plinianorum
1466 2142 1688 2202 referre
1714 2144 2044 2203 videbatur.
2109 2142 2267 2218 Quid
2295 2147 2460 2205 verbi
2489 2165 2672 2205 causa

417 2254 570 2314 iuvit
605 2251 667 2326 2,
714 2249 816 2313 96.
862 2271 991 2328 sqq.
1030 2271 1066 2311 e
1091 2250 1290 2324 Livio,
1318 2251 1565 2312 Valerio
1591 2256 1876 2328 Maximo,
1921 2254 2077 2314 Iulio
2106 2253 2498 2332 obsequente,
2539 2256 2669 2315 aliis

418 2365 601 2424 verba
627 2363 856 2438 afferre,
888 2363 1104 2438 quibus
1134 2370 1362 2421 ostenta
1382 2381 1421 2421 a
1440 2363 1633 2422 Plinio
1660 2370 1901 2423 narrata
1926 2364 2301 2423 referuntur?
2342 2365 2575 2424 Pariter
2604 2367 2667 2424 in

416 2476 746 2535 nominibus
782 2473 1190 2551 geographicis
1228 2472 1601 2547 Strabonem,
1642 2472 2006 2551 Stephanum
2033 2474 2408 2554 Byzantium,
2451 2474 2668 2534 Ptole-

415 2603 672 2655 maeum,
712 2583 861 2643 alios
889 2591 1017 2643 tum
1046 2585 1282 2643 demum
1309 2584 1584 2661 produxi,
1613 2585 1714 2643 ubi
1737 2604 1846 2662 per
1873 2586 2267 2645 coniecturam
2294 2586 2417 2645 tale
2449 2604 2665 2645 nomen

416 2713 454 2752 a
479 2711 575 2751 me
613 2693 869 2768 primum
897 2700 990 2750 est
1013 2692 1385 2751 immutatum
1413 2701 1520 2762 aut
1546 2694 1838 2753 codicibus
1864 2694 2008 2753 nihil
2045 2696 2161 2754 nisi
2196 2713 2424 2755 errores
2450 2695 2665 2755 calami

417 2802 824 2861 exhibentibus
851 2801 1021 2860 lectio
1049 2801 1294 2876 vulgata
1324 2798 1357 2882 β
1397 2802 1510 2861 fuit
1535 2804 1857 2863 retinenda.
1903 2804 2074 2864 Hanc
2113 2807 2192 2864 ad
2231 2805 2662 2877 vindicandam,

415 2913 822 2986 undecumque
847 2910 1033 2987 potui,
1077 2910 1240 2969 locos
1268 2911 1585 2987 parallelos
1614 2913 1911 2986 arcessivi,
1942 2915 2155 2990 quibus
2182 2915 2405 2975 frustra
2432 2916 2662 2992 quaesi·

410 3023 486 3081 tis
527 3040 740 3081 nomen
779 3021 975 3099 ipsum
1017 3039 1093 3079 ex
1134 3038 1298 3079 more
1337 3021 1479 3080 mihi
1515 3029 1751 3099 recepto
1788 3024 1852 3082 in
1892 3024 2141 3083 indicem
2183 3026 2448 3084 miticum
2489 3025 2662 3084 reieci

409 3134 805 3208 reiectumque
831 3132 1027 3190 littera
1057 3126 1090 3210 β
1120 3131 1389 3208 apposita
1416 3132 1639 3192 notavi.

494 3241 666 3300 Nihil
691 3242 810 3299 iam
836 3241 1132 3315 reliquum
1160 3250 1270 3313 est,
1300 3242 1414 3299 nisi
1441 3249 1511 3300 ut
1536 3242 1806 3316 lectores,
1837 3244 1940 3319 qui
1960 3242 2100 3303 huic
2120 3244 2270 3303 libro
2291 3245 2656 3319 contingent,

406 3352 678 3424 ingentes
706 3347 1095 3420 difficultates,
1124 3350 1471 3421 quibuscum
1500 3352 1643 3410 mihi
1670 3353 2114 3411 conflictandum
2143 3354 2276 3428 fuit,
2306 3372 2382 3411 ne
2408 3372 2658 3431 prorsus

410 3457 856 3527 obliviscantur,
878 3457 1051 3513 enixe
1071 3474 1294 3530 rogem.
1339 3456 1421 3513 Et
1440 3460 1691 3517 ambitus
1721 3461 1909 3537 operis
1938 3469 1997 3520 et
2022 3481 2219 3521 rerum
2246 3464 2306 3521 in
2337 3482 2410 3522 eo
2437 3472 2655 3522 tracta-

407 3578 602 3627 tarum
629 3565 945 3623 multitudo
975 3573 1037 3622 et
1063 3563 1312 3623 varietas
1333 3565 1473 3641 quin
1494 3567 1570 3624 ad
1591 3570 1810 3628 multos
1831 3589 2063 3630 errores
2086 3570 2260 3648 (quos
2281 3575 2429 3632 tales
2448 3573 2656 3634 haberi

405 3696 582 3755 posse
622 3674 823 3749 velim,
865 3673 1070 3749 quales
1107 3674 1441 3734 hominibus
1470 3677 1885 3738 condonandos
1920 3699 2051 3739 esse
2078 3683 2412 3757 nuperrime
2453 3682 2656 3740 docuit

407 3806 672 3847 summus
693 3787 840 3845 Her
853 3802 1150 3842 mannus
1171 3783 1231 3841 in
1252 3784 1660 3846 dissertatione
1680 3789 1755 3846 de
1774 3788 2077 3867 Euripidis
2087 3792 2444 3864 Troadibus,
2466 3811 2526 3868 p.
2552 3785 2650 3870 5.)

404 3917 500 3955 me
541 3896 867 3966 deduxerit,
905 3894 1146 3953 minime
1184 3895 1407 3968 dubito,
1451 3904 1512 3954 et
1539 3898 1641 3973 qui
1669 3904 1858 3957 totum
1888 3918 2038 3976 opus
2067 3919 2141 3958 ex
2170 3920 2290 3960 uno
2318 3920 2494 3978 quem
2521 3901 2650 3977 ipse

403 4006 770 4082 potissimum
796 4005 1074 4064 tractavit
1099 4005 1231 4064 loco
1268 4006 1530 4066 iudicare
1571 4014 1631 4066 et
1659 4024 1828 4067 suam
1858 4029 2058 4068 curam
2086 4012 2149 4069 in
2181 4030 2252 4070 re
2280 4010 2519 4087 pusilla,
2561 4010 2649 4067 uti

402 4115 588 4187 decet,
630 4132 1077 4190 quoquoversus
1113 4116 1395 4175 intentam
1433 4119 1510 4177 ab
1549 4118 1770 4176 editore
1808 4121 1990 4178 totius
2031 4121 2319 4179 naturalis
2359 4120 2646 4178 historiae

401 4234 676 4304 expetere
703 4227 979 4299 voluerit,
1008 4227 1100 4285 cui
1126 4227 1324 4305 generi
1349 4228 1611 4287 iudicum
1636 4227 1773 4287 talis
1792 4228 1967 4288 iudex
1994 4230 2386 4291 accensendus
2414 4231 2511 4304 sit,
2542 4230 2644 4287 alii
