2961 4861
384 412 507 474 258
1083 418 1488 467 NATURAms
1536 414 1924 494 msTomAE

382 577 714 664 eporedias
765 574 938 641 Galli
982 573 1182 637 bonos
1227 591 1536 653 equorum
1581 566 1924 631 domitores
1967 572 2232 637 vocant3
2290 561 2627 627 Vercellae

377 680 752 745 Libicorum
798 699 879 741 ex
910 671 1209 738 Salluviis
1238 679 1437 745 ortae,
1484 667 1762 733 Novaria
1793 662 2456 731 ex'Vertacomacoris
2485 662 2627 728 Vo-

378 782 731 846 contiorum
775 775 1094 858 hodieque
1136 793 1327 859 pago,
1373 793 1501 835 non
1545 771 1650 855 (ut
1680 765 1843 833 Cato
1875 764 2249 849 existumat)
2278 762 2625 851 Ligurum,

378 906 458 946 ex
504 880 736 964 quibus
779 875 983 941 Laevi
1030 885 1094 939 et
1137 871 1371 936 Marici
1412 868 1754 935 condidere
1798 867 2096 932 Ticinum
2151 887 2278 930 non
2321 866 2544 950 procul
2587 888 2628 929 a

375 981 576 1071 Pado,
636 979 803 1044 sicut
844 975 990 1040 Boii
1033 970 1495 1058 Transalpibus
1553 969 1829 1056 profecti
1878 967 2175 1031 Laudem
2216 964 2622 1051 Pompeiam,

373 1080 679 1145 Insubres
708 1077 1171 1143 Mediolanum.
1228 1072 1614 1138 Orobiorum
1660 1068 1877 1154 stirpis
1921 1089 2063 1132 esse
2110 1063 2383 1131 Comum
2428 1075 2626 1148 atque

372 1182 763 1268 Bergomum
820 1189 885 1243 et
926 1175 1352 1242 Liciniforum
1408 1172 1650 1255 aliquot
1703 1169 1872 1234 circa
1924 1167 2196 1252 populos
2250 1176 2470 1231 auctor
2524 1179 2627 1232 est

377 1282 572 1360 Cato,
609 1282 746 1352 ,sed
805 1278 1117 1364 originem
1159 1274 1371 1363 gentis
1414 1273 1709 1359 ignorare
1754 1292 1822 1334 se
1848 1269 2145 1345 fatetur,
2200 1288 2393 1350 quam
2435 1267 2628 1333 docet

378 1381 715 1460 Cornelius
759 1378 1133 1445 Alexander
1175 1385 1381 1440 ortam
1436 1397 1475 1436 a
1517 1369 1812 1448 Graecia,
1857 1368 2384 1454 interpretatione
2427 1369 2621 1433 etiam

372 1484 646 1548 nominis
700 1483 897 1546 vitam
946 1479 1012 1541 in
1065 1475 1387 1540 montibus
1432 1471 1825 1560 degentium.
1892 1469 1971 1533 In
2022 1469 2144 1534 hoc
2202 1469 2328 1534 situ
2380 1469 2622 1534 interiit

372 1586 683 1672 oppidum
728 1579 1117 1648 Orobiorum
1159 1576 1381 1652 Parra,
1423 1573 1602 1637 unde
1634 1570 2053 1657 Bergomates
2099 1567 2263 1634 Cato
2306 1569 2471 1637 dixit
2513 1594 2620 1635 or-

374 1698 506 1764 tos,
564 1686 911 1751 etiamnum
965 1679 1273 1766 prodente
1333 1698 1402 1739 se
1456 1673 1648 1737 altius
1707 1694 1897 1755 quam
1956 1671 2345 1735 fortunatius
2404 1671 2618 1736 situm.

372 1788 682 1852 Interiere
718 1796 793 1850 et
840 1780 1187 1866 Caturiges
1229 1775 1578 1840 Insubrum
1622 1772 1876 1837 exsules
1921 1781 1985 1835 et
2031 1767 2234 1856 Spina
2280 1794 2475 1857 supra
2517 1772 2620 1835 ‹li-

376 1899 499 1966 cta,
545 1890 701 1952 item
732 1884 1029 1968 Melpum
1071 1877 1395 1966 opulentia
1439 1874 1880 1960 praecipuum,
1927 1871 2100 1954 quod
2129 1872 2210 1936 ab
2237 1871 2621 1938 Insubribus

378 2001 443 2054 et
496 1988 674 2052 Boiis
728 1996 793 2050 et
852 1981 1214 2048 Senonibus
1270 1978 1551 2041 deletum
1605 1996 1744 2038 esse
1809 1995 1883 2037 eo
1948 1972 2051 2037 die
2118 1995 2247 2057 quo
2307 1971 2622 2038 Camillus

376 2089 574 2156 Veios
622 2086 863 2172 ceperit
904 2083 1126 2166 Nepos
1172 2078 1510 2144 Cornelius
1555 2073 1834 2139 tradidit.
1954 2074 1959 2079 ’

379 2297 597 2365 praefert
626 2293 849 2354 Madvig.
887 2303 1058 2352 opusc.
1095 2287 1234 2335 acad.
1269 2284 1312 2332 I.
1350 2297 1400 2345 p.
1437 2286 1571 2340 288„
1607 2279 1694 2341 qui
1726 2279 1849 2328 scite
1884 2278 2086 2342 quidem
2111 2281 2175 2328 ad
2208 2280 2352 2331 iussa
2383 2277 2621 2346 Sibyllina

379 2366 646 2418 asserenda
674 2363 850 2412 laudat
880 2354 1130 2420 Sibyllina
1162 2349 1378 2402 remedia
1415 2355 1496 2407 11,
1530 2352 1641 2396 105.
1698 2346 1799 2396 Sed
1832 2353 1889 2394 ut
1920 2354 2115 2395 taceam
2150 2347 2302 2398 iussis
2349 2364 2456 2398 non
2497 2358 2622 2413 apto

379 2439 494 2486 loco
518 2434 741 2498 positum
765 2426 936 2484 videri,
960 2423 1057 2473 nisi
1079 2422 1212 2472 forte
1233 2417 1520 2479 Madvigius
1543 2415 1670 2464 illud
1694 2415 1848 2477 paulo
1881 2414 2150 2464 violentius
2182 2429 2316 2479 pone
2353 2415 2620 2482 Sibyllinis

380 2503 667 2553 transiicere
688 2499 825 2556 velit,
851 2495 1095 2557 scriptura
1114 2490 1325 2551 vulgata
1347 2503 1378 2535 a
1399 2485 1545 2534 nobis
1567 2491 1817 2542 revocata,
1842 2483 1983 2531 cuius
2005 2484 2240 2532 notitiam
2262 2485 2340 2533 vir
2360 2493 2621 2549 praestan-

380 2571 603 2620 tissimus
635 2580 742 2615 non
773 2563 968 2621 habuit,
1004 2567 1055 2608 et
1088 2571 1262 2606 omncs
1296 2553 1619 2603 difficultates
1653 2551 1841 2613 optime
1874 2550 2024 2599 solvit
2058 2558 2108 2599 et
2141 2555 2398 2613 quomodo
2425 2561 2621 2603 ceterae

380 2637 623 2686 lectiones
649 2640 788 2680 ortae
813 2630 928 2687 sint,
953 2627 1085 2675 clare
1110 2627 1271 2673 docet.
1313 2620 1682 2683 Interpolatam
1706 2633 1769 2666 ne
1793 2631 1906 2666 eam
1938 2618 2178 2679 dicamus,
2214 2620 2425 2682 impedit
2457 2621 2620 2669 oratio

351 2751 354 2754 .
383 2718 490 2752 non
522 2702 641 2750 satis
674 2698 926 2761 expedita,
961 2706 1090 2756 quae
1125 2689 1421 2752 sapientiam
1455 2686 1771 2735 librariorum
1804 2699 1911 2733 non
1942 2686 2147 2734 redolet.
2201 2686 2292 2736 Uti
2320 2702 2440 2736 vero
2464 2703 2620 2736 nemo

383 2769 737 2827 offenderetur,
773 2765 816 2812 si
845 2761 1043 2811 Plinius
1076 2757 1370 2821 simpliciter
1404 2755 1616 2804 dixisset
1649 2751 1786 2801 libris
1822 2750 1925 2802 Sib.
1961 2753 2106 2802 condi
2137 2752 2339 2814 iussum,
2368 2756 2446 2804 ita
2467 2757 2620 2805 verba

383 2854 417 2886 a
434 2853 548 2902 pop.
573 2832 718 2882 Rom.
763 2830 933 2880 addita
966 2826 1304 2877 duriusculam
1336 2822 1540 2886 quidem
1572 2822 1787 2869 reddunt
1811 2820 2105 2881 orationem,
2130 2824 2217 2870 sed
2240 2823 2618 2872 excusationem

381 2912 486 2955 tam
520 2905 583 2952 ab
620 2899 863 2950 orationis
897 2908 1078 2959 genere
1109 2892 1370 2950 PlinianO,
1407 2903 1561 2952 quam
1593 2903 1625 2936 a
1654 2888 1950 2936 necessitate
1985 2903 2086 2951 qua
2118 2889 2288 2938 addita
2320 2897 2436 2939 sunt
2467 2889 2621 2939 facile

380 2972 649 3022 invenient.
711 3009 773 3017 -.
832 2962 1125 3030 Eporedz'as,
1164 2961 1269 3009 Td.
1329 2954 1654 3021 Separedias,
1706 2956 1772 3005 A.
1833 2951 2149 3018 Sepusedias,
2200 2958 2262 3006 R.
2330 2955 2618 3021 Yporedias‚

379 3042 560 3093 Ambr.
584 3041 651 3090 Π.
676 3037 809 3085 Rob.
855 3028 1134 3097 Yporedios,
1157 3028 1335 3078 Ambr.
1360 3024 1405 3074 Ι.
1442 3021 1742 3087 Iporedicos,
1765 3038 1803 3070 r.
1838 3019 2162 3086 Eporedicas‚
2185 3018 2242 3083 β.

450 3107 479 3167 ξ
508 3113 619 3157 124.
686 3099 955 3169 Veryellae‚
995 3099 1093 3148 R'.
1164 3093 1420 3160 Veryz‘llae‚
1463 3094 1509 3140 d.
1564 3131 1627 3138 .-
1679 3087 1970 3148 Lz’bicorum,
2013 3091 2058 3137 d.
2096 3088 2411 3152 Libiciorum,
2453 3093 2620 3143 RAT

381 3172 587 3236 (Ambr.
621 3169 718 3232 Π.)
779 3167 1093 3226 Libitiorum,
1125 3165 1178 3214 K
1211 3159 1414 3224 (Ambr.
1448 3159 1490 3207 I.
1525 3154 1712 3217 Laud.)
1773 3155 2107 3220 Libyciorum,
2144 3173 2191 3206 σ.
2247 3200 2309 3207 -
2363 3157 2619 3218 Salluviis,

372 3243 608 3299 Broter.;
633 3240 731 3287 vid.
757 3240 786 3299 ξ
812 3242 893 3285 36.
919 3238 1000 3284 47.
1046 3229 1236 3292 Salvis,
1261 3231 1313 3280 A
1346 3225 1550 3290 (Ambr.
1576 3225 1617 3274 Ι.
1641 3222 1829 3285 Land.)
1867 3221 2022 3284 Salis,
2046 3239 2093 3273 σ.
2138 3224 2297 3286 Alvis,
2320 3227 2383 3275 R.
2429 3224 2617 3285 ANuis,

384 3310 432 3356 d.
469 3303 667 3369 Salluis,
690 3304 897 3353 Barbar.
921 3297 978 3362 β.
1017 3298 1203 3360 Saluis,
1228 3299 1387 3347 altera
1408 3294 1619 3346 Barbari
1645 3292 1948 3341 coniectura.
1986 3332 2049 3340 -.
2100 3291 2533 3354 Vereacomacoris,
2550 3296 2619 3343 R.

397 3370 767 3429 Vertamocori-s,
792 3369 860 3417 A.
918 3364 1292 3426 Ver-tamacorz‘s,
1317 3366 1351 3413 d
1375 3361 1577 3423 (Ambr.
1599 3361 1643 3409 Ι.
1667 3355 1857 3420 Laud.)
1914 3357 2286 3421 Vertacomaris,
2311 3376 2357 3410 σ.
2403 3403 2465 3410 -
2525 3361 2619 3411 Vo-

384 3440 663 3499 contiorum,
700 3438 842 3485 codd.
873 3435 1081 3483 Barbar.
1129 3473 1190 3480 -..
1232 3447 1378 3496 ραρο,
1410 3432 1501 3479 Rd
1535 3426 1706 3490 (codd.
1728 3424 1964 3488 Barbar.)
2002 3443 2154 3490 pa9a‚
2178 3430 2244 3478 A.
2273 3445 2454 3492 payns,
2479 3443 2525 3477 σ,
2551 3470 2613 3478 ,-

393 3509 532 3568 Caco,
556 3507 654 3555 vid.
689 3505 901 3561 Krause,
931 3500 1165 3563 fragmm.
1199 3500 1379 3547 histor.
1411 3499 1564 3547 Rom.
1600 3510 1648 3558 p.
1680 3500 1791 3543 120.
1837 3535 1900 3543 -
1946 3490 2118 3554 Laevi,
2142 3496 2348 3546 RAad.
2393 3494 2536 3556 Levi,
2558 3492 2617 3557 β.

386 3577 476 3637 evi,
501 3590 548 3624 σ.
603 3614 666 3622 -.
728 3568 1014 3627 Tibicinum,
1039 3567 1144 3616 Td.
1197 3606 1260 3614 ...
1325 3562 1700 3628 Transalpibus,
1725 3563 1969 3612 RAade.
2021 3571 2161 3611 trans
2185 3561 2363 3627 Alpes,
2386 3559 2443 3624 β.
2496 3565 2619 3612 Vid.

325 3661 332 3672 ’
384 3644 519 3695 Gell.
557 3648 635 3702 15,
661 3647 742 3690 30.
780 3679 842 3688 ..-
875 3634 1102 3701 profecti,
1126 3627 1372 3684 RAade.
1402 3631 1636 3695 provecti,
1659 3624 1717 3689 β.
1748 3670 1809 3677 —
1853 3627 2152 3691 Orobiorum,
2181 3631 2430 3680 Pertusat.
2453 3633 2615 3681 Land.

388 3709 792 3767 Orumbiviorum,
827 3706 890 3755 R.
950 3700 1284 3760 Orboviorum,
1319 3700 1366 3748 d.
1426 3696 1791 3756 Oromobiorum,
1815 3697 1881 3746 A.
1941 3696 2312 3758 Oromom‘orum,
2352 3698 2530 3748 Ambr.
2571 3699 2616 3748 1.

386 3778 775 3835 Cenomanorum,
800 3773 979 3823 Ambr.
1012 3770 1081 3820 11.
1134 3809 1196 3817 .-
1253 3775 1398 3832 atque
1436 3763 1745 3829 Beryomum,
1779 3779 1881 3812 om.
1912 3765 1976 3812 R.
2029 3805 2092 3813 ..-
2146 3762 2481 3831 Liciniforum,
2504 3766 2615 3815 Aa.

385 3844 736 3911 Liyiniforum,
767 3843 862 3891 Rd
896 3836 1099 3900 (Ambr.
1131 3834 1228 3898 Π.)
1279 3833 1656 3898 Liyniniforum,
1687 3833 1848 3881 Land.
1894 3827 2237 3895 Liynusorum,
2269 3835 2448 3884 Ambr.
2473 3834 2513 3883 I.
2550 3874 2614 3882 .-

382 3912 586 3977 aliquot‚
619 3913 686 3962 A.
740 3908 955 3973 aliquod,
987 3907 1094 3956 Rd.
1149 3902 1361 3966 aliquos,
1395 3916 1441 3950 σ.
1497 3908 1543 3949 et
1574 3899 1786 3965 aliquot,
1818 3892 1921 3962 βγ.
1973 3940 2036 3948 ..-
2095 3897 2240 3960 Cato,
2272 3901 2371 3950 vid.
2403 3902 2617 3962 Kranae,

381 3980 613 4043 fragmm.
639 3979 816 4028 histor.
841 3977 992 4025 Rom.
1018 3989 1068 4038 p.
1097 3978 1208 4022 121.
1247 4012 1309 4020 -.
1347 3987 1381 4019 a
1409 3968 1637 4029 Graecia,
1661 3969 1723 4018 R.
1767 3963 2001 4028 Graecia,
2026 3968 2073 4016 d.
2126 3964 2404 4028 Graeciam,
2438 3968 2504 4017 A.
2551 4009 2612 4018 ..-

383 4046 843 4112 interpretationem
870 4045 917 4092 d.
957 4082 1019 4091 .-
1054 4038 1344 4104 deyentium,
1367 4038 1435 4088 A.
1471 4037 1765 4101 deyentibus,
1790 4029 1989 4097 Rdssr.

451 4112 481 4173 ξ
510 4120 621 4164 125.
661 4109 1206 4169 Orumbiorum,Ambr.
1224 4108 1293 4158 11.
1324 4105 1726 4165 Orumbiviorum,
1744 4104 1806 4152 B.
1836 4100 2307 4164 Orumboviorum‚A
2325 4102 2526 4166 (Ambr.
2545 4100 2615 4164 Ι.)

389 4178 797 4238 Orumboinorum,
822 4180 869 4227 d.
910 4174 1311 4235 Oromboviorum,
1336 4175 1499 4224 Laud.
1538 4213 1601 4222 -.
1651 4171 1838 4230 Parra,
1862 4170 2012 4220 BAd
2035 4166 2238 4230 (Ambr.
2263 4173 2306 4221 1.
2332 4171 2402 4220 11.
2425 4168 2615 4231 Laud.)

385 4248 608 4308 Borrae,
629 4244 687 4309 β.
721 4244 915 4304 Barra,
938 4257 988 4307 γ.
1025 4283 1086 4291 ...
1134 4239 1271 4302 C'ato,
1293 4242 1393 4291 vid.
1416 4243 1452 4290 l.
1477 4242 1513 4290 l.
1537 4280 1600 4289 ...
1631 4241 1862 4304 prodente
1884 4254 1950 4298 se,
1974 4237 2122 4289 Ado.
2153 4239 2435 4303 prudentes,
2459 4239 2522 4288 R..
2548 4279 2609 4287 -

381 4315 539 4376 situm,
560 4304 861 4365 RAOTdr
884 4306 1085 4371 (Ambr.
1109 4305 1178 4369 Ι.)
1214 4307 1325 4369 situ,
1349 4309 1511 4359 Land.
1533 4306 1712 4357 Ambr.
1736 4308 1804 4358 11.
1841 4303 1943 4366 siti,
1965 4318 2013 4353 σ.
2047 4306 2183 4367 sitos,
2203 4300 2262 4367 β.
2297 4346 2361 4356 ....
2415 4302 2615 4355 Caturi-

380 4398 484 4450 ges,
508 4381 653 4432 codd.
676 4378 883 4431 Barbar.
923 4371 1147 4439 Careqes,
1170 4374 1238 4424 A.
1284 4374 1456 4425 Catus-2·
1473 4389 1603 4439 qens,
1626 4375 1729 4424 Rd.
1767 4373 1930 4423 eacus-i
1947 4388 2083 4438 qens,
2107 4388 2153 4421 σ.
2193 4369 2416 4437 Caturqi,
2438 4388 2476 4422 ι’.
2517 4368 2614 4421 Ca·

2656 579 2754 621 124

2654 1487 2753 1529 125
