2961 4861
1274 378 1654 422 PRAEFATIO.
2480 382 2550 422 IX

275 540 402 588 aut
420 554 448 597 ‚-
494 528 555 601 2,
595 526 699 589 39.
738 549 847 606 pro
886 531 1129 606 vulgato
1170 529 1355 589 AUT
1389 533 1482 593 VI
1513 533 1690 591 habet
1713 543 1816 592 aut
1843 532 2072 591 duabus
2098 533 2309 592 litteris
2337 551 2443 610 per
2471 535 2551 593 si·

278 639 696 699 militudinem
734 641 995 711 omissis3
1038 637 1097 712 2,
1130 636 1232 700 82.
1262 660 1371 716 pro
1400 642 1647 716 vulgato
1682 642 1860 702 G'E'U
1878 643 2057 701 habet
2083 645 2227 702 caeli
2252 652 2447 702 ortum
2474 661 2552 702 ex

279 752 450 817 celi3
495 747 556 821 2,
601 745 744 809 173.
787 769 894 827 pro
935 750 1176 827 vulgato
1227 752 1345 808 UT
1382 752 1751 811 CENTUM
1779 751 1958 811 habet
1992 754 2281 821 vicenum3
2311 749 2373 825 2,
2405 747 2550 813 202.

280 880 418 936 pro
471 861 579 920 UL
590 859 749 920 TRA
790 861 969 919 habet
1002 864 1183 928 vitr03
1227 856 1286 931 2,
1320 856 1464 919 222.
1495 880 1605 937 pro
1633 861 1875 938 vulgato
1916 862 2052 923 VIS
2073 860 2345 922 IGNEA
2373 864 2556 921 habet

279 981 361 1028 ut
410 972 610 1045 siqnea
623 993 646 1038 ‚-
684 965 789 1041 36,
833 968 934 1030 72.
974 989 1084 1047 pro
1113 971 1358 1045 vulgato
1386 970 1541 1030 Novi
1566 990 1700 1029 cum
1727 970 1791 1029 V
1818 974 1995 1031 habet
2022 990 2133 1029 non
2162 973 2240 1030 L.
2279 971 2551 1031 Aecura-

282 1081 528 1138 tissime
556 1089 648 1138 est
674 1081 1000 1157 descriptus
1030 1087 1089 1137 et
1117 1080 1370 1139 collatus
1399 1100 1534 1139 cum
1562 1083 1809 1139 editione
1835 1080 2085 1139 Broterii
2111 1099 2150 1139 a
2176 1079 2554 1140 Ludovico

282 1191 329 1248 d
348 1210 389 1248 e
431 1191 564 1248 Ian
610 1184 701 1267 (v.
740 1189 918 1248 huius
959 1190 1277 1249 observatt.
1321 1190 1471 1248 eritt.
1510 1192 1574 1249 in
1614 1189 1796 1249 Plinii
1823 1191 2079 1249 natural.
2109 1190 2318 1249 histor.
2347 1210 2409 1267 p.
2437 1187 2554 1267 4.)‚

283 1308 443 1357 ante
481 1318 657 1374 quem
695 1301 888 1358 virum
925 1301 1327 1360 doctissimum
1370 1301 1492 1357 iam
1519 1300 1827 1374 aliquoties
1858 1301 1979 1358 eius
2007 1301 2223 1358 mentio
2250 1301 2471 1358 inserta
2496 1307 2557 1358 et

285 1410 534 1483 aliquot
561 1409 832 1468 lectiones
861 1420 1166 1487 excerptae
1194 1411 1449 1483 fuerant,
1480 1412 1569 1468 uti
1597 1429 1635 1467 a
1661 1410 1859 1467 Turre
1887 1411 1960 1467 de
1988 1409 2314 1467 Rezzonico
2340 1409 2400 1467 in
2428 1409 2555 1467 dis-

288 1519 531 1593 quisitt.
570 1517 851 1577 Plinianis
889 1520 972 1578 H.
1014 1540 1072 1597 p.
1119 1517 1287 1593 246„
1328 1540 1366 1578 a
1403 1519 1689 1577 Bandinio
1725 1530 1785 1578 et
1811 1519 2009 1595 Zoega
2034 1520 2098 1577 in
2127 1510 2402 1595 operibus
2433 1519 2557 1577 suis

290 1628 379 1685 de
431 1628 721 1698 obelisciS,
771 1647 809 1684 a
859 1627 1200 1688 Thierschio
1260 1630 1322 1687 in
1376 1631 1709 1688 szstblatt
1764 1649 1894 1686 zum
1948 1631 2328 1704 Morqenblatt
2369 1625 2556 1688 1827.

291 1755 400 1794 nr.
444 1732 568 1808 22.,
608 1756 646 1793 a
682 1736 914 1794 Frider.
946 1734 1187 1795 Osanno
1213 1737 1274 1794 in
1303 1739 1509 1794 eodem
1537 1738 1721 1794 diario
1754 1732 1939 1794 1831.
1972 1755 2061 1793 nr.
2096 1734 2369 1819 60-70.
2399 1747 2459 1795 et
2484 1739 2558 1796 de

293 1845 512 1903 tabula
552 1851 902 1920 patronatus
940 1845 1155 1902 Latina
1194 1865 1254 1920 p.
1286 1841 1390 1903 22.
1437 1842 1712 1902 Ceterum
1740 1843 1890 1902 liber
1916 1863 2135 1920 magna
2163 1864 2239 1902 ex
2265 1856 2437 1923 parte
2464 1854 2559 1905 est

295 1954 575 2025 mutilus,
619 1960 690 2010 ut
730 1956 829 2028 qui
866 1973 983 2012 non
1024 1954 1235 2011 habeat
1269 1950 1368 2012 12.
1401 1948 1802 2026 §57-102.,
1837 1949 1935 2013 13.
1968 1958 1999 2024 ξ
2029 1951 2131 2014 89.
2161 1972 2352 2029 usque
2379 1957 2456 2014 ad
2482 1957 2558 2014 fi-

298 2081 446 2123 nem
482 2062 614 2120 libri
651 2064 938 2137 vigesimi,
969 2060 1072 2149 22.
1105 2067 1134 2133 ἓ
1166 2056 1478 2123 145-25.
1526 2067 1555 2133 ἓ
1584 2059 1713 2135 3Ο.,
1757 2081 1875 2137 quo
1909 2064 2039 2140 ipso
2075 2064 2139 2121 in
2169 2065 2326 2126 ‚libro
2365 2066 2558 2124 denuo

299 2171 648 2230 exciderunt
674 2176 738 2242 ἐξ
760 2168 1032 2232 37-42.
1070 2174 1226 2231 Tum
1248 2173 1651 2232 desiderantur
1673 2169 1776 2232 26.
1802 2177 1831 2243 ἓ
1857 2169 2172 2232 132-27.
2198 2177 2228 2243 §
2253 2170 2354 2232 19.
2376 2182 2437 2233 et
2454 2170 2557 2234 35.

301 2285 338 2350 ξ
375 2276 729 2340 191-196.
769 2291 828 2340 et
867 2282 1076 2341 desinit
1110 2284 1170 2341 in
1213 2282 1403 2341 verbis
1444 2286 1648 2342 medici
1680 2293 1865 2342 autem
1894 2302 1965 2363 σφ’
1994 2286 2246 2345 basanite
2274 2279 2378 2355 36,
2412 2280 2558 2344 157.

302 2390 565 2449 Tantam
603 2409 743 2449 vero
784 2392 955 2450 huius
989 2391 1203 2451 codicis
1232 2401 1458 2468 partem
1488 2393 1730 2468 periisse
1759 2411 1829 2451 eo
1856 2392 2042 2469 magis
2071 2393 2408 2465 dolendum,
2440 2411 2559 2468 quo

299 2502 532 2559 maiore
568 2502 699 2559 iure
740 2520 875 2559 eum
915 2501 1145 2578 optimis
1184 2501 1351 2559 libris
1382 2502 1886 2561 adnumerandum
1916 2521 2044 2561 esse
2073 2520 2273 2560 omnes
2303 2519 2558 2562 consen-

303 2611 482 2669 tiunt.
526 2611 795 2668 Eundem
823 2614 1001 2669 habet
1027 2610 1248 2669 fontem
1277 2630 1451 2686 quem
1482 2611 1837 2683 Vossianus3
1881 2613 1942 2670 id
1999 2613 2400 2670 demonstrant
2428 2631 2560 2672 cum

300 2720 639 2778 innumerae
707 2721 1018 2779 varietates
1059 2723 1381 2799 scripturae
1415 2724 1681 2797 utrisque
1716 2740 2070 2795 communes,
2108 2741 2225 2797 quo
2258 2723 2564 2784 referenda

302 2829 412 2888 illa
459 2829 831 2905 interpolatio
881 2834 1116 2891 clemens
1166 2827 1269 2903 33,
1317 2825 1488 2903 145.,
1535 2841 1661 2890 tum
1698 2832 2064 2908 repetitiones
2111 2832 2245 2889 libri
2281 2830 2564 2907 trigesimi

303 2937 498 3014 primi,
544 2939 802 3010 secundi,
845 2940 1000 2998 tertii
1042 2940 1101 2998 in
1137 2940 1240 2999 illo
1281 2942 1475 2999 codice
1515 2951 1773 3013 notatae,
1817 2960 1964 3016 quas
1999 2943 2061 2999 in
2093 2943 2284 3000 codice
2313 2940 2558 3001 Riccar-

305 3049 482 3105 diano
524 3047 718 3106 littera
761 3041 812 3105 Ω
857 3050 1199 3126 significavi.
1245 3048 1364 3109 Sed
1393 3051 1511 3109 alia
1540 3069 1773 3125 quoque
1799 3050 2161 3126 perturbatio
2191 3049 2468 3108 foliorum
2495 3053 2560 3108 in

306 3157 503 3216 codice
544 3159 603 3217 R
638 3168 852 3231 exstat,
896 3179 1031 3219 cum
1070 3162 1253 3219 verbo
1289 3150 1768 3235 Anaximalsndri
1801 3159 1995 3216 media
2035 3159 2260 3216 inserta
2285 3159 2559 3233 legantur

306 3284 457 3341 quae
485 3270 856 3327 continentur
883 3265 945 3327 4.
977 3273 1008 3338 ὅ
1041 3266 1270 3328 67-5.
1301 3263 1463 3346 534.
1526 3265 1676 3326 Orta
1703 3277 1791 3326 est
1818 3267 1967 3326 haec
1995 3268 2169 3326 etiam
2197 3270 2374 3327 turba
2401 3287 2434 3325 e
2461 3268 2556 3326 fo-

305 3375 401 3433 liis
453 3378 664 3436 codicis
707 3379 1008 3455 archetypi
1050 3379 1204 3436 male
1245 3378 1459 3453 ligatis.
1515 3375 1792 3436 Ceterum
1829 3378 2105 3437 librarius
2142 3378 2355 3436 codicis
2395 3376 2453 3435 R
2492 3378 2555 3436 in

307 3483 462 3542 vitiis
502 3488 823 3562 scripturae
850 3489 1082 3564 turpius
1111 3488 1283 3546 etiam
1311 3487 1515 3564 lapsus
1546 3496 1652 3560 est,
1702 3505 1878 3561 quam
1908 3488 2008 3563 qui
2036 3488 2293 3547 codicem
2322 3479 2384 3546 V
2413 3506 2554 3546 exa-

304 3594 467 3652 ravit
477 3611 495 3664 3
536 3612 654 3668 qua
690 3615 754 3653 re
792 3597 1156 3672 deprehensa
1192 3599 1319 3673 ipse
1356 3597 1636 3656 librarius
1681 3597 2013 3674 exemplum
2055 3616 2229 3662 suum
2258 3599 2451 3656 denuo
2478 3598 2555 3656 ad

305 3705 690 3781 archetypum
730 3707 925 3781 exegit
961 3715 1019 3764 et
1045 3709 1332 3766 veriorem
1360 3708 1709 3784 plerumque
1746 3708 1926 3764 huius
1956 3707 2308 3783 scripturam
2336 3706 2427 3764 illi
2456 3724 2553 3763 su·

304 3815 658 3891 prasci-ipsit,
691 3815 905 3890 quibus
936 3818 1383 3876 correctionibus
1411 3817 1633 3875 addidit
1657 3816 1936 3875 lectiones
1958 3815 2272 3873 nonnullas
2298 3817 2362 3874 in
2392 3816 2554 3874 codi-

305 3925 385 3982 cis
413 3925 715 4004 archetypi
744 3927 1106 4001 marginibus
1147 3928 1438 3999 inventas,
1478 3926 1692 4001 quibus
1729 3925 1983 3984 lectores
2024 3926 2117 3983 sui
2157 3924 2289 3983 libri
2316 3925 2554 3984 defrau-

305 4035 447 4092 dare
474 4036 683 4094 noluit.
713 4034 900 4095 Cuius
934 4037 1247 4108 secundae,
1278 4038 1384 4094 sed
1415 4036 1678 4094 eiusdem
1707 4037 1926 4093 veteris
1954 4053 2164 4094 manus
2192 4036 2555 4112 praestantia

306 4144 507 4202 multis
536 4145 676 4204 locis
704 4147 1018 4223 perspicue
1049 4147 1329 4217 cernitur,
1360 4145 1527 4203 nullo
1570 4144 1780 4204 clarius
1810 4164 1990 4221 quam
2032 4142 2092 4218 2,
2141 4141 2307 4216 180„
2347 4146 2450 4202 ubi
2481 4161 2554 4199 ea

308 4253 436 4312 sola
475 4274 676 4314 veram
714 4256 895 4315 Plinii
933 4275 1171 4315 manum
1210 4256 1474 4315 Arbelam
1514 4257 1801 4327 servavit,
1859 4272 2218 4331 quamquam
2253 4254 2553 4313 interdum

2431 4501 2432 4504 Ἴ
2441 4463 2496 4496 ,ἰ
