2961 4861
1267 366 1650 410 PRAEFATIO·
2369 364 2578 407 LXXIII

333 520 725 597 conprehensio
737 560 757 592 ,
796 521 1139 592 conrivatio,
1184 519 1248 577 in
1295 519 1513 595 quibus
1557 517 1742 579 eodiei
1787 517 2007 595 optimo
2061 519 2579 594 obtemperandum

332 629 560 706 putavi,
589 628 679 690 uti
702 629 765 687 in
794 628 992 687 verbis
1011 630 1313 704 colliqendi
1331 635 1391 688 et
1409 629 1796 704 componendi,
1818 646 1991 703 quae,
2012 626 2121 687 nisi
2140 627 2337 700 fallor,
2367 627 2582 703 ubique

330 738 415 799 ita
439 738 503 798 in
530 756 601 801 eo
628 743 964 797 exarantur.
1005 737 1081 796 In
1107 737 1309 798 verbis
1332 755 1465 797 cum
1492 735 1922 814 praepositione
1943 756 2014 795 σω
2035 737 2396 814 compositis,
2431 754 2584 813 quae

333 849 467 926 ipsa
500 867 541 908 a
583 847 780 907 littera
819 867 849 907 s
891 845 1198 924 incipiunt,
1239 848 1394 906 hanc
1433 845 1690 906 litteram
1717 864 1904 922 paene
1929 847 2152 906 invitus
2179 846 2415 918 retinui,
2445 866 2581 906 cum

333 958 522 1017 codex
547 954 602 1015 B
631 956 807 1015 modo
834 956 1013 1028 exsto,
1054 956 1230 1015 modo
1268 966 1415 1030 exto,
1454 956 1633 1015 modo
1670 975 1857 1029 exero,
1898 959 2151 1043 exilium,
2193 966 2440 1034 expecto,
2485 977 2582 1016 er-

327 1070 466 1143 piro
482 1108 500 1138 ‚
551 1085 757 1143 capno,
785 1065 964 1125 modo
991 1068 1322 1139 watineias,
1374 1084 1674 1143 exsupero,
1724 1068 1973 1125 emur-do
2021 1066 2255 1125 habeat.
2318 1066 2580 1125 Ptorsus

332 1175 649 1251 singularis
688 1175 1021 1234 constantia
1057 1175 1267 1235 codicis
1306 1175 1360 1234 B
1395 1175 1459 1234 in
1497 1175 1930 1252 praepositione
1959 1178 2026 1243 ,in
2068 1175 2579 1247 animadvertitur,

333 1303 488 1361 quae
527 1285 745 1361 ubique
779 1284 1020 1362 propria
1054 1301 1167 1343 sua
1203 1285 1395 1344 forma
1429 1283 1678 1359 legitur,
1720 1284 2086 1361 paucissimis
2111 1284 2255 1344 loeis
2301 1285 2581 1361 exceptis,

280 1460 283 1463 ,
332 1394 547 1472 quibus
574 1401 768 1472 tamen
793 1394 939 1453 nihil
967 1401 1173 1454 contra
1198 1394 1495 1470 ingentem
1522 1371 1849 1454 ceterorum
1877 1393 2310 1453 multitudinem
2352 1393 2584 1453 decerni

187 1496 208 1514 '
332 1511 546 1580 potest.
612 1501 762 1575 Quis
813 1503 968 1563 enim
1014 1504 1174 1576 inde,
1207 1503 1367 1579 quod
1415 1497 1522 1576 35,
1566 1498 1670 1563 50.
1707 1503 1761 1562 Β
1799 1502 1977 1562 habet
2025 1505 2377 1578 immortalis,
2421 1486 2583 1561 'hanc

334 1613 687 1690 scripturam
714 1611 1076 1689 praetulerit,
1107 1631 1245 1672 eum
1271 1608 1376 1684 35,
1410 1609 1470 1672 9.
1503 1609 1967 1672 11.·inveniatur
2004 1615 2352 1686 inmortalis,
2402 1630 2579 1688 prae-

333 1732 500 1781 terea
527 1730 730 1782 autem
755 1722 974 1798 ubique
1002 1718 1300 1793 inmixtus,
1341 1723 1644 1792 inmature,
1684 1722 1965 1792 inmerito,
1996 1723 2329 1793 inmodicus,
2360 1725 2580 1780 inmen-

332 1852 456 1905 sus,
500 1834 774 1907 iumen-90,
819 1833 1114 1903 inmissus,
1159 1828 1437 1890 inminse?
1494 1827 1640 1903 Quis
1678 1829 1938 1888 retineat
1962 1823 2069 1902 35,
2105 1828 2162 1889 7.
2193 1832 2415 1906 impleo,
2446 1847 2582 1888 cum

333 1942 537 2000 eadem
564 1959 691 2001 vox
717 1940 937 2018 scripta
972 1939 1308 1999 inveniatur
1347 1958 1454 2016 per
1495 1959 1535 1997 n
1574 1932 1683 2011 35,
1715 1933 1818 1998 67.
1850 1933 1994 1998 148.
2025 1931 2131 2010 36,
2164 1934 2266 1998 76.
2300 1934 2444 1999 156.
2472 1934 2579 2012 37,

334 2046 438 2110 63.
470 2045 573 2110 69.
608 2043 751 2109 125.
782 2057 842 2108 et
866 2058 1176 2125 praeterea
1205 2049 1411 2108 eadem
1440 2047 1731 2126 scriptura
1756 2047 2095 2107 recurratin
2116 2049 2388 2108 omnibus
2413 2049 2580 2107 voci-

332 2161 446 2219 bus
475 2177 513 2217 a
530 2178 581 2236 p
608 2159 1034 2234 incipientibus,
1063 2158 1151 2217 ita
1178 2164 1247 2217 ut
1272 2164 1448 2217 usum
1478 2156 1664 2217 semel
1689 2165 1991 2234 receptum
2028 2158 2206 2216 etiam
2246 2159 2311 2216 in
2339 2160 2578 2236 inpera-

334 2278 426 2327 tor
465 2276 526 2327 et
565 2270 791 2345 inpetus
834 2286 1138 2328 servarem
1156 2309 1175 2341 ,
1218 2284 1471 2345 quorum
1510 2270 1832 2344 utrumque
1860 2285 1996 2326 cum
2023 2266 2325 2343 plerisque
2351 2267 2489 2326 aliis
2516 2267 2581 2326 in

331 2376 476 2438 loeis
503 2395 646 2437 sane
672 2396 780 2454 per
804 2397 861 2437 m
887 2376 1170 2455 scriptum
1195 2377 1552 2453 inveniatur,
1589 2375 1742 2435 illud
1767 2383 1965 2435 tamen
1993 2369 2099 2449 34,
2131 2370 2236 2437 55.
2264 2395 2372 2453 per
2408 2395 2448 2434 n
2483 2376 2574 2437 uti

332 2482 440 2558 33,
471 2481 574 2547 51.
603 2490 801 2564 inpare
826 2487 1063 2565 legitur,
1093 2486 1207 2546 hoc
1232 2494 1432 2545 autem
1459 2482 1567 2558 34,
1599 2479 1775 2545 1663
1820 2483 1996 2557 Quod
2017 2486 2091 2543 ad
2115 2485 2579 2563 praepositiones

331 2581 425 2669 ab,
452 2598 542 2668 ob,
571 2599 674 2657 sub
702 2597 912 2656 litteris
940 2617 970 2656 s
998 2601 1059 2655 et
1087 2606 1109 2656 t
1135 2595 1493 2674 praemissas
1520 2594 1753 2665 attinet,
1784 2593 2041 2654 codicem
2069 2591 2124 2652 B
2152 2594 2372 2671 ubique
2414 2594 2577 2653 litte-

332 2723 461 2764 ram
489 2708 724 2764 tenuem
752 2705 1118 2768 exhibentem
1142 2722 1280 2763 sum
1307 2712 1565 2777 secutus,
1594 2703 1698 2779 qui
1724 2720 1935 2762 rursus
1962 2704 2238 2782 subsedia,
2269 2706 2574 2784 substando,

332 2816 590 2891 subripio
617 2814 812 2875 habet.
857 2815 1228 2891 Praepositio
1258 2826 1423 2875 trans
1464 2813 1787 2874 secundum
1825 2813 2039 2873 codicis
2074 2810 2131 2870 B
2167 2833 2410 2873 manum
2449 2815 2574 2891 pri-

331 2943 491 2983 mam
518 2925 667 2982 duas
696 2941 834 2982 suas
862 2931 1194 2999 postremas
1221 2923 1448 2983 litteras
1476 2903 1670 2982 abiicit
1695 2932 1833 2982 ante
1858 2922 2119 2981 litteram
2141 2926 2182 2995 1,
2208 2942 2341 2981 eum
2361 2940 2577 3000 manus

333 3033 592 3092 secunda
617 3050 717 3090 eas
744 3032 963 3109 ubique
989 3033 1341 3103 restituerit3
1372 3032 1673 3107 sequenda
1696 3031 1813 3088 fuit
1853 3047 2065 3089 manns
2091 3031 2320 3106 prima3
2360 3032 2580 3105 pariter

329 3143 471 3201 illae
508 3141 741 3200 litterae
782 3144 1106 3201 seeundum
1144 3142 1397 3218 optimos
1435 3140 1689 3207 aliorum
1726 3137 2081 3211 scriptorum
2132 3138 2357 3196 codices
2411 3144 2582 3196 erant

330 3251 689 3311 abiiciendae
715 3252 1107 3310 antelitteras
1136 3251 1195 3320 d,
1228 3250 1271 3318 i,
1301 3267 1363 3317 n,
1396 3252 1456 3303 et
1480 3245 1835 3321 plerumque
1862 3245 1990 3320 ipse
2026 3246 2218 3304 codex
2242 3245 2297 3303 B
2324 3248 2401 3305 ad
2428 3248 2580 3306 hanc

335 3360 686 3434 scripturam
713 3359 984 3417 ducebat.
1026 3357 1100 3415 In
1140 3354 1472 3414 nominibus
1514 3352 1758 3413 Graecis
1795 3373 1947 3431 quae
1986 3353 2222 3414 Plinius
2261 3355 2425 3432 operi
2468 3374 2578 3415 suo

330 3466 584 3526 inseruit
600 3466 665 3523 in
687 3483 758 3528 ας
786 3466 1138 3524 exeuntibus
1165 3465 1536 3525 accusativus
1554 3465 1782 3525 numeri
1802 3464 2116 3540 singularis
2134 3465 2360 3541 primae
2388 3465 2575 3525 decli·
2681 3499 2688 3506 =

331 3572 591 3634 nationis
616 3574 937 3633 seeundum
964 3574 1219 3634 codicem
1244 3574 1299 3634 B
1325 3575 1539 3650 ubique
1563 3576 1628 3634 in
1655 3595 1733 3634 an
1760 3575 2128 3646 terminatur,
2168 3575 2253 3634 ita
2280 3583 2349 3633 ut
2384 3593 2578 3651 pauca

332 3684 471 3745 huic
496 3682 741 3759 regulae
766 3678 1142 3743 adversantia
1167 3683 1438 3763 exempla
1464 3679 1779 3764 (Eurotam
1806 3680 1911 3743 34.
1943 3678 2068 3755 78„
2096 3684 2201 3743 ubi
2229 3690 2427 3741 tamen
2447 3682 2578 3741 VR.

330 3796 600 3853 Eurotan
628 3792 866 3866 habent,
899 3793 1149 3852 Sauram
1175 3789 1279 3865 36,
1309 3788 1439 3865 42.,
1468 3794 1708 3860 Pasiam
1735 3787 1843 3865 35,
1876 3786 2020 3852 145.
2042 3786 2151 3863 36,
2176 3785 2312 3872 18.)
2339 3792 2418 3850 ad
2436 3809 2574 3851 nor-

331 3922 489 3962 mam
516 3910 844 3962 ceterorum
872 3909 1069 3961 essent
1097 3903 1405 3978 exigenda.
1446 3903 1585 3979 Ipse
1612 3910 1810 3961 tamen
1843 3900 2079 3962 Plinius
2103 3902 2180 3961 ab
2217 3901 2332 3960 hae
2365 3900 2604 3977 regula·

330 4012 628 4091 excepisse
649 4011 882 4071 videtur
895 4010 1209 4088 participia
1221 4006 1656 4093 (stephanusam
1669 4005 1775 4083 34,
1794 4005 1918 4083 70„
1938 4012 2292 4088 epithymum
2313 4005 2419 4082 34,
2434 4003 2573 4090 80.)

334 4127 395 4180 et
419 4140 492 4181 ea
517 4122 758 4181 nomina
783 4121 1013 4197 generis
1040 4120 1323 4192 feminini,
1354 4137 1608 4197 quorum
1636 4121 1937 4180 character
1963 4128 2055 4180 est
2078 4099 2115 4201 ᾗ
2140 4163 2157 4193 ,
2209 4119 2300 4178 uti
2364 4118 2570 4198 Glyce-

332 4250 459 4291 ram
513 4226 628 4303 35,
691 4226 866 4304 125„
948 4230 1410 4309 O‘lytmnnestram
1466 4223 1581 4301 35,
1658 4224 1802 4289 144.
1889 4229 2007 4292 Ubi
2064 4228 2455 4292 nominativus
2494 4230 2572 4285 in
