2961 4861
775 365 914 410 mn.
948 365 1023 411 11.
1083 365 1238 410 cAP.
1273 366 1470 411 unx,
1505 365 1671 410 Lxx.
1735 364 1929 411 ssc'r.
1959 367 2141 410 εει-72.
2437 351 2558 412 173

334 525 525 602 gusto
583 516 1107 599 cognominavere
1156 512 1454 579 Caesaris
1516 516 1804 593 thronon,
1861 515 2133 602 insignis
2187 515 2278 579 ibi
2322 518 2557 583 stellas.

335 615 651 697 Adeoque
705 615 1045 680 manifesto
1100 615 1455 700 adsurgens
1511 614 1838 701 fastigium
1899 626 2201 679 curvatur
2253 626 2327 678 ut
2368 639 2559 680 cano-

333 737 456 799 pus
501 725 792 799 quartam
837 715 972 780 fere
1015 726 1264 798 partem
1307 713 1476 800 signi
1520 714 1710 777 unius
1764 736 1960 800 supra
2006 728 2236 779 terram
2283 716 2561 781 eminere

332 814 762 879 Alexandriae
814 814 1212 880 intuentibus
1273 814 1604 891 videatur,
1671 815 1895 879 eadem
1948 837 1987 878 a
2042 813 2271 880 Rhodo
2327 827 2562 881 terram

332 915 799 998 quodammodo
855 914 1062 1000 ipsam
1109 913 1442 1000 stringere,
1497 914 1565 976 in
1606 913 1813 978 Ponto
1865 913 2120 978 omnino
2162 937 2290 980 non
2334 938 2559 981 cerna-

334 1026 457 1093 tur,
504 1015 616 1078 ubi
659 1037 958 1079 maxume
1002 1012 1290 1080 sublimis
1320 1013 1684 1098 septentrio·
1727 1012 1911 1077 Idem
1954 1037 1992 1077 a
2019 1013 2248 1078 Rhodo
2288 1015 2559 1081 abscon-

330 1114 505 1179 ditur
564 1115 901 1201 magisque
964 1113 1434 1191 Alexandriae3
1513 1114 1582 1177 in
1644 1113 1888 1178 Arabia
1949 1115 2277 1180 novembri
2342 1139 2561 1181 mense

329 1199 536 1300 prinsa
578 1214 802 1300 vigilia
840 1215 1125 1279 occultus
1169 1212 1449 1278 secunda
1495 1234 1565 1276 se
1619 1213 1916 1290 ostendit,
1970 1213 2036 1276 in
2079 1212 2305 1280 Meroe
2349 1217 2559 1281 solsti-

333 1315 421 1379 tio
463 1313 721 1399 vesperi
763 1314 1087 1400 paulisper
1127 1314 1393 1398 adparet
1434 1312 1787 1398 paucisque
1826 1323 1973 1377 ante
2004 1324 2296 1378 exortum
2324 1317 2561 1382 arcturi

330 1414 560 1480 diebus
603 1414 846 1500 pariter
888 1436 1033 1479 cum
1076 1413 1182 1478 die
1226 1412 1526 1478 cernitur.
1570 1411 2032 1499 Navigantium
2074 1413 2233 1479 haec
2261 1438 2559 1482 maxume
2589 1435 2686 1481 179

330 1536 558 1578 cursus
626 1514 1138 1599 deprehendunt,
1207 1514 1275 1577 in
1331 1513 1455 1577 alia
1513 1512 1782 1578 adverso
1835 1514 1904 1577 in
1955 1515 2080 1579 alia
2135 1536 2338 1599 prono
2400 1518 2559 1579 mari

330 1614 669 1697 subitoque
713 1614 1076 1699 conspicuis
1120 1622 1314 1697 atque
1356 1624 1429 1676 ut
1473 1635 1508 1677 e
1554 1612 1719 1676 freto
1761 1614 2236 1700 emergentibus
2290 1636 2454 1698 quae
2492 1616 2558 1678 in

331 1715 624 1779 anfi-actu
664 1715 834 1799 pilae
876 1716 1121 1780 latuere
1165 1712 1505 1778 sideribus.
1560 1710 1788 1795 Neque
1833 1713 2021 1791 enim,
2063 1723 2138 1777 ut
2178 1715 2397 1778 dixere
2441 1715 2558 1780 ali-

329 1816 461 1897 qui,
513 1815 793 1878 mundus
855 1814 977 1878 hoc
1041 1814 1190 1899 polo
1247 1812 1596 1878 excelsiore
1654 1834 1721 1877 se
1780 1813 2043 1890 attollit,
2112 1823 2223 1876 aut
2277 1814 2559 1898 undique

328 1924 736 1980 cernerentur
777 1914 938 1978 haec
979 1913 1190 1978 sidera
1202 1938 1220 1990 ;
1266 1934 1490 1977 verum
1530 1911 1690 1976 haec
1735 1911 1958 1976 eadem
2003 1912 2364 1995 quibusque
2406 1938 2557 2000 pro-

328 2016 538 2079 xumis
595 2013 962 2079 sublimiora
1018 2014 1364 2079 creduntur
1421 2012 1773 2096 eademque
1828 2013 2119 2079 demersa
2167 2014 2554 2100 longinquis,

328 2126 526 2198 utque
577 2137 748 2178 nunc
802 2113 1091 2180 sublimis
1145 2113 1214 2177 in
1270 2112 1525 2178 deiectu
1576 2113 1799 2197 positis
1855 2113 2111 2178 videtur
2163 2114 2267 2178 hic
2309 2125 2555 2194 vertex,

328 2215 421 2280 sic
463 2215 531 2279 in
573 2214 748 2281 illam
793 2225 999 2278 terrae
1041 2213 1473 2278 devexitatem
1518 2214 1930 2299 transgressis
1970 2213 2080 2278 illa
2124 2236 2193 2279 se
2237 2217 2554 2292 attollunt,

327 2315 756 2381 residentibus
811 2335 977 2397 quae
1029 2313 1135 2378 hic
1189 2314 1440 2379 excelsa
1496 2313 1771 2391 fuerant,
1828 2313 2002 2398 quod
2055 2315 2177 2378 nisi
2232 2315 2299 2378 in
2349 2316 2558 2400 figura

326 2415 494 2501 pilae
538 2414 826 2481 accidere
867 2437 998 2479 non
1040 2425 1278 2501 posset.

413 2517 512 2580 72.
557 2516 714 2581 Ideo
757 2516 1048 2581 defectus
1092 2516 1242 2580 solis
1285 2537 1361 2579 ac
1400 2516 1592 2579 lunae
1635 2513 2032 2598 vespertinos
2075 2513 2335 2582 orientis
2375 2516 2552 2582 inco-
2586 2537 2684 2583 180

325 2616 426 2679 lae
467 2639 594 2680 non
641 2616 940 2694 sentiunt,
983 2637 1105 2683 nec
1147 2614 1496 2678 matutinos
1539 2614 1622 2678 ad
1665 2635 1964 2678 occasum
1993 2613 2370 2695 habitantes,
2415 2640 2552 2684 me-

325 2716 604 2782 ridianos
647 2739 802 2783 vero
848 2716 1125 2801 saepius.
1179 2714 1395 2781 Nobili
1438 2715 1614 2801 apud
1657 2714 1966 2780 Arbelam
2008 2715 2224 2804 magni
2266 2717 2553 2784 Alexan-

326 2888 535 2948 Italiae,
576 2890 638 2939 R.
678 2930 738 2938 ...
775 2890 1051 2948 Berenicis,
1090 2889 1206 2938 libri
1245 2904 1327 2951 ap.
1368 2889 1583 2939 Salmas.
1625 2902 1788 2937 exerc.
1821 2904 1872 2951 p.
1911 2894 2023 2937 534.
2048 2905 2094 2938 a.
2117 2890 2204 2947 A„
2230 2891 2317 2954 qui
2355 2891 2554 2941 Veneris

324 2957 463 3018 legit.
487 2954 778 3016 Beronices,
804 2969 851 3004 σ.
891 2996 953 3004 .-
989 2954 1184 3016 crinem,
1210 2957 1322 3005 a²d.
1359 2955 1538 3015 crines,
1561 2956 1674 3005 Ra¹
1708 2951 1848 3014 (libri
1871 2953 2113 3015 Salmas.)
2152 2995 2213 3002 -
2251 2973 2350 3018 qua
2415 2972 2462 3005 σ.
2490 2998 2553 3006 ..-

328 3031 375 3072 to
417 3037 538 3081 non,
579 3022 679 3072 R'.
717 3063 780 3071 -.
825 3021 1059 3085 insiqnis,
1104 3017 1201 3073 Oa.
1239 3023 1479 3085 imiqnoe,
1521 3023 1627 3070 Rd.
1676 3061 1737 3068 ..-
1784 3019 1903 3079 sibi,
1946 3036 1991 3069 a.
2038 3061 2100 3068 -
2148 3019 2315 3081 stella,
2403 3039 2450 3072 a.
2490 3064 2552 3073 -

323 3090 566 3152 Amoque,
592 3092 653 3140 R.
689 3086 846 3139 Stella
869 3105 1084 3153 canopus
1110 3087 1234 3138 adeo
1257 3090 1510 3152 manifesto
1536 3085 1974 3149 surqensfastiyio
1995 3086 2211 3133 cernitur
2235 3095 2287 3135 ut
2311 3098 2554 3150 quartam,

324 3172 363 3206 r.
392 3155 700 3221 —sastiyia
741 3160 774 3207 d
798 3153 851 3218 (0
882 3157 934 3205 in
958 3153 1174 3216 rasura.)
1182 3155 1424 3217 fastidio,
1467 3168 1515 3202 σ.
1556 3194 1617 3202 -.
1655 3154 1960 3211 incurvatur,
2002 3154 2076 3199 d2.
2117 3192 2177 3198 .-
2217 3152 2364 3203 unius
2394 3156 2553 3204 cuius-

328 3238 436 3284 que,
478 3224 541 3273 R..
582 3265 643 3272 ..-
680 3241 836 3288 supra
875 3233 1071 3281 terram,
1105 3237 1206 3270 om.
1231 3222 1279 3270 R
1299 3223 1326 3268 ¹.
1366 3260 1428 3268 -
1464 3218 1725 3282 striuyere,
1755 3233 1856 3267 om.
1876 3220 1937 3268 T.
1977 3258 2038 3266 .-
2075 3220 2303 3280 maxima,
2343 3222 2392 3271 R
2413 3225 2440 3271 ¹.
2489 3263 2551 3271 ..-

325 3288 542 3349 occultos‚
567 3290 667 3339 12¹.
707 3331 769 3338 -.
804 3287 1067 3348 secundus,
1091 3289 1191 3336 R1.
1230 3327 1292 3334 ....
1330 3284 1581 3345 hostendit,
1623 3286 1687 3335 R.
1727 3325 1787 3332 -
1823 3285 1979 3345 Mere,
2020 3285 2115 3336 R'.
2178 3327 2239 3334 -
2300 3288 2553 3351 solistitio,

324 3358 388 3405 R.
434 3397 498 3405 -.
532 3357 803 3420 paulisper,
846 3358 934 3404 ad.
976 3357 1039 3404 In
1069 3356 1118 3403 R
1150 3369 1336 3402 rasura.

392 3421 421 3481 ξ
444 3427 557 3472 179.
594 3421 710 3482 alio,
727 3425 777 3471 R
798 3425 827 3470 ¹.
863 3462 924 3469 -
962 3419 1189 3481 adversO,
1217 3423 1266 3470 R
1284 3418 1336 3483 (o
1362 3434 1428 3468 ex
1455 3415 1611 3480 corr.)
1643 3460 1703 3467 -
1731 3421 2070 3483 conspicui,R..
2100 3461 2161 3469 ....
2190 3424 2552 3489 emeryentibus,

324 3490 519 3537 R2a2d.
544 3489 1039 3550 merqentz‘buS,R‘a¹.
1061 3527 1124 3535 -
1144 3488 1243 3547 hoc,
1266 3488 1410 3537 Rad.
1448 3483 1543 3545 hic,
1566 3502 1591 3535 r
1614 3482 1797 3549 (Rob.)
1818 3528 1880 3536 -.
1901 3486 2152 3548 excelsior,
2175 3486 2363 3550 R(una
2384 3492 2554 3542 littera

322 3569 456 3617 pone
480 3570 507 3601 r
529 3552 713 3614 erasa.)
762 3594 823 3602 -.
873 3563 969 3613 aut,
991 3555 1084 3603 Ra
1130 3554 1301 3616 (codd.
1337 3549 1542 3613 Gelen.)
1575 3563 1639 3615 ut,
1671 3555 1875 3604 Barbar.
1908 3547 1993 3605 θᾶ
2041 3553 2238 3616 (rasura
2275 3566 2394 3607 ante
2435 3555 2493 3618 u)
2526 3574 2552 3607 r

324 3618 584 3683 (Robert.)
606 3661 666 3669 ...
689 3620 869 3683 ubique
886 3637 991 3681 non,
1009 3623 1218 3671 Robert.
1240 3662 1302 3670 -
1322 3618 1458 3681 haec,
1474 3623 1566 3670 Ra
1583 3617 1838 3682 (Robert.)
1859 3623 2036 3672 Omitt.
2062 3623 2166 3672 Td.
2188 3663 2251 3671 -
2271 3626 2550 3687 quibusque,

324 3692 371 3738 d.
398 3690 586 3753 quibus,
610 3689 739 3737 R'a.
779 3702 888 3749 que,
913 3688 1002 3737 R2.
1033 3687 1275 3751 proximis
1300 3688 1582 3751 quibusque,
1605 3690 1739 3738 Pint.
1767 3730 1829 3737 -
1854 3689 2084 3750 dimersa,
2109 3705 2154 3738 a.
2190 3690 2423 3750 dimensa,
2448 3693 2551 3740 Ro-

323 3757 448 3805 bert.
499 3796 561 3804 ....
599 3756 665 3815 in,
690 3771 790 3803 om.
816 3753 912 3803 R¹.
952 3795 1013 3802 -
1051 3754 1306 3812 deiectum,
1331 3771 1370 3803 r.
1416 3754 1629 3817 defectu,
1653 3757 1702 3806 R
1726 3754 1792 3819 (f
1810 3758 1864 3804 in
1888 3753 2040 3816 corr.)
2081 3796 2141 3803 ....
2180 3756 2331 3823 omnis
2356 3756 2550 3820 positia,

322 3826 385 3872 R.
414 3863 475 3871 .-
514 3822 564 3870 in
590 3820 739 3883 illam,
763 3823 911 3870 Rad.
950 3822 998 3870 in
1023 3819 1129 3881 illa,
1154 3823 1363 3870 Robert.
1399 3821 1549 3882 illam,
1571 3836 1620 3886 γ.
1649 3864 1711 3871 -
1740 3821 2034 3882 devexitate,
2057 3822 2265 3870 Robert.
2291 3862 2353 3870 -.
2381 3831 2548 3874 trans-

326 3892 487 3949 vecti-5,
509 3888 606 3940 1³².
644 3929 707 3938 ...-
743 3885 1056 3947 adtolluntur,
1078 3890 1167 3937 R2.
1205 3929 1266 3936 .-
1297 3904 1445 3953 posse
1482 3896 1545 3948 et,
1567 3891 1631 3938 R.
1822 3904 1825 3915 ⁴

379 3955 408 4017 ξ
432 3963 543 4007 180.
566 3953 708 4016 Ideo,
724 3958 815 4006 Ra
834 3952 1093 4016 (Robert.)
1115 3955 1186 4005 Et
1212 3955 1334 4015 ideo,
1353 3956 1401 4004 d.
1424 3954 1662 4015 Ideoque,
1679 3952 1783 4019 βγ.
1805 3996 1866 4003 -
1892 3956 1998 4013 hac,
2021 3954 2084 4003 R.
2106 3994 2167 4002 -.
2193 3955 2373 4017 sepius,
2392 3957 2441 4005 R
2458 3955 2551 4019 (ex

325 4020 478 4085 corr.)
514 4063 576 4072 ....
611 4020 788 4083 Nobis,
821 4024 869 4072 R
904 4021 957 4083 (s
996 4023 1050 4070 in
1091 4019 1244 4083 corr.)
1283 4062 1344 4069 .-
1378 4019 1627 4080 Arbelam,
1664 4021 1850 4071 Sabell.
1883 4023 1973 4071 B'2.
2005 4017 2262 4081 Arabiam,
2289 4022 2360 4072 Β.ι
2380 4025 2555 4074 Tada

325 4086 553 4149 (Robert.
587 4097 638 4139 et
659 4090 894 4139 Martian.
929 4089 1054 4152 Cap.
1091 4095 1137 4149 6,
1174 4085 1314 4148 594.)
1348 4101 1396 4151 r.
1454 4087 1666 4147 Arbela,
1704 4083 1761 4148 β.
1815 4088 1931 4136 Vid.
1963 4094 2008 4147 6,
2037 4094 2117 4138 41.
2163 4089 2397 4139 Ceterum
2433 4106 2548 4141 cum

322 4157 546 4206 Plinium
568 4154 799 4206 Arbelam
831 4171 995 4222 neque
1018 4156 1204 4206 Arbela
1227 4155 1484 4218 scripsisse
1507 4154 1609 4203 iam
1640 4156 1871 4215 sciamus,
1894 4154 2010 4205 fons
2035 4157 2210 4206 erroris
2233 4171 2323 4219 per
2353 4159 2547 4221 pleros-

325 4239 421 4285 que
452 4239 626 4273 omnes
644 4225 787 4273 codd.
806 4224 998 4287 vulgati
1024 4224 1190 4273 statim
1213 4223 1458 4285 aperitur3
1479 4223 1674 4284 quoties
1701 4223 1833 4271 enim
1861 4223 2128 4286 scriptores
2144 4224 2316 4273 Latini
2340 4226 2548 4274 nomina

332 4291 531 4340 urbium
563 4291 779 4353 pluralia
818 4291 1016 4342 Graeca
1052 4292 1299 4341 secundae
1351 4290 1700 4340 declinationis
1750 4290 1947 4352 generis
1994 4291 2218 4341 neutrius
2271 4293 2548 4341 secundum
