2961 4861
348 320 470 383 140
1041 335 1446 381 NA'rnaAms
1492 333 1880 380 ms'romAE

347 487 660 571 conplexa
702 510 740 549 a
784 509 852 552 se
898 509 1125 551 causas
1147 534 1166 563 ,
1228 485 1529 568 quoniam
1586 496 1652 549 et
1704 483 2055 547 tonitruum
2114 495 2180 547 et
2234 483 2577 548 fulminum

345 587 552 651 iactus
592 587 820 651 horum
861 586 1198 652 violentiae
1241 585 1532 670 plerique
1575 585 1952 672 adsignant3
1998 584 2155 667 quin
2185 596 2250 648 et
2291 585 2438 650 ideo
2480 587 2575 650 la-

344 688 606 774 pidibus
648 689 873 773 pluere
917 686 1192 762 interim,
1236 686 1388 769 quia
1431 697 1624 751 vento
1668 686 1797 750 sint
1839 684 2049 769 rapti,
2113 696 2179 749 et
2231 685 2432 749 multa
2486 685 2576 750 si-

344 789 598 854 militer.
670 786 886 869 Quam
927 789 1010 853 ob
1053 809 1189 852 rem
1231 786 1420 850 simul
1459 789 1649 873 plura
1691 785 1964 852 dicenda
2007 797 2174 850 sunt.
2228 852 2240 859 ς

428 888 777 953 ΧΧΧΙΧ.
836 890 938 953 39.
982 888 1469 973 Tempestatum
1497 909 1838 970 rerumque
1865 886 2180 969 quasdam
2207 896 2406 951 statas
2437 909 2577 951 esse
2607 910 2704 955 105

346 1012 594 1067 causas,
641 989 951 1073 quasdam
994 1010 1144 1054 vero
1189 987 1487 1051 fortuitas
1532 1000 1644 1052 aut
1681 988 1891 1051 adhuc
1931 986 2197 1051 rationis
2236 987 2576 1073 inconper-

305 1079 449 1154 ‘tae
502 1090 916 1154 manifestum
963 1100 1078 1153 est.
1148 1087 1315 1170 Quis
1359 1088 1529 1152 enim
1571 1099 1852 1166 aestates
1896 1098 1962 1151 et
2002 1087 2245 1153 hiemes
2285 1109 2577 1171 quaeque

343 1190 413 1253 in
467 1191 863 1276 temporibus
919 1212 1130 1253 annua
1188 1189 1327 1252 vice
1369 1188 1830 1276 intelleguntur
1884 1188 2167 1253 siderum
2220 1200 2395 1252 motu
2436 1187 2576 1253 fieri

346 1291 644 1355 dubitet?
690 1290 784 1354 Ut
829 1290 980 1355 solis
1026 1312 1179 1375 ergo
1222 1299 1451 1353 natura
1496 1290 1908 1373 temperando
1949 1287 2345 1375 intellegitur
2386 1311 2573 1366 ann0,

345 1392 441 1456 sic
469 1390 858 1475 reliquorum
896 1412 1152 1474 quoque
1197 1389 1480 1454 siderum
1522 1389 1785 1475 propria
1829 1400 1928 1453 est
1968 1388 2328 1473 quibusque
2371 1388 2471 1453 vis
2514 1400 2579 1453 et

344 1492 430 1555 ad
474 1514 655 1555 suam
698 1491 927 1574 cuique
969 1501 1265 1554 naturam
1309 1489 1559 1555 fertilis.
1619 1490 1772 1555 Alia
1817 1501 1969 1554 sunt
2009 1489 2078 1553 in
2118 1489 2432 1573 liquorem
2473 1512 2577 1554 so-

344 1592 464 1656 luti
507 1592 745 1656 umoris
790 1591 1066 1655 fecunda
1088 1640 1106 1670 ,
1161 1591 1287 1655 alia
1340 1590 1619 1655 concreti
1675 1590 1744 1653 in
1801 1591 2065 1676 pruinas
2107 1601 2221 1654 aut
2264 1591 2468 1656 coacti
2509 1590 2580 1655 in

345 1693 513 1757 nivis
557 1704 670 1782 aut
711 1691 972 1780 glaciati
1014 1692 1082 1755 in
1124 1691 1471 1779 grandines
1489 1738 1508 1768 ,
1554 1688 1679 1753 alia
1718 1689 1930 1770 flatus,
1976 1690 2103 1757 alia
2147 1691 2408 1776 teporis,
2455 1690 2580 1755 alia

347 1795 627 1880 vaporis,
673 1793 799 1857 alia
839 1791 1023 1869 roris,
1070 1791 1195 1854 alia
1237 1792 1487 1877 rigoris,
1544 1790 1684 1856 Nec
1727 1815 1879 1857 vero
1920 1791 2080 1856 haec
2122 1803 2300 1855 tanta
2342 1792 2581 1857 debent

349 1893 725 1959 existumari
766 1903 1008 1975 quanta
1051 1903 1416 1969 cernuntur,
1466 1915 1614 1957 cum
1653 1914 1793 1958 esse
1825 1914 2049 1957 eorum
2086 1892 2333 1957 nullum
2370 1892 2579 1958 minus

345 1995 499 2057 luna
553 2003 684 2056 tam
738 1992 1063 2056 inmensae
1116 1992 1474 2057 altitudinis
1526 1993 1689 2057 ratio
1733 1993 2033 2059 declaret.
2097 1992 2310 2081 Igitur
2350 1993 2419 2056 in
2462 2014 2580 2056 suo
2610 2019 2707 2063 106

346 2116 639 2177 quaeque
701 2104 881 2158 motu
934 2103 1230 2156 naturam
1285 2115 1466 2156 suam
1522 2105 1826 2159 exercent
1846 2142 1865 2173 ,
1932 2094 2105 2177 quod
2167 2092 2580 2158 manifestum

348 2191 615 2259 Saturni
658 2215 954 2258 maxume
1000 2192 1306 2257 transitus
1348 2193 1661 2259 imbribus
1705 2194 1969 2260 faciunt.
2041 2193 2180 2260 Nec
2229 2194 2581 2259 meantium

347 2295 537 2360 modo
582 2294 865 2359 siderum
904 2294 1064 2358 haec
1107 2292 1206 2358 vis
1237 2305 1336 2358 est
1363 2293 1478 2358 sed
1507 2296 1851 2361 multorum
1881 2295 2073 2359 etiam
2100 2295 2581 2361 adhaerentium

346 2396 525 2463 caelo
548 2446 565 2475 ,
627 2395 924 2480 quotiens
970 2394 1320 2461 errantium
1373 2394 1648 2461 adcessu
1690 2395 1944 2483 inpulsa
1986 2408 2100 2462 aut
2142 2396 2434 2463 coniectu
2474 2418 2579 2460 ra·

347 2498 601 2562 diorum
646 2497 1053 2564 exstimulata
1096 2508 1245 2561 sunt
1267 2545 1284 2576 ,
1341 2497 1616 2580 qualiter
1658 2498 1727 2561 in
1770 2497 2009 2563 suculis
2053 2498 2365 2563 sentimus
2407 2497 2579 2564 acci-

347 2599 503 2662 dere
526 2646 545 2675 ,
605 2620 766 2681 quas
812 2596 1049 2662 Graeci
1094 2596 1176 2662 ob
1233 2597 1303 2660 id
1343 2597 1566 2683 pluvio
1607 2598 1859 2664 nomine
1902 2599 2259 2684 appellant3
2314 2599 2472 2683 quin
2515 2609 2582 2663 et

350 2721 469 2761 sua
512 2709 738 2783 sponte
781 2698 1097 2781 quaedam
1142 2697 1450 2780 statisque
1496 2698 1910 2785 temporibus,
1958 2710 2031 2764 ut
2071 2701 2422 2766 haedorum
2465 2723 2579 2764 ex-

347 2809 548 2862 ortus.
625 2796 891 2861 Arcturi
942 2818 1096 2862 vero
1147 2797 1326 2862 sidus
1379 2821 1509 2864 non
1563 2800 1765 2866 ferme
1809 2801 1947 2866 sine
1988 2805 2343 2887 procellosa
2384 2824 2577 2889 gran-

348 2897 500 2963 dine
543 2897 834 2986 emergit.

413 3143 663 3207 complexa
687 3160 721 3191 a
746 3159 816 3205 se,
841 3145 915 3194 ad
931 3146 983 3192 2ι·
1006 3139 1267 3205 (Robert.)
1315 3144 1637 3210 complexase‚
1662 3146 1758 3195 R'.
1793 3145 2142 3211 comples-asse,
2168 3147 2266 3197 R2.
2304 3146 2579 3210 complexas

346 3228 383 3260 a
415 3226 485 3271 se,
510 3212 573 3260 P.
619 3212 883 3275 complexa,
908 3210 965 3261 <1¹
976 3207 1077 3276 βγ.
1131 3214 1212 3263 De
1245 3213 1531 3275 significatu
1563 3214 1954 3276 praepositionis
1979 3232 2013 3264 a
2034 3215 2133 3262 vid.
2167 3215 2233 3262 ad
2255 3219 2337 3274 36,
2367 3220 2477 3263 133.
2515 3254 2577 3261 .-

348 3285 394 3326 et
434 3286 551 3325 ante
592 3278 754 3325 tonitr.
797 3279 959 3326 omitt.
993 3278 1099 3327 Pa¹
1147 3277 1409 3342 (Robert.)
1457 3321 1520 3329 .-
1575 3290 1739 3340 actus,
1772 3282 1833 3331 P.
1888 3280 2045 3340 ictus,
2078 3282 2287 3331 Robert.
2337 3320 2399 3329 ..-
2447 3279 2579 3344 quin,

345 3346 529 3393 wad.
584 3342 698 3405 qui,
730 3342 1148 3407 R'P·(Robert.)
1195 3386 1256 3395 ..-
1306 3345 1563 3411 lapidibus
1592 3345 1783 3411 pluere,
1817 3350 1916 3397 vid.
1950 3350 2163 3397 Aristot.
2202 3350 2415 3398 Meteor.
2454 3355 2497 3407 1,
2534 3351 2577 3397 7.

345 3425 395 3473 p.
421 3408 574 3468 3441),
600 3415 681 3458 31.
717 3449 780 3458 ...
817 3411 950 3472 quia,
975 3412 1175 3460 RPad.
1213 3412 1359 3475 quod,
1382 3410 1485 3477 βγ.
1517 3454 1580 3463 ...
1622 3424 1788 3464 ventos
1826 3415 2030 3479 inrapti,
2063 3415 2165 3464 R1.
2195 3456 2256 3463 -.
2293 3413 2443 3464 simul
2467 3415 2578 3479 plu-

346 3493 424 3535 ra,
449 3476 609 3524 RPd.
641 3473 798 3538 plura
822 3474 983 3536 simul,
1009 3472 1148 3541 assr.
1182 3478 1350 3541 plura,
1385 3482 1591 3530 Robert.
1631 3522 1694 3530 ...
1731 3493 1855 3543 sunt,
1893 3498 1993 3532 om.
2022 3484 2082 3532 P.

413 3540 442 3601 ξ
483 3548 593 3592 105.
643 3556 914 3605 rerumque,
948 3558 1073 3605 quas
1102 3547 1434 3607 paragraphis
1467 3549 1704 3609 proxime
1736 3551 2060 3614 sequentibus
2104 3551 2339 3614 deinceps
2373 3565 2576 3600 enume-

344 3619 435 3660 rat.
477 3651 537 3658 -
575 3617 806 3669 statutas,
829 3612 922 3659 Pr.
962 3650 1023 3657 .-.
1061 3608 1135 3657 ad
1156 3608 1297 3671 hunc,
1321 3613 1380 3661 P.
1421 3654 1483 3661 ...
1520 3616 1660 3675 enim,
1687 3618 1834 3667 Rad.
1871 3634 1978 3678 non,
2001 3619 2062 3667 P.
2102 3658 2164 3665 -
2208 3618 2278 3668 Ut
2300 3615 2423 3667 solis
2448 3634 2576 3684 erqo,

352 3671 451 3726 θᾱ.
491 3686 539 3725 et
561 3686 613 3725 ut
635 3674 758 3727 solis
779 3693 908 3742 erqo,
933 3680 995 3727 R.
1031 3674 1169 3743 Erqo
1197 3687 1249 3726 ut
1270 3677 1411 3739 solis,
1434 3682 1522 3730 Pa
1545 3679 1805 3747 (Robert.)
1838 3680 1897 3746 β.
1936 3701 2243 3749 -,ᾳαοφιε,
2277 3700 2378 3735 om.
2414 3688 2474 3736 P.
2514 3726 2573 3733 -

346 3753 406 3804 et,
448 3761 548 3793 om.
591 3745 649 3794 P.
698 3785 759 3793 .-
806 3741 1084 3803 assiduam,
1126 3744 1206 3794 a¹.
1255 3785 1315 3792 -..
1364 3745 1571 3810 liquore,
1612 3751 1670 3799 P.
1720 3793 1782 3800 .-
1820 3754 2060 3813 humores,
2101 3752 2199 3802 R'.
2239 3793 2301 3801 ..-
2348 3754 2576 3812 concreti,

344 3813 536 3861 B²Pa
591 3820 828 3871 concreta,
861 3810 1052 3861 R'Td.
1101 3852 1162 3859 -.
1210 3815 1391 3873 coacti,
1438 3816 1595 3865 RPa.
1650 3827 1848 3879 coacta,
1881 3819 1988 3868 Td.
2035 3860 2098 3869 -
2141 3819 2379 3883 9ἰαοίαεί,
2413 3821 2574 3871 RPa.

342 3878 577 3941 fiat-iata,
600 3878 707 3927 Td.
735 3919 796 3926 ...
817 3879 974 3942 flatu,
999 3879 1103 3928 Td.
1132 3920 1192 3928 -
1229 3877 1354 3940 alia,
1379 3884 1465 3930 ad.
1504 3884 1682 3934 Omitt.
1707 3886 1923 3936 BTPo’.
1953 3928 2013 3935 .-
2047 3888 2296 3950 temporis,
2321 3888 2484 3938 PTd.
2513 3928 2573 3935 -..

345 3945 455 3994 alia
481 3944 682 4008 riyoris,
706 3946 850 3994 Rad.
888 3947 950 3995 In
973 3947 1017 3996 P
1039 3947 1235 3997 lacuna.
1274 3988 1335 3996 -.
1374 3947 1557 4012 nullus,
1581 3965 1629 3999 σ.

413 4011 442 4070 ξ
470 4019 581 4062 106.
620 4029 730 4073 sua,
757 4011 853 4062 R¹.
893 4055 955 4061 -
1007 4030 1210 4079 quoque,
1245 4015 1302 4065 P.
1343 4057 1403 4064 -..
1441 4019 1583 4078 satis,
1614 4019 1673 4067 P.
1713 4062 1775 4070 -.
1823 4023 2044 4082 maxime,
2079 4037 2180 4071 om.
2216 4023 2279 4072 Τ.
2320 4064 2380 4071 -
2421 4020 2575 4082 modo,

345 4080 492 4128 Rad.
532 4095 738 4143 quoque,
762 4081 820 4129 P.
861 4122 920 4129 -
967 4098 1197 4144 accensu,
1223 4081 1317 4133 R¹.
1356 4102 1576 4145 accessa,
1600 4086 1657 4135 P.
1698 4129 1758 4137 -
1806 4087 2077 4149 stimulata,
2103 4092 2151 4138 d.
2192 4131 2253 4138 -.
2292 4089 2345 4138 in
2374 4091 2577 4149 suculis,

344 4161 446 4194 om.
471 4145 568 4223 Β).
609 4188 669 4195 .-
710 4149 905 4207 nomine,
933 4150 1213 4199 RTPaJd.
1262 4150 1450 4200 nomine
1476 4152 1691 4218 hyadas,
1727 4151 1890 4219 a²ssr.
1933 4198 1992 4205 -.
2031 4157 2347 4221 statutisque,
2380 4158 2473 4208 Pr.
2514 4199 2573 4206 .-

344 4212 540 4273 Artun,
566 4214 662 4262 1³¹.
705 4256 764 4263 -.
803 4231 931 4275 vero,
956 4231 1055 4265 om.
1074 4218 1131 4266 P.
1171 4259 1232 4266 -
1270 4218 1567 4282 sineserme,
1594 4222 1656 4271 R.
1687 4264 1743 4271 -
1782 4224 2025 4288 yrandine
2052 4224 2271 4288 emerqit,
2296 4228 2384 4275 ad.
2421 4242 2574 4289 yran·

344 4280 636 4343 diuemeryit,
661 4282 723 4330 R.
759 4280 1006 4344 qrandt'ne
1030 4286 1282 4347 merqstur,
1305 4286 1362 4335 P.
