2961 4861
796 357 936 405 Lm.
963 359 1041 431 ,¹1-
1106 359 1263 406 cAP.
1298 357 1422 404 vn.
1455 359 1610 404 vm.
1653 339 1863 404 81161.
1898 361 1932 402 5.
1963 330 2000 401 εξ
2398 342 2515 405 111

274 510 784 576 monstrabimus
826 509 985 574 loco.
1055 507 1454 575 Circulorum
1502 529 1757 593 quoque
1803 508 1962 573 caeli
1995 508 2166 574 -ratio
2207 509 2275 573 in
2319 522 2523 575 terrae

274 610 610 676 mentione
639 610 854 696 aptius
884 610 1152 688 dicetur,
1199 611 1455 694 quando
1486 611 1570 674 ad
1611 631 1752 673 eam
1799 620 1933 673 tota
1976 609 2274 694 pertinet,
2323 610 2522 698 signi-

274 712 404 775 feri
453 712 655 777 modo‘
683 710 1156 776 inventionibus
1197 734 1326 776 non
1385 711 1618 776 dilatis.
1698 707 2165 792 Obliquitatem
2228 710 2366 774 eius
2425 712 2523 774 in·
2552 732 2613 776 31

272 812 610 877 tellexisse
664 812 785 877 1106
841 823 941 876 est
994 835 1208 876 rerum
1263 811 1420 876 foris
1474 811 1806 896 aperuisse
1863 808 2349 875 Anaximander
2391 811 2525 875 Mi·-

268 912 487 977 lesius
518 912 790 976 traditur
818 912 1064 996 primus
1095 912 1462 998 olympiade
1494 911 2028 999 quinquagesima
2055 923 2300 989 octava,
2342 913 2526 997 signa

271 1013 519 1076 deinde
549 1013 612 1074 in
647 1037 721 1078 eo
754 1011 1150 1078 Cleostratus
1189 1024 1254 1076 et
1296 1012 1504 1097 prima
1548 1013 1763 1077 arietis
1807 1034 1886 1077 ac
1932 1013 2243 1100 sagittari,
2292 1013 2525 1098 sphae-

266 1137 414 1177 ram
458 1114 604 1197 ipso
634 1113 978 1178 mandante
1006 1113 1247 1178 mundo
1277 1111 1487 1178 Atlas.
1555 1112 1747 1177 Nunc
1788 1113 2011 1177 relicto
2054 1112 2276 1176 mundi
2320 1112 2527 1196 ipsius

270 1236 549 1299 corpore
592 1214 840 1297 reliqua
878 1214 1046 1278 inter
1087 1215 1335 1279 caelum
1381 1224 1711 1298 terrasque
1757 1224 2123 1278 tractentur.
2188 1210 2527 1278 Summum
2553 1235 2618 1278 32

271 1337 431 1379 esse
477 1313 651 1397 quod
693 1325 922 1377 vocant
964 1310 1226 1379 Saturni
1273 1300 1450 1379 sidus
1502 1314 1777 1398 ideoque
1821 1314 2172 1379 minumum
2215 1313 2419 1378 videri
2463 1325 2528 1379 et

270 1437 587 1478 maxumo
617 1413 857 1478 ambire
895 1415 1130 1480 circulo
1174 1438 1250 1479 ac
1294 1414 1616 1479 tricesimo
1661 1438 1826 1481 anno
1870 1417 1956 1480 ad
1996 1415 2378 1481 brevissima
2422 1438 2525 1481 se-

271 1516 382 1579 dis
433 1537 588 1579 suae
634 1514 947 1601 principia
988 1514 1245 1602 regredi
1292 1527 1537 1580 certum
1585 1526 1703 1593 est,
1751 1517 2032 1581 omnium
2064 1529 2277 1581 autem
2310 1539 2527 1580 erran-

269 1618 440 1681 tium
487 1616 766 1680 siderum
810 1627 1091 1693 meatus,
1136 1616 1304 1680 inter
1348 1639 1516 1699 quae
1563 1616 1714 1679 solis
1760 1628 1822 1679 et
1867 1611 2059 1696 lunae
2077 1665 2094 1694 ‚
2143 1618 2527 1681 contrarium

271 1717 523 1782 mundo
567 1723 761 1803 agere
808 1739 1066 1781 cursum
1121 1715 1191 1779 id
1236 1727 1338 1780 est
1391 1717 1677 1793 laevom,
1737 1716 1845 1781 illo
1894 1739 2147 1803 semper
2187 1716 2255 1779 in
2300 1716 2530 1780 dextra

268 1817 635 1903 praecipiti.
704 1816 792 1880 Et.
832 1817 1122 1899 quamvis
1163 1816 1434 1881 adsidua
1473 1816 1888 1880 conversione
1931 1817 2259 1881 inmensae
2304 1817 2526 1881 celeri·
2556 1839 2621 1883 33

272 1919 436 1981 tatis
482 1918 847 1981 attollantur
890 1917 973 1982 ab
1019 1938 1095 1981 eo
1136 1916 1595 2003 rapianturque
1638 1916 1704 1980 in
1749 1938 2079 1995 occasum,
2126 1918 2398 1982 adverso
2430 1929 2525 1982 tae-

275 2041 436 2082 men
480 2018 574 2081 ire
617 2029 794 2082 motu
837 2039 956 2101 per
1001 2041 1151 2083 suos
1194 2038 1488 2102 quaeque
1532 2038 1766 2102 passus
1781 2043 1800 2095 3
1867 2017 1959 2082 ita
2006 2018 2187 2097 fieri,
2246 2041 2329 2083 ne
2373 2042 2527 2084 con-

182 2153 189 2160 ·
275 2120 548 2184 volutus
588 2141 699 2182 aer
737 2118 1004 2183 eandem
1032 2119 1101 2182 in
1128 2109 1382 2204 partem
1407 2129 1667 2182 aeterna
1696 2118 1918 2182 mundi
1947 2120 2262 2205 vert-igine
2290 2121 2528 2208 ignavo

220 2267 231 2282 .
275 2219 482 2305 globo
528 2231 776 2305 torpeat
823 2219 937 2284 sed
981 2219 1289 2284 fundatur
1331 2219 1605 2283 adverso
1648 2219 1927 2284 siderum
1969 2219 2236 2285 verbere
2280 2221 2526 2286 discre-

278 2332 386 2385 tus
423 2335 482 2385 et
513 2322 824 2408 digestus.
889 2319 1150 2386 Saturni
1180 2332 1395 2385 autem
1432 2321 1610 2384 sidus
1654 2321 1906 2407 gelidae
1950 2342 2026 2384 ac
2068 2321 2339 2407 rigentis
2385 2345 2528 2386 esse

275 2437 556 2489 naturae
598 2414 996 2506 multumque
1042 2446 1124 2486 ex
1168 2445 1244 2487 60
1288 2411 1653 2485 inferiorem
1696 2419 1871 2513 Iovis
1918 2420 2225 2486 circulum
2270 2433 2335 2487 et
2382 2421 2530 2488 ideo

281 2574 416 2613 ortus
427 2564 590 2626 fores,
615 2563 828 2614 Salmas.
871 2602 922 2609 -
962 2561 1140 2623 primo,
1165 2562 1229 2610 R.
1271 2602 1322 2609 -.
1370 2560 1555 2621 deinde,
1590 2563 1767 2611 Rabd
1778 2576 1873 2625 gp.
1912 2560 2039 2622 dein,
2071 2562 2129 2611 P.
2179 2563 2354 2613 omitt.
2381 2567 2527 2614 codd.

279 2632 512 2680 Barbari.
553 2670 611 2678 ..
655 2632 707 2680 in
740 2647 793 2679 eo
831 2624 1154 2690 Cleostratus,
1189 2629 1418 2691 Rabdg.
1465 2627 1898 2689 MeocleostratuS,
1933 2644 1983 2692 p.
2030 2630 2332 2690 molestatus,
2365 2633 2424 2681 P.
2466 2671 2521 2680 ..

274 2700 462 2761 prima,
489 2699 636 2760 de.
668 2698 895 2762 primam,
927 2696 1056 2745 Pab
1067 2711 1102 2759 g
1134 2693 1307 2758 (codd.
1341 2694 1594 2757 Barbari.)
1635 2737 1693 2743 ..-
1730 2716 1755 2745 s
1824 2698 2012 2756 mariis,
2046 2699 2107 2747 R.
2152 2738 2194 2745 ..
2246 2696 2527 2760 sphaeram,

283 2767 330 2813 d.
374 2766 569 2827 feram,
611 2766 743 2815 Rab
754 2779 830 2827 gp
872 2760 1044 2824 (codd.
1077 2765 1287 2813 Barbari
1329 2773 1379 2812 et
1417 2764 1544 2812 liber
1579 2764 1791 2814 Salmas.
1846 2766 2086 2828 formam,
2119 2767 2178 2816 P.
2232 2768 2313 2816 De
2346 2782 2527 2828 errore,

286 2847 445 2894 quem
466 2833 598 2881 Plin.
631 2833 828 2891 videtur
852 2832 1162 2881 commisisse
1195 2832 1311 2880 coll.
1352 2834 1395 2891 7,
1434 2838 1567 2889 203..
1600 2833 1698 2880 vid.
1724 2833 1881 2881 Hard.
1914 2833 1968 2880 in
2001 2833 2137 2882 notis
2172 2843 2222 2881 et
2255 2837 2526 2885 emendatt.

281 2903 346 2949 ad
371 2902 428 2948 b.
452 2900 487 2947 1.
528 2940 589 2947 .-
627 2900 729 2963 ipso
753 2896 1020 2948 mandante
1043 2897 1236 2959 mundo,
1259 2899 1347 2947 Pa
1363 2898 1396 2946 b
1409 2914 1486 2961 gp
1521 2896 1690 2958 (codd.
1714 2900 1866 2947 Barb.
1903 2906 1953 2946 et
1994 2899 2121 2947 liber
2144 2898 2330 2961 Salm.)
2347 2900 2528 2964 ‘ipsam

283 2963 512 3027 [rasura]
551 2975 658 3015 ante
702 2965 870 3025 multa,
904 2966 968 3015 R.
1024 2966 1180 3029 ipsam
1223 2974 1331 3015 ante
1371 2965 1537 3025 multe,
1573 2967 1606 3014 d
1616 2961 1659 3026 β
1668 2979 1716 3029 γ.
1766 2964 1875 3030 ipso
1905 2964 2151 3027 pandente
2183 2965 2373 3026 mundo,
2415 2968 2529 3017 Sal-

280 3049 411 3082 mas.
465 3035 540 3082 At
579 3048 684 3082 non
728 3035 1002 3083 deserenda
1031 3041 1109 3083 est
1147 3034 1299 3082 lectio
1333 3032 1647 3094 optimorum
1685 3032 1953 3090 librorum3
2002 3032 2188 3079 etenim
2230 3047 2346 3081 cum
2377 3035 2529 3083 Atlas

281 3097 675 3163 1111111(111111(τὸν
710 3096 989 3159 σύμπαντα
1023 3095 1246 3160 κόσμον,
1280 3099 1493 3148 Diodor.
1527 3098 1625 3147 Sic.
1661 3103 1708 3157 3,
1744 3103 1823 3145 60.
1861 3091 2184 3157 τὸνῷκόσμον
2212 3093 2359 3159 ὅλον,
2396 3101 2528 3150 1ᾱ6111

283 3175 332 3227 4,
373 3166 483 3230 27.)
517 3168 740 3217 humeris
773 3168 876 3217 suis
913 3167 1081 3227 ferret,
1114 3168 1223 3228 ipse
1274 3168 1494 3213 mundus
1529 3165 1798 3226 sphaeram
1829 3163 2031 3213 Atlanti
2064 3167 2378 3216 mandavisse
2414 3168 2445 3215 i.
2482 3183 2525 3217 6.

282 3234 553 3285 credidisse
575 3237 702 3297 bene
727 3236 826 3284 dici
849 3241 1034 3297 potest.
1072 3227 1206 3281 Φασὶ
1233 3221 1279 3278 δ’
1307 3227 1472 3278 αὐτὸν
1487 3220 1795 3290 (Ἄτλαντα)
1807 3225 1872 3278 τὰ
1896 3225 2020 3294 περὶ
2047 3228 2141 3295 τὴν
2168 3228 2525 3298 ἀστρολογίαν

283 3297 423 3356 ἐξακ
465 3297 663 3363 ιβῶσαι
698 3296 787 3348 καὶ
823 3297 914 3349 τὸν
950 3295 1239 3378 σφαφικὸν
1274 3292 1433 3361 λόγον
1471 3292 1558 3355 εἷς
1590 3293 1918 3361 ἀνθρώπους
1944 3297 2157 3362 πρῶτον
2191 3295 2523 3364 ἐξενεγκεῖν,

283 3357 384 3429 ἀφ’
455 3384 484 3423 ς
511 3365 692 3424 αἰτίας
715 3363 877 3423 δόξαι
905 3363 999 3422 τὸν
1019 3379 1297 3427 συμπαντα
1317 3360 1518 3423 κόσμον
1538 3359 1627 3412 ἐπὶ
1647 3364 1751 3412 τῶν
1765 3354 2051 3423 Ἄτλαντος
2067 3360 2234 3425 ὤμων
2248 3363 2527 3434 ὀχεῖσθαι,

281 3433 382 3550 ἑοῦ
402 3431 586 3493 μύθου
621 3431 716 3549 τῂν
749 3436 851 3498 τῆς
880 3428 1125 3497 σφαῖρας
1153 3428 1365 3497 εὕρεσιν
1399 3426 1491 3478 καὶ
1524 3429 1879 3497 καταγραφὴν
1915 3428 2302 3493 αἰνιττομένου.
2371 3438 2524 3486 Diod.

324 3501 387 3549 ic.
415 3507 462 3559 3,
491 3507 568 3549 60.
597 3516 654 3549 60
699 3537 710 3548 .
739 3509 787 3561 4,
813 3503 893 3551 27.

353 3566 382 3627 ξ
409 3573 488 3616 32.
529 3567 797 3625 Summum,·
821 3583 912 3630 per
942 3569 1159 3616 sedecim
1183 3567 1288 3617 fere
1309 3583 1483 3617 versus
1506 3569 1671 3616 codex
1694 3581 1728 3628 g
1752 3568 1873 3633 hinc
1894 3576 1971 3616 est
1993 3568 2258 3617 laceratus.
2288 3609 2337 3616 ...
2373 3573 2528 3621 ambi-

282 3636 343 3695 ri,
384 3636 443 3685 P.
502 3676 546 3682 ..
607 3635 930 3695 brevissimae,
970 3635 1030 3683 P.
1088 3652 1213 3684 anno
1253 3651 1359 3684 cum
1402 3634 1679 3684 brevissime
1721 3634 1791 3684 ad
1827 3633 1975 3695 sedis,
2008 3636 2074 3684 K.
2116 3676 2178 3683 .-
2224 3637 2345 3684 inter
2380 3654 2526 3701 quae,

281 3704 416 3766 abp.
456 3704 685 3765 interque,
722 3705 783 3752 R.
832 3704 1026 3765 iterque,
1059 3703 1118 3751 P.
1166 3704 1385 3764 interque
1422 3716 1499 3763 ea,
1533 3704 1579 3750 d.
1619 3698 2003 3766 (Βο11611.)βγ.
2044 3743 2105 3749 -
2144 3720 2333 3753 cursum
2358 3714 2403 3754 et
2424 3705 2526 3755 lae-

282 3786 422 3831 vum,
470 3786 520 3833 p.
583 3811 644 3818 ..
707 3770 810 3829 illo,
851 3771 1057 3819 Barbar.
1099 3770 1288 3831 Rabg.
1344 3768 1463 3832 illa,
1501 3769 1607 3832 Pp.
1666 3810 1724 3817 .-
1781 3766 1982 3829 dextra,
2016 3771 2253 3832 Rabdg.
2301 3771 2525 3833 dextera,

278 3837 439 3900 PTp.
479 3838 741 3897 dexteram,
765 3833 867 3901 βγ.

351 3903 380 3963 5
405 3911 488 3954 33.
527 3907 589 3954 ab
614 3922 680 3965 ee,
706 3907 810 3954 Rd.
849 3902 987 3963 adeo,
1011 3905 1248 3966 Pabgp.
1290 3945 1350 3952 -
1391 3905 1667 3968 rapiuntur,
1702 3903 1760 3952 P.
1802 3944 1862 3951 -
1902 3902 2088 3967 impetu,
2120 3907 2204 3954 d¹.
2256 3945 2317 3954 .-.
2369 3922 2526 3967 quae-

287 3986 400 4033 que,
442 3974 583 4022 3²11.
640 3988 850 4037 quoque,
890 3972 1215 4034 R¹Pabgp.
1273 4011 1333 4018 -
1373 3972 1524 4033 fieri,
1565 3971 1773 4019 Barbar.
1815 3971 2051 4032 Rabdg.
2092 3970 2262 4034 ferri,
2302 3973 2407 4036 Pp.
2460 4015 2522 4024 .-

284 4036 1424 4170 3⁶5⁶'”“2332.z¹2³22m3.{“1'{⁶'1'³⁶²42b¹{{3{1¹53ssss
1442 4037 1767 4167 mm?
1777 4032 1960 4167 ξίῖῖ
1987 4035 2212 4155 ἀὼέῗῗζῖ
2227 4039 2526 4173 ξὲἕέθ-ῖᾶῖῑ
2609 4034 2624 4047 ’

370 4142 380 4153 .
409 4147 470 4154 -
781 4144 792 4167 ,
1427 4141 1439 4153 .
1739 4140 1753 4166 ,
1912 4141 1923 4152 -
1963 4144 2025 4153 .-
2380 4127 2428 4158 tn
2455 4128 2478 4159 e
2511 4147 2525 4158 .

286 4173 501 4222 collocat
522 4174 581 4222 P.
620 4189 681 4221 ex
705 4175 840 4223 delet
860 4174 1039 4224 Dalec.
1081 4214 1141 4221 -.
1178 4171 1473 4233 inferiorem,
1509 4172 1627 4222 BP.
1667 4170 1717 4220 in
1752 4172 1913 4231 terris,
1939 4172 2000 4221 T.
2048 4174 2098 4222 in
2137 4174 2290 4223 terris
2324 4178 2526 4240 inferio—

993 4258 1113 4294 terris

287 4320 397 4366 rem,
431 4309 634 4371 bdgpr
669 4304 930 4369 (Robert.)
977 4309 1027 4356 in
1108 4306 1487 4369 inferiorema.
