2961 4861
354 283 475 344 246
1055 298 1461 344 NATURALIS
1509 297 1898 343 msromm:

354 450 583 514 simum
635 448 857 514 Italiae
913 448 1413 534 promontorium
1474 449 1668 533 aliqui
1728 448 2144 520 existumant3
2215 446 2363 510 dein
2419 445 2597 510 sinus

356 549 691 635 Scylaeius
736 561 801 615 et
844 547 1229 634 Scylaeium,
1279 547 1661 634 Scylletium
1701 547 2208 613 Atheniensibus
2251 569 2399 611 cum
2443 569 2596 612 con-
2652 612 2657 617 Χ

356 654 580 717 derent
624 653 884 728 dictum,
933 672 1124 734 quem
1159 652 1373 715 locum
1404 673 1745 715 occurrens
1775 649 2131 714 Terinaeus
2163 648 2337 713 sinus
2366 648 2599 733 penin-

357 754 561 819 sulam
605 751 825 828 efficit,
874 760 939 814 et
981 750 1048 819 in
1094 773 1169 814 ea
1209 762 1434 835 portus
1470 752 1590 835 ,qui
1633 760 1901 814 vocatur
1931 746 2162 814 Castra
2189 747 2597 824 Hannibalis,

355 875 671 936 nusquam
701 850 1069 938 angustiore
1099 850 1314 915 Italia:
1355 874 1449 913 xx
1480 875 1528 914 M
1554 873 1857 936 passuum
1909 851 2176 914 latitudo
2207 860 2346 927 est3
2382 846 2601 932 itaque

317 953 711 1037 ›Dionysius
762 951 963 1017 maior
1016 952 1381 1016 intercisam
1441 975 1516 1015 eo
1568 953 1707 1018 loco
1763 951 2015 1016 adicere
2063 948 2322 1016 Siciliae
2376 950 2599 1015 voluit.

354 1055 601 1119 Amnes
644 1054 734 1118 ibi
778 1053 1177 1145 navigabiles
1225 1050 1552 1130 Carcines,
1601 1050 1918 1132 Crotalus,
1969 1050 2280 1129 Semirus,
2326 1052 2601 1127 Arocas,
2631 1070 2699 1114 96

356 1156 706 1243 Targines3
762 1155 1071 1240 oppidum
1114 1155 1286 1219 intus
1329 1154 1583 1233 Petilia,
1627 1178 1809 1220 mons
1855 1152 2188 1232 Clibanus,
2210 1240 2213 1243 Α
2234 1163 2603 1238 promonto-

355 1258 522 1321 rium
549 1256 911 1332 Lacinium,
958 1254 1142 1319 cuius
1186 1265 1334 1319 ante
1380 1278 1556 1319 oram
1597 1257 1808 1321 insula
1861 1279 1909 1320 x
1936 1280 1985 1319 M
2012 1279 2076 1341 p.
2124 1277 2163 1318 a
2207 1264 2375 1318 terra
2403 1253 2604 1319 Dios·
2688 1332 2693 1338 ⁴

358 1380 551 1421 coron
569 1405 586 1433 ,
646 1356 844 1419 altera
889 1351 1210 1439 Calypsus
1255 1375 1446 1438 quam
1492 1355 1824 1443 Ogygiam
1879 1356 2234 1442 appellasse
2274 1354 2605 1419 Homerus

359 1459 813 1532 existumatur,
870 1465 1206 1540 praeterea
1248 1454 1449 1533 Tiris,
1507 1455 1834 1536 Eranusa,
1892 1456 2233 1523 Meloessa.
2298 1453 2524 1541 Ipsum
2568 1478 2608 1519 a

360 1556 647 1623 Caulone
692 1556 915 1620 abesse
958 1578 1093 1619 Lxx
1136 1579 1185 1617 M
1226 1579 1291 1641 p.
1345 1556 1630 1641 prodidit
1669 1558 1989 1645 Agrippa.

443 1658 572 1722 XI.
639 1658 705 1721 A
747 1656 1015 1720 Lacinio
1068 1657 1499 1740 promontorio
1556 1659 1874 1723 secundus
1917 1658 2218 1744 Europae
2276 1659 2453 1722 sinus
2503 1658 2604 1721 in·
2635 1674 2699 1720 97

361 1760 520 1845 cipit
559 1779 793 1843 magno
838 1755 1084 1819 ambitu
1125 1754 1332 1819 flexus
1364 1765 1430 1819 et
1458 1756 1934 1823 Acroceraunio
1963 1758 2148 1844 Epiri
2190 1757 2410 1822 finitus
2452 1778 2605 1840 pro-

359 1862 701 1939 montorio,
758 1884 797 1923 a
855 1880 981 1942 quo
1033 1858 1215 1922 abest
1265 1881 1446 1921 Lxxv
1489 1883 1538 1922 M
1589 1883 1653 1944 p.
1712 1859 2047 1945 Oppidum
2108 1858 2342 1938 Crot0,
2403 1860 2608 1924 amnis

360 1961 708 2038 Neaethus,
757 1960 1065 2046 oppidum
1107 1958 1337 2022 Thurii
1382 1959 1552 2023 inter
1595 1961 1757 2025 duos
1803 1963 2009 2025 amnis
2044 1959 2335 2025 Crathim
2381 1971 2445 2026 et
2475 1958 2607 2045 Sy-

360 2063 589 2140 barim,
636 2061 747 2127 ubi
793 2060 919 2123 fuit
961 2059 1116 2123 urbs
1148 2059 1370 2122 eodem
1402 2062 1678 2124 nomine.
1738 2058 2050 2126 Similiter
2080 2072 2178 2126 est
2205 2061 2374 2127 inter
2409 2059 2609 2126 Sirim

365 2175 430 2230 et
469 2164 720 2228 Acirim
761 2161 1066 2226 Heraclia
1110 2160 1454 2243 aliquando
1501 2158 1665 2226 Siris
1716 2162 2013 2227 vocitata.
2082 2163 2386 2228 Flumina
2428 2164 2605 2229 Aca-

360 2268 687 2344 landrum,
737 2262 1133 2330 Casuentum
1150 2311 1167 2340 ,
1216 2262 1525 2348 oppidum
1571 2262 2024 2348 Metapontum
2069 2289 2196 2350 quo
2242 2267 2430 2332 tertia
2472 2267 2606 2332 Ita-

362 2369 487 2435 liae
518 2369 699 2457 regio
729 2367 968 2432 finitur.
1013 2363 1478 2429 Mediterranei
1508 2363 1914 2429 Bruttiorum
1940 2366 2299 2453 Aprustani
2336 2379 2605 2448 tantum,
2638 2386 2703 2432 98

363 2470 781 2535 Lucanorum
825 2477 1041 2531 autem
1084 2464 1417 2541 Atinates,
1471 2464 1767 2543 Bantini,
1813 2464 2120 2544 Eburini,
2171 2465 2606 2548 Grumentini,

365 2570 729 2647 Potentini‚
780 2566 1068 2644 Sontini,
1118 2564 1351 2643 Sirini,
1397 2565 1758 2653 Tergilani,
1805 2564 2176 2647 Ursentini,
2221 2569 2609 2636 Volcentani

368 2672 601 2754 quibus
652 2668 1067 2736 Numestrani
1122 2667 1501 2753 iunguntur.
1584 2667 1934 2732 Praeterea
1995 2670 2288 2736 interisse
2354 2672 2610 2737 Thebas

437 2846 591 2902 sinus,
619 2858 720 2892 om.
745 2856 792 2890 6.
822 2881 882 2888 ..
922 2835 1179 2904 Scylaeius
1210 2879 1273 2886 -
1304 2835 1596 2903 Scylletium,
1626 2839 1842 2889 Salmas.
1873 2855 2035 2890 exerc.
2054 2857 2103 2905 p.
2126 2846 2202 2893 57.
2220 2843 2269 2892 b.
2286 2843 2352 2892 D.
2385 2858 2451 2893 ex
2480 2845 2611 2893 anti-

369 2914 480 2977 quis
507 2912 662 2962 libris.
699 2919 742 2959 et
777 2904 1085 2972 Scolaylzium
1111 2903 1177 2955 Se
1212 2903 1389 2954 laceum
1417 2914 1460 2954 et
1483 2902 1755 2969 Scyletium‚
1782 2908 1846 2957 R.
1887 2917 1933 2956 et
1959 2905 2235 2974 Scolayium
2253 2906 2535 2974 Scylaceum
2572 2921 2615 2961 et

368 2978 623 3044 Scyletum,
650 2979 716 3028 A.
762 2985 808 3027 et
838 2972 1125 3040 Scolayyum
1205 2974 1441 3037 cylaceum
1477 2981 1523 3020 et
1556 2972 1838 3037 Scylecium,
1876 2976 1982 3025 Td.
2038 2986 2084 3026 et
2114 2974 2380 3040 Scoleyium
2415 2976 2611 3042 Scylla-

369 3062 504 3097 ceum
538 3057 583 3097 et
612 3043 901 3112 Scylletium,
938 3043 991 3093 S.
1036 3039 1312 3106 Scyllaceus
1353 3048 1401 3088 et
1434 3037 1713 3102 Scolayium
1746 3038 2046 3105 Scyllaceum
2080 3054 2125 3092 et
2154 3042 2437 3110 Scylletum,
2471 3060 2517 3095 6.
2572 3054 2615 3094 et

367 3112 659 3178 Scyllacium
692 3110 988 3177 Scylletium,
1024 3112 1167 3159 codd.
1198 3110 1407 3158 Barbar.
1439 3103 1497 3168 β.
1545 3104 1796 3172 Scylaeius
1831 3118 1875 3158 et
1908 3109 2197 3176 Stolaqium,
2232 3109 2531 3177 Scyllaceum
2566 3120 2612 3160 et

366 3179 655 3244 Scylletium,
678 3182 813 3229 Pint.
853 3220 915 3226 -
954 3176 1127 3227 dictum
1154 3184 1266 3237 tum,
1291 3177 1358 3226 A.
1381 3216 1443 3223 -.
1470 3173 1748 3236 Terinaeus,
1774 3179 1820 3225 d.
1864 3174 1917 3238 Τ
1911 3178 2123 3239 aerinas,
2142 3180 2208 3228 A.
2237 3180 2494 3240 Taerine8‚
2511 3182 2609 3229 R2.

377 3247 617 3306 Taennes,
641 3247 690 3295 R
710 3248 739 3293 ¹.
785 3243 1064 3305 Thermeus,
1089 3258 1135 3291 6.
1171 3285 1233 3291 -
1267 3260 1534 3307 numquam,
1558 3244 1622 3293 R.
1650 3284 1712 3292 -
1746 3243 1880 3306 ΧΧ,
1905 3247 2048 3294 codd.
2071 3247 2282 3296 Barbari
2305 3256 2357 3297 et
2376 3249 2611 3297 Martian.

371 3319 426 3372 6,
464 3317 576 3361 649.
624 3309 757 3372 XL,
792 3305 945 3359 Αθσ
971 3308 1143 3371 (codd.
1180 3312 1392 3361 Salmas.
1427 3325 1592 3359 exerc.
1627 3326 1676 3374 p.
1716 3316 1793 3362 58.
1827 3312 1876 3361 b.
1910 3314 1975 3363 D.
2010 3322 2061 3362 et
2095 3314 2255 3364 Solin.
2291 3321 2348 3376 2,
2383 3312 2457 3377 3.)
2502 3312 2608 3375 XI,

369 3380 536 3432 RTd.
581 3378 700 3438 LX,
724 3378 910 3428 Dicuil.
935 3377 977 3426 1.
1002 3384 1052 3436 3,
1081 3383 1124 3425 1.
1167 3418 1228 3425 -
1266 3377 1482 3438 adicere,
1506 3377 1573 3426 A.

436 3448 465 3510 ξ
491 3452 569 3495 96.
615 3444 855 3504 Carcine-9,
879 3445 929 3493 R
946 3437 1101 3492 OTd.
1146 3444 1399 3508 Carqims,
1424 3445 1493 3494 A.
1534 3441 1788 3507 Carcinus,
1813 3460 1861 3495 6.
1913 3442 2168 3509 Carcinite,
2193 3449 2338 3498 codd.
2362 3449 2517 3498 Voss.
2547 3451 2612 3498 ad

371 3514 495 3564 Mel.
519 3515 589 3563 Π.
616 3520 663 3574 4,
689 3518 734 3562 8.
776 3507 1024 3571 Caecinae,
1049 3512 1113 3560 K.
1154 3508 1409 3570 Caecinos,
1431 3513 1639 3561 Barbar.
1657 3509 1714 3573 β.
1744 3556 1804 3562 -
1838 3512 2069 3576 Rotalus,
2093 3527 2141 3563 6.
2168 3556 2230 3564 .-
2262 3514 2470 3575 Arocas,
2495 3517 2608 3565 Rd.

366 3579 579 3647 Aroyas,
604 3581 669 3629 A.
723 3578 935 3638 Arocha,
959 3573 1059 3641 βγ.
1099 3618 1160 3626 -.
1214 3577 1468 3643 Tarqines,
1495 3581 1541 3628 d.
1596 3578 1848 3644 staffines,
1873 3582 1984 3632 AR
2000 3585 2034 3630 ².
2090 3580 2380 3646 ssasyines,
2405 3584 2455 3632 R
2475 3585 2507 3631 ¹.
2547 3623 2609 3631 .-

372 3646 617 3710 Clibanus,
642 3648 809 3697 RAd.
859 3642 1120 3710 Glybanus,
1145 3647 1207 3696 Τ.
1251 3644 1514 3706 Amanus,
1537 3642 1593 3708 β.
1633 3688 1696 3696 .-
1733 3665 1837 3710 ora,
1863 3650 1927 3697 A.
1969 3690 2031 3697 -.
2067 3649 2327 3711 Homerus,
2354 3650 2535 3714 Odyss.
2565 3653 2610 3710 7,

369 3723 483 3765 244.
525 3723 602 3776 12,
629 3721 744 3765 448.
770 3755 833 3762 .-.
868 3713 1003 3763 Tiris
1025 3711 1330 3776 Eranussae,
1349 3715 1458 3764 ΒΑ
1470 3716 1516 3762 d.
1563 3714 1923 3778 Tiriteranusa,
1949 3730 1995 3764 6.
2022 3725 2121 3767 tres
2145 3716 2460 3778 Sirenussae,
2482 3718 2609 3767 Bar-

367 3785 473 3834 bar.
512 3823 575 3832 -.
613 3780 820 3842 Maelis,
845 3795 891 3829 6.
932 3821 992 3828 .-
1024 3779 1201 3845 prodit,
1225 3782 1288 3830 R.

436 3849 466 3909 ἓ
492 3853 572 3901 97.
608 3847 908 3908 LXXXV,
931 3849 1166 3899 Martian.
1193 3854 1239 3909 6,
1267 3853 1379 3898 650.
1419 3888 1482 3896 -
1527 3846 1681 3910 (jotro,
1706 3864 1752 3899 6.
1774 3891 1836 3899 .-
1862 3850 2114 3901 Neaethus
2137 3860 2181 3900 et
2209 3847 2427 3912 Gracina,
2451 3853 2516 3901 K.
2545 3891 2608 3900 .-

377 3915 565 3978 narii,
586 3917 720 3967 Pint.
841 3915 904 3976 ri,
935 3916 1004 3965 A.
1059 3915 1235 3977 Tauri,
1268 3909 1535 3966 ROSTd.
1582 3914 1830 3979 Thur-ium,
1860 3915 1918 3981 β.
1966 3960 2028 3968 -
2083 3917 2303 3979 Crathin,
2328 3920 2532 3969 Barbar.
2559 3922 2608 3968 d.

372 3980 571 4045 Gratim,
594 3984 720 4033 ΒΑ.
821 3983 969 4043 ratin,
1006 3984 1107 4032 T6.
1153 3982 1385 4043 Arathia,
1408 3979 1464 4045 β.
1504 4025 1566 4032 ...
1614 3981 1857 4049 Sybarim,
1882 3987 2090 4037 RAdo.
2149 3986 2378 4051 Sybarin,
2402 3982 2504 4050 βγ.
2544 4026 2606 4035 -.

369 4045 532 4110 Sirim,
567 4051 734 4101 RAd.
771 4046 924 4110 Sirin,
957 4047 1059 4114 βγ.
1087 4091 1149 4099 -
1186 4049 1385 4112 Acirin,
1408 4052 1615 4101 Barbar.
1652 4051 1859 4117 Aqirim,
1883 4054 2040 4103 R2A.
2077 4052 2258 4114 Acrim,
2281 4053 2415 4106 R¹d.
2440 4052 2609 4113 Acria,

372 4108 471 4163 86.
507 4115 710 4176 Adarin,
734 4118 800 4167 K.
839 4156 901 4165 ..-
937 4115 1207 4179 Heraclea,
1234 4121 1280 4167 d.
1321 4158 1383 4166 ...
1418 4116 1775 4181 Acalandrum,
1799 4121 1898 4170 vid.
1924 4120 2087 4171 Strab.
2114 4127 2159 4171 6.
2183 4137 2234 4184 p.
2262 4127 2375 4171 280.
2423 4117 2608 4169 Talan-

370 4180 526 4243 dnm,
547 4183 615 4232 A.
660 4181 971 4245 Talandrum,
995 4184 1056 4233 Τ.
1102 4183 1447 4244 nazaram-um,
1472 4179 1734 4235 RoKdo.
1764 4227 1824 4235 ...
1866 4179 2166 4250 Casu'eneum,
2190 4189 2355 4238 ATd.
2397 4185 2607 4238 Casuen-

370 4248 497 4310 dum,
520 4249 584 4299 R.
622 4245 950 4308 Momentum,
974 4245 1030 4311 β.
1054 4291 1113 4299 -
1154 4269 1258 4314 quo,
1281 4251 1348 4300 A.
1387 4267 1506 4313 qua,
1529 4252 1691 4304 RTd.
