2961 4861
408 348 573 387 xxlv
1311 344 1691 388 PRAEFATIO.

408 498 843 574 interpolatum.
897 497 1075 557 Hunc
1116 498 1412 574 excipiunt
1459 497 1795 557 &wilielmus
1831 498 2107 557 Budaeus
2148 506 2207 556 et
2231 499 2451 558 Beatus
2491 499 2660 559 Rhe-

410 627 616 678 nanuS,
657 623 909 681 quorum
943 607 1043 664 ille
1071 607 1134 665 in
1160 606 1311 665 libro
1340 625 1450 665 suo
1479 607 1553 666 de
1581 625 1711 665 asse
1738 606 2000 665 Venetiis
2032 601 2218 666 1522.
2250 607 2407 666 edito
2433 608 2665 667 multos

407 715 587 775 Plinii
614 718 773 776 locos
802 734 912 792 ope
943 715 1204 774 codicum
1233 716 1585 774 emendavit.
1630 715 1865 774 Horum
1892 734 2079 774 unum
2109 716 2662 789 „vetustissimum”

410 845 583 903 saepe
611 828 814 885 laudat
848 834 1192 901 praeterque
1230 843 1365 882 eum
1407 825 1527 882 duo
1555 824 1779 882 codices
1811 817 1901 904 (p.
1932 820 2077 884 371.
2110 826 2205 885 ed.
2233 825 2665 903 Reichenberg.

408 935 576 1012 LiPS.
619 931 866 1010 1692.);
916 934 1178 1008 loquitur
1219 934 1396 991 etiam
1434 935 1508 991 de
1549 933 1845 992 nonnullis
1888 952 1949 1010 p.
1989 929 2137 993 350.
2177 941 2238 991 et
2275 936 2349 993 de
2390 936 2671 994 omnibus

414 1045 582 1103 libris
632 1061 774 1101 mss.
827 1061 888 1119 p.
931 1037 1100 1114 338„
1153 1061 1299 1118 quos
1349 1061 1485 1102 eum
1533 1041 1776 1101 Parisiis
1824 1043 2148 1119 inspexisse
2196 1051 2288 1102 est
2334 1045 2668 1119 probabile.
2787 1046 2800 1051 ’

412 1151 621 1226 Longe
660 1152 884 1212 maiora
922 1153 997 1210 de
1039 1152 1236 1211 Plinio
1274 1153 1484 1210 merita
1525 1161 1665 1210 sunt
1690 1151 1864 1210 Beati
1899 1151 2199 1225 Rhenani,
2239 1152 2463 1233 egregii
2495 1153 2675 1212 illius

413 1262 563 1320 inter
591 1259 923 1320 Germanos
954 1262 1174 1321 saeculi
1199 1261 1380 1321 XVI.
1412 1260 1718 1337 philologi,
1760 1262 1862 1335 qui
1898 1262 1988 1319 uti
2005 1261 2215 1335 ,multis
2245 1261 2377 1320 aliis
2406 1262 2674 1336 scripto-

414 1372 581 1430 ribus
619 1369 850 1429 Lat-inis
887 1371 969 1429 ita
1012 1371 1206 1429 Plinio
1245 1389 1479 1446 quoque
1520 1371 1892 1430 utilissimam
1930 1372 2179 1430 navavit
2218 1389 2477 1447 operam,
2519 1371 2672 1429 dum

415 1481 477 1539 in
504 1480 702 1538 libello
741 1480 1025 1556 peculiari
1061 1498 1215 1538 anno
1248 1474 1433 1540 1526.
1464 1481 1643 1551 edit0,
1682 1480 1761 1538 ad
1798 1498 1971 1554 quem
2008 1498 2160 1538 anno
2194 1473 2381 1538 1531.
2420 1480 2674 1538 accessit

418 1590 666 1666 epistola
704 1590 966 1648 eiusdem
1002 1589 1080 1646 ad
1115 1588 1619 1648 Pirckhaimerum
1630 1630 1653 1660 ,
1699 1607 1817 1648 non
1861 1589 2055 1648 solum
2105 1588 2450 1648 coniecturis
2492 1588 2675 1663 inge-

418 1700 600 1758 niosis
629 1700 848 1757 multos
868 1696 1046 1779 Plinii
1071 1699 1233 1757 locos
1261 1699 1613 1770 emendavit,
1644 1699 1752 1757 sed
1783 1698 1958 1756 etiam
1984 1699 2062 1757 ad
2090 1717 2227 1756 eum
2255 1697 2673 1772 castigandum

422 1808 615 1870 codice
651 1809 1030 1868 Murbacensi
1068 1814 1158 1866 est
1184 1826 1348 1882 usuS,
1394 1828 1471 1867 ex
1508 1826 1625 1882 quo
1667 1809 1872 1868 eodem
1912 1815 2119 1884 postea
2156 1805 2497 1878 Cornarius,
2538 1825 2681 1864 me-

421 1918 587 1978 dicus
637 1917 1023 1987 doctissimus,
1071 1917 1133 1974 in
1181 1918 1614 1976 commentariis
1662 1918 1739 1975 ad
1783 1915 2079 1976 Galenum
2127 1918 2201 1975 de
2251 1916 2681 1991 compositione

422 2027 875 2103 pharmacorum
907 2020 1070 2084 1537
1076 2067 1116 2096 .,
1146 2025 1223 2083 ad
1259 2026 1532 2085 Macrum
1558 2025 1867 2085 Floridum
1897 2021 2107 2097 1540„
2150 2025 2225 2083 ad
2262 2024 2675 2084 Dioseoridem

428 2131 613 2196 1557.
643 2153 926 2211 magnum
968 2153 1278 2193 numerum
1317 2136 1584 2194 locorum
1610 2135 2015 2194 Plinianorum
2042 2134 2358 2211 integritati
2402 2153 2543 2193 suae
2570 2153 2680 2192 re-

424 2246 632 2304 stituit.
679 2244 1016 2318 Utrumque
1058 2244 1254 2302 virum
1290 2245 1526 2304 doctum
1564 2246 1778 2304 eodem*
1808 2246 2004 2305 codice
2045 2262 2174 2305 esse
2201 2262 2378 2303 usum
2406 2252 2569 2320 patet
2594 2263 2680 2302 ex

422 2352 618 2415 verbis
657 2352 925 2414 Cornarii
961 2354 1038 2412 ad
1077 2352 1348 2412 Macrum
1384 2354 1430 2412 f.
1476 2351 1620 2414 112.
1663 2373 1743 2428 a.,
1791 2355 1886 2413 eui
1922 2355 1999 2413 ad
2024 2354 2285 2414 Paulum
2313 2354 2678 2429 Aeginetam

422 2464 569 2523 VH.
599 2485 660 2541 p.
693 2459 835 2524 798.
867 2464 1300 2528 vetustissimus
1337 2466 1521 2538 audit,
1562 2484 1696 2525 cum
1723 2466 2045 2524 Rhenanus
2086 2465 2147 2523 in
2175 2464 2420 2541 praefat.
2450 2465 2527 2523 ad
2553 2462 2680 2522 La-

427 2593 593 2635 scum
644 2593 780 2638 eum
828 2574 1173 2633 mendosum
1222 2574 1393 2633 dicat.
1430 2611 1435 2618 ·
1478 2574 1771 2648 Equidem
1821 2574 2167 2633 lectionibus
2225 2574 2347 2633 eius
2403 2581 2678 2633 accurate

423 2685 760 2761 ponderatis
801 2675 936 2744 eum
972 2684 1310 2743 melioribus
1350 2684 1519 2743 libris
1559 2683 1716 2743 tertii
1745 2684 1985 2756 ordinis,
2026 2684 2117 2742 uti
2144 2683 2456 2757 ToletanO,
2496 2682 2678 2742 Pari-

426 2794 602 2853 siensi
641 2794 702 2867 d,
744 2793 918 2854 facile
960 2793 1465 2868 aequiparaverim
1483 2836 1502 2866 ,
1554 2811 1704 2870 quos
1746 2812 1953 2853 rursus
1989 2793 2312 2853 Rhenanus
2362 2793 2677 2852 mendosos

427 2904 618 2962 dicere
662 2904 765 2962 vix
804 2883 1177 2975 dubitaverit,
1209 2920 1364 2974 eum,
1404 2902 1493 2960 uti
1521 2922 1702 2978 supra
1729 2904 2001 2975 vidimuS,
2046 2904 2122 2962 ab
2159 2904 2518 2980 integritate,
2556 2920 2677 2961 non

425 3013 555 3078 dieo
583 3012 766 3089 ipsius
796 3011 1073 3073 orationis
1094 3011 1402 3072 Plinianae
1430 3012 1528 3072 vel
1554 3012 1692 3071 libri
1719 3012 2190 3089 Bambergensis,
2223 3014 2329 3072 sed
2353 3014 2501 3072 adeo
2528 3012 2676 3087 opti-

426 3142 657 3184 morum
699 3124 1021 3184 secundum
1058 3124 1213 3182 hunc
1250 3122 1523 3182 'codicum
1571 3121 1871 3197 aliquanto
1912 3122 2148 3181 distent.
2203 3120 2297 3180 Eo
2339 3121 2528 3197 magis
2566 3122 2674 3180 do-

427 3235 667 3294 lendum
717 3233 874 3304 hunc
925 3232 1180 3292 codicem
1231 3250 1364 3291 cum
1415 3232 1624 3291 ceteris
1674 3230 2165 3292 Murbacensibus
2217 3224 2309 3311 (v.
2357 3230 2675 3290 Ruhnken.

427 3342 611 3418 praef.
658 3342 735 3402 ad
774 3341 993 3402 Vellei.
1037 3359 1096 3416 p.
1129 3336 1258 3415 ll.)
1301 3341 1426 3399 sine
1467 3339 1594 3402 ullo
1635 3358 1743 3400 suo
1782 3340 2026 3416 vestigio
2062 3341 2331 3417 periisse,
2373 3341 2491 3399 nisi
2526 3339 2676 3399 forte

429 3453 481 3509 si
518 3470 638 3508 non
672 3451 798 3526 ipse
841 3449 1045 3520 codeX,
1089 3456 1152 3512 at
1192 3457 1346 3507 certe
1385 3449 1651 3525 pleniora
1678 3451 1807 3511 eius
1835 3457 2113 3528 excerpta
2139 3457 2374 3511 exstant
2389 3450 2461 3510 in
2486 3423 2675 3527 porti-

430 3561 580 3619 torio
626 3556 1183 3629 Schlettstadtiensi,
1238 3557 1339 3618 ubi
1381 3563 1566 3624 totam
1604 3559 1872 3624 Rhenani
1911 3560 2323 3620 bibliothecam
2363 3560 2676 3621 etiamnum

430 3669 656 3731 servari
686 3668 867 3728 tradit
894 3664 1102 3725 Griine
1129 3666 1193 3726 in
1219 3665 1629 3730 Biedermanni
1669 3669 1886 3746 scripto
1913 3679 2213 3729 menstruo
2244 3664 2432 3730 1843.
2461 3669 2676 3738 mensis

431 3780 587 3839 Iunii
627 3798 688 3855 p.
728 3773 873 3839 546.
940 3775 1218 3838 Ceterum
1256 3775 1674 3855 Dalecampius
1718 3780 1962 3841 subinde
2013 3780 2377 3840 coniecturas
2413 3779 2677 3839 Rhenani

432 3889 656 3961 laudat,
696 3888 784 3946 uti
822 3889 898 3949 ad
925 3883 985 3948 4.
1018 3890 1048 3956 ἓ
1079 3881 1205 3960 96.,
1249 3905 1394 3962 quas
1423 3889 1695 3962 equidem
1735 3888 1795 3948 in
1823 3889 2093 3951 Rhenani
2133 3889 2359 3966 scriptis
2401 3889 2519 3950 illis
2563 3908 2678 3950 non

434 4000 648 4059 inveni.

522 4109 874 4168 Accedimus
918 4109 993 4170 ad
1022 4109 1454 4186 Siqismundum
1498 4108 1809 4184 Gelenium,
1856 4112 1955 4188 qui
1997 4130 2129 4171 eum
2169 4110 2493 4172 Hermolao
2535 4109 2676 4169 Bar·

442 4218 583 4277 baro
611 4218 989 4282 fundamenta
1017 4219 1279 4279 lectionis
1309 4220 1587 4296 vulgatae
1615 4232 1846 4300 praeter
1874 4230 2096 4282 ceteros
2123 4213 2325 4284 iecisse
2355 4220 2676 4286 censendus

636 4389 773 4472 *1¹
