<?xml version="1.0" encoding="UTF-8"?>
<!DOCTYPE html PUBLIC "-//W3C//DTD XHTML 1.0 Transitional//EN"
    "http://www.w3.org/TR/xhtml1/DTD/xhtml1-transitional.dtd">
<html xmlns="http://www.w3.org/1999/xhtml" xml:lang="en" lang="en">
 <head>
  <title>
</title>
<meta http-equiv="Content-Type" content="text/html;charset=utf-8" />
  <meta name='ocr-system' content='tesseract 3.04.00' />
  <meta name='ocr-capabilities' content='ocr_page ocr_carea ocr_par ocr_line ocrx_word'/>
</head>
<body>
  <div class='ocr_page' id='page_1' title='image "./cplinisecundina00sillgoog_0070.png"; bbox 0 0 2961 4861; ppageno 0'>
   <div class='ocr_carea' id='block_1_1' title="bbox 468 337 1792 381">
    <p class='ocr_par' dir='ltr' id='par_1_1' title="bbox 468 337 1792 381">
     <span class='ocr_line' id='line_1_1' title="bbox 468 337 1792 381; baseline -0.002 0"><span class='ocrx_word' id='word_1_1' title='bbox 468 337 642 381; x_wconf 70' lang='lat' dir='ltr'>:tvm</span> <span class='ocrx_word' id='word_1_2' title='bbox 1411 339 1792 381; x_wconf 73' lang='lat' dir='ltr'>PRAErArto.</span> 
     </span>
    </p>
   </div>
   <div class='ocr_carea' id='block_1_2' title="bbox 454 490 2728 4118">
    <p class='ocr_par' dir='ltr' id='par_1_2' title="bbox 459 490 2728 991">
     <span class='ocr_line' id='line_1_2' title="bbox 468 490 2726 566; baseline 0 -15"><span class='ocrx_word' id='word_1_3' title='bbox 468 494 669 551; x_wconf 88' lang='lat' dir='ltr'>codice</span> <span class='ocrx_word' id='word_1_4' title='bbox 705 491 1041 551; x_wconf 77' lang='lat' dir='ltr'>Monacenei</span> <span class='ocrx_word' id='word_1_5' title='bbox 1078 493 1152 551; x_wconf 88' lang='lat' dir='ltr'>P.</span> <span class='ocrx_word' id='word_1_6' title='bbox 1195 490 1505 550; x_wconf 81' lang='lat' dir='ltr'><strong>Interdum</strong></span> <span class='ocrx_word' id='word_1_7' title='bbox 1531 492 1594 549; x_wconf 91' lang='lat' dir='ltr'>in</span> <span class='ocrx_word' id='word_1_8' title='bbox 1621 491 1823 550; x_wconf 88' lang='lat' dir='ltr'>codice</span> <span class='ocrx_word' id='word_1_9' title='bbox 1848 490 1890 547; x_wconf 91' lang='lat' dir='ltr'>h</span> <span class='ocrx_word' id='word_1_10' title='bbox 1916 491 1994 548; x_wconf 85' lang='lat' dir='ltr'>ad</span> <span class='ocrx_word' id='word_1_11' title='bbox 2022 490 2347 566; x_wconf 74' lang='lat' dir='ltr'>marginem</span> <span class='ocrx_word' id='word_1_12' title='bbox 2374 492 2498 550; x_wconf 86' lang='lat' dir='ltr'>alia</span> <span class='ocrx_word' id='word_1_13' title='bbox 2523 492 2726 564; x_wconf 88' lang='lat' dir='ltr'>lectio,</span> 
     </span>
     <span class='ocr_line' id='line_1_3' title="bbox 465 600 2727 679; baseline -0 -18"><span class='ocrx_word' id='word_1_14' title='bbox 465 603 795 679; x_wconf 78' lang='lat' dir='ltr'>praemissa</span> <span class='ocrx_word' id='word_1_15' title='bbox 842 602 995 677; x_wconf 81' lang='lat' dir='ltr'>sigla</span> <span class='ocrx_word' id='word_1_16' title='bbox 1038 605 1142 673; x_wconf 81' lang='lat' dir='ltr'>aL,</span> <span class='ocrx_word' id='word_1_17' title='bbox 1191 601 1486 676; x_wconf 78' lang='lat' dir='ltr'>adscripta</span> <span class='ocrx_word' id='word_1_18' title='bbox 1518 600 1834 671; x_wconf 84' lang='lat' dir='ltr'>invenitur,</span> <span class='ocrx_word' id='word_1_19' title='bbox 1885 618 2064 674; x_wconf 84' lang='lat' dir='ltr'>quam</span> <span class='ocrx_word' id='word_1_20' title='bbox 2106 601 2432 674; x_wconf 77' lang='lat' dir='ltr'>significavi</span> <span class='ocrx_word' id='word_1_21' title='bbox 2469 619 2579 678; x_wconf 89' lang='lat' dir='ltr'>per</span> <span class='ocrx_word' id='word_1_22' title='bbox 2616 602 2658 659; x_wconf 91' lang='lat' dir='ltr'>h</span> <span class='ocrx_word' id='word_1_23' title='bbox 2671 603 2727 674; x_wconf 83' lang='lat'>2,</span> 
     </span>
     <span class='ocr_line' id='line_1_4' title="bbox 462 708 2728 786; baseline 0 -16"><span class='ocrx_word' id='word_1_24' title='bbox 462 712 770 770; x_wconf 83' lang='lat' dir='ltr'>lectionem</span> <span class='ocrx_word' id='word_1_25' title='bbox 807 711 999 786; x_wconf 80' lang='lat' dir='ltr'>ipsam</span> <span class='ocrx_word' id='word_1_26' title='bbox 1039 710 1100 768; x_wconf 89' lang='lat' dir='ltr'>in</span> <span class='ocrx_word' id='word_1_27' title='bbox 1135 711 1330 768; x_wconf 90' lang='lat' dir='ltr'>medio</span> <span class='ocrx_word' id='word_1_28' title='bbox 1367 727 1551 768; x_wconf 85' lang='lat' dir='ltr'>versu</span> <span class='ocrx_word' id='word_1_29' title='bbox 1590 729 1698 784; x_wconf 88' lang='lat' dir='ltr'>per</span> <span class='ocrx_word' id='word_1_30' title='bbox 1723 709 1764 765; x_wconf 91' lang='lat' dir='ltr'>h</span> <span class='ocrx_word' id='word_1_31' title='bbox 1782 710 1818 766; x_wconf 88' lang='lat'>¹.</span> <span class='ocrx_word' id='word_1_32' title='bbox 1859 708 1935 766; x_wconf 89' lang='lat' dir='ltr'>In</span> <span class='ocrx_word' id='word_1_33' title='bbox 1962 709 2116 768; x_wconf 88' lang='lat' dir='ltr'>libro</span> <span class='ocrx_word' id='word_1_34' title='bbox 2143 709 2484 770; x_wconf 82' lang='lat' dir='ltr'>XXXVII.</span> <span class='ocrx_word' id='word_1_35' title='bbox 2515 713 2728 772; x_wconf 82' lang='lat' dir='ltr'>multis</span> 
     </span>
     <span class='ocr_line' id='line_1_5' title="bbox 463 818 2728 896; baseline -0 -15"><span class='ocrx_word' id='word_1_36' title='bbox 463 824 624 881; x_wconf 83' lang='lat' dir='ltr'>vitiis</span> <span class='ocrx_word' id='word_1_37' title='bbox 664 829 756 879; x_wconf 80' lang='lat' dir='ltr'>eet</span> <span class='ocrx_word' id='word_1_38' title='bbox 791 821 1155 893; x_wconf 70' lang='lat' dir='ltr'><strong>inquinatae,</strong></span> <span class='ocrx_word' id='word_1_39' title='bbox 1196 838 1234 877; x_wconf 89' lang='lat' dir='ltr'>a</span> <span class='ocrx_word' id='word_1_40' title='bbox 1276 818 1473 877; x_wconf 86' lang='lat' dir='ltr'>codice</span> <span class='ocrx_word' id='word_1_41' title='bbox 1517 820 1557 876; x_wconf 93' lang='lat' dir='ltr'>d</span> <span class='ocrx_word' id='word_1_42' title='bbox 1594 837 1713 877; x_wconf 91' lang='lat' dir='ltr'>non</span> <span class='ocrx_word' id='word_1_43' title='bbox 1751 818 2006 877; x_wconf 87' lang='lat' dir='ltr'>multum</span> <span class='ocrx_word' id='word_1_44' title='bbox 2046 819 2308 888; x_wconf 83' lang='lat' dir='ltr'>dietane;</span> <span class='ocrx_word' id='word_1_45' title='bbox 2349 821 2478 896; x_wconf 77' lang='lat' dir='ltr'>ipse</span> <span class='ocrx_word' id='word_1_46' title='bbox 2502 838 2616 895; x_wconf 83' lang='lat' dir='ltr'>ego</span> <span class='ocrx_word' id='word_1_47' title='bbox 2644 840 2728 880; x_wconf 91' lang='lat' dir='ltr'>ex</span> 
     </span>
     <span class='ocr_line' id='line_1_6' title="bbox 459 926 2724 991; baseline -0.001 0"><span class='ocrx_word' id='word_1_48' title='bbox 459 935 573 991; x_wconf 89' lang='lat' dir='ltr'>hoc</span> <span class='ocrx_word' id='word_1_49' title='bbox 613 930 809 989; x_wconf 88' lang='lat' dir='ltr'>codice</span> <span class='ocrx_word' id='word_1_50' title='bbox 835 930 1015 987; x_wconf 74' lang='lat' dir='ltr'>libros</span> <span class='ocrx_word' id='word_1_51' title='bbox 1042 926 1730 987; x_wconf 76' lang='lat' dir='ltr'>XXXII-XXXVH.</span> <span class='ocrx_word' id='word_1_52' title='bbox 1760 946 1897 986; x_wconf 87' lang='lat' dir='ltr'>cum</span> <span class='ocrx_word' id='word_1_53' title='bbox 1925 928 2173 987; x_wconf 85' lang='lat' dir='ltr'>editione</span> <span class='ocrx_word' id='word_1_54' title='bbox 2197 928 2452 989; x_wconf 86' lang='lat' dir='ltr'>Broterii</span> <span class='ocrx_word' id='word_1_55' title='bbox 2478 930 2724 988; x_wconf 82' lang='lat' dir='ltr'>contuli.</span> 
     </span>
    </p>

    <p class='ocr_par' dir='ltr' id='par_1_3' title="bbox 459 1031 2725 1445">
     <span class='ocr_line' id='line_1_7' title="bbox 546 1031 2725 1116; baseline 0 -18"><span class='ocrx_word' id='word_1_56' title='bbox 546 1038 753 1099; x_wconf 80' lang='lat' dir='ltr'>Codex</span> <span class='ocrx_word' id='word_1_57' title='bbox 779 1040 1137 1099; x_wconf 69' lang='lat' dir='ltr'>Parieieneis</span> <span class='ocrx_word' id='word_1_58' title='bbox 1164 1039 1383 1114; x_wconf 63' lang='lat' dir='ltr'>Reqius</span> <span class='ocrx_word' id='word_1_59' title='bbox 1415 1033 1583 1096; x_wconf 80' lang='lat'>6802</span> <span class='ocrx_word' id='word_1_60' title='bbox 1613 1031 1695 1116; x_wconf 87' lang='lat' dir='ltr'>(i)</span> <span class='ocrx_word' id='word_1_61' title='bbox 1723 1039 2050 1095; x_wconf 79' lang='lat' dir='ltr'>membran.</span> <span class='ocrx_word' id='word_1_62' title='bbox 2080 1055 2233 1096; x_wconf 81' lang='lat' dir='ltr'>saec.</span> <span class='ocrx_word' id='word_1_63' title='bbox 2260 1038 2408 1097; x_wconf 90' lang='lat' dir='ltr'>XV.</span> <span class='ocrx_word' id='word_1_64' title='bbox 2439 1038 2591 1098; x_wconf 78' lang='lat' dir='ltr'>binis</span> <span class='ocrx_word' id='word_1_65' title='bbox 2621 1057 2725 1099; x_wconf 85' lang='lat' dir='ltr'>co-</span> 
     </span>
     <span class='ocr_line' id='line_1_8' title="bbox 459 1147 2720 1225; baseline -0.001 -17"><span class='ocrx_word' id='word_1_66' title='bbox 459 1150 679 1209; x_wconf 76' lang='lat' dir='ltr'>lumnis</span> <span class='ocrx_word' id='word_1_67' title='bbox 713 1150 970 1225; x_wconf 80' lang='lat' dir='ltr'>scriptus</span> <span class='ocrx_word' id='word_1_68' title='bbox 1009 1165 1212 1207; x_wconf 85' lang='lat' dir='ltr'>omnee</span> <span class='ocrx_word' id='word_1_69' title='bbox 1254 1148 1438 1207; x_wconf 83' lang='lat' dir='ltr'>libros</span> <span class='ocrx_word' id='word_1_70' title='bbox 1467 1147 1744 1217; x_wconf 80' lang='lat' dir='ltr'>continet,</span> <span class='ocrx_word' id='word_1_71' title='bbox 1772 1147 2100 1222; x_wconf 76' lang='lat' dir='ltr'>praemissa</span> <span class='ocrx_word' id='word_1_72' title='bbox 2127 1155 2197 1205; x_wconf 84' lang='lat' dir='ltr'>ut</span> <span class='ocrx_word' id='word_1_73' title='bbox 2220 1147 2283 1205; x_wconf 90' lang='lat' dir='ltr'>in</span> <span class='ocrx_word' id='word_1_74' title='bbox 2311 1147 2512 1205; x_wconf 89' lang='lat' dir='ltr'>codice</span> <span class='ocrx_word' id='word_1_75' title='bbox 2542 1157 2720 1207; x_wconf 88' lang='lat' dir='ltr'>ante-</span> 
     </span>
     <span class='ocr_line' id='line_1_9' title="bbox 462 1255 2724 1337; baseline -0 -20"><span class='ocrx_word' id='word_1_76' title='bbox 462 1261 692 1317; x_wconf 85' lang='lat' dir='ltr'>cedenti</span> <span class='ocrx_word' id='word_1_77' title='bbox 730 1259 903 1337; x_wconf 84' lang='lat' dir='ltr'>„vita</span> <span class='ocrx_word' id='word_1_78' title='bbox 938 1258 1118 1316; x_wconf 86' lang='lat' dir='ltr'>Plinii</span> <span class='ocrx_word' id='word_1_79' title='bbox 1154 1277 1234 1315; x_wconf 87' lang='lat' dir='ltr'>ex</span> <span class='ocrx_word' id='word_1_80' title='bbox 1276 1257 1587 1332; x_wconf 83' lang='lat' dir='ltr'>cathalogo</span> <span class='ocrx_word' id='word_1_81' title='bbox 1626 1255 2018 1329; x_wconf 57' lang='lat' dir='ltr'>Tranquilli?</span> <span class='ocrx_word' id='word_1_82' title='bbox 2068 1256 2162 1312; x_wconf 90' lang='lat' dir='ltr'>De</span> <span class='ocrx_word' id='word_1_83' title='bbox 2198 1257 2329 1314; x_wconf 89' lang='lat' dir='ltr'>eius</span> <span class='ocrx_word' id='word_1_84' title='bbox 2369 1257 2724 1316; x_wconf 80' lang='lat' dir='ltr'>auctoritate</span> 
     </span>
     <span class='ocr_line' id='line_1_10' title="bbox 460 1369 1449 1445; baseline -0.002 -19"><span class='ocrx_word' id='word_1_85' title='bbox 460 1371 538 1426; x_wconf 80' lang='lat' dir='ltr'>ad</span> <span class='ocrx_word' id='word_1_86' title='bbox 563 1370 905 1445; x_wconf 89' lang='lat' dir='ltr'>proximum</span> <span class='ocrx_word' id='word_1_87' title='bbox 933 1369 1190 1426; x_wconf 84' lang='lat' dir='ltr'>codicem</span> <span class='ocrx_word' id='word_1_88' title='bbox 1217 1375 1449 1441; x_wconf 79' lang='lat' dir='ltr'>agetur.</span> 
     </span>
    </p>

    <p class='ocr_par' dir='ltr' id='par_1_4' title="bbox 454 1468 2725 3190">
     <span class='ocr_line' id='line_1_11' title="bbox 546 1468 2722 1553; baseline -0.001 -16"><span class='ocrx_word' id='word_1_89' title='bbox 546 1476 753 1537; x_wconf 90' lang='lat' dir='ltr'>Codex</span> <span class='ocrx_word' id='word_1_90' title='bbox 792 1479 1149 1537; x_wconf 64' lang='lat' dir='ltr'>Pariaiensis</span> <span class='ocrx_word' id='word_1_91' title='bbox 1199 1478 1418 1552; x_wconf 73' lang='lat' dir='ltr'>Beqius</span> <span class='ocrx_word' id='word_1_92' title='bbox 1473 1470 1642 1535; x_wconf 85' lang='grc'>6803</span> <span class='ocrx_word' id='word_1_93' title='bbox 1685 1468 1772 1553; x_wconf 89' lang='grc'>(1)</span> <span class='ocrx_word' id='word_1_94' title='bbox 1817 1472 2192 1535; x_wconf 74' lang='lat' dir='ltr'>colbertinus</span> <span class='ocrx_word' id='word_1_95' title='bbox 2233 1476 2722 1534; x_wconf 77' lang='lat' dir='ltr'>membranaceus</span> 
     </span>
     <span class='ocr_line' id='line_1_12' title="bbox 462 1581 2723 1663; baseline -0.002 -16"><span class='ocrx_word' id='word_1_96' title='bbox 462 1606 617 1647; x_wconf 79' lang='lat' dir='ltr'>saec.</span> <span class='ocrx_word' id='word_1_97' title='bbox 639 1586 806 1659; x_wconf 86' lang='lat' dir='ltr'>XV.‚</span> <span class='ocrx_word' id='word_1_98' title='bbox 836 1586 1020 1663; x_wconf 87' lang='lat' dir='ltr'>priori</span> <span class='ocrx_word' id='word_1_99' title='bbox 1048 1585 1236 1644; x_wconf 87' lang='lat' dir='ltr'>codici</span> <span class='ocrx_word' id='word_1_100' title='bbox 1262 1584 1615 1643; x_wconf 77' lang='lat' dir='ltr'>simillimus·</span> <span class='ocrx_word' id='word_1_101' title='bbox 1660 1582 1927 1657; x_wconf 78' lang='lat' dir='ltr'>Uterque</span> <span class='ocrx_word' id='word_1_102' title='bbox 1954 1584 2145 1643; x_wconf 87' lang='lat' dir='ltr'>codex</span> <span class='ocrx_word' id='word_1_103' title='bbox 2171 1581 2384 1658; x_wconf 87' lang='lat' dir='ltr'>plenus</span> <span class='ocrx_word' id='word_1_104' title='bbox 2412 1592 2506 1643; x_wconf 80' lang='lat' dir='ltr'>eet</span> <span class='ocrx_word' id='word_1_105' title='bbox 2529 1585 2723 1643; x_wconf 88' lang='lat' dir='ltr'>inter·</span> 
     </span>
     <span class='ocr_line' id='line_1_13' title="bbox 459 1687 2725 1775; baseline -0.002 -18"><span class='ocrx_word' id='word_1_106' title='bbox 459 1698 877 1775; x_wconf 75' lang='lat' dir='ltr'>palationibus,</span> <span class='ocrx_word' id='word_1_107' title='bbox 921 1714 1173 1771; x_wconf 81' lang='lat' dir='ltr'>quarum</span> <span class='ocrx_word' id='word_1_108' title='bbox 1200 1695 1540 1770; x_wconf 82' lang='lat' dir='ltr'>exemplum</span> <span class='ocrx_word' id='word_1_109' title='bbox 1569 1694 1648 1751; x_wconf 82' lang='lat' dir='ltr'>eit</span> <span class='ocrx_word' id='word_1_110' title='bbox 1674 1687 1779 1764; x_wconf 85' lang='lat'>35,</span> <span class='ocrx_word' id='word_1_111' title='bbox 1812 1688 1937 1764; x_wconf 64' lang='lat'>94„</span> <span class='ocrx_word' id='word_1_112' title='bbox 1968 1692 2071 1751; x_wconf 89' lang='lat' dir='ltr'>ubi</span> <span class='ocrx_word' id='word_1_113' title='bbox 2095 1711 2207 1767; x_wconf 88' lang='lat' dir='ltr'>pro</span> <span class='ocrx_word' id='word_1_114' title='bbox 2236 1693 2481 1768; x_wconf 85' lang='lat' dir='ltr'>vulgato</span> <span class='ocrx_word' id='word_1_115' title='bbox 2506 1695 2725 1754; x_wconf 57' lang='lat' dir='ltr'>Pinxit</span> 
     </span>
     <span class='ocr_line' id='line_1_14' title="bbox 459 1802 2720 1881; baseline -0.002 -15"><span class='ocrx_word' id='word_1_116' title='bbox 459 1819 515 1868; x_wconf 78' lang='lat' dir='ltr'>et</span> <span class='ocrx_word' id='word_1_117' title='bbox 541 1811 715 1866; x_wconf 79' lang='lat' dir='ltr'>heroa</span> <span class='ocrx_word' id='word_1_118' title='bbox 742 1809 959 1865; x_wconf 82' lang='lat' dir='ltr'>nudum</span> <span class='ocrx_word' id='word_1_119' title='bbox 986 1822 1162 1881; x_wconf 74' lang='lat' dir='ltr'>eaque</span> <span class='ocrx_word' id='word_1_120' title='bbox 1182 1808 1423 1881; x_wconf 75' lang='lat' dir='ltr'><strong><em>pictura</em></strong></span> <span class='ocrx_word' id='word_1_121' title='bbox 1450 1813 1719 1861; x_wconf 77' lang='lat' dir='ltr'>naturam</span> <span class='ocrx_word' id='word_1_122' title='bbox 1748 1805 1934 1878; x_wconf 72' lang='lat' dir='ltr'>ipsam</span> <span class='ocrx_word' id='word_1_123' title='bbox 1953 1805 2287 1877; x_wconf 68' lang='lat' dir='ltr'>provocavit</span> <span class='ocrx_word' id='word_1_124' title='bbox 2312 1802 2373 1861; x_wconf 90' lang='lat' dir='ltr'>in</span> <span class='ocrx_word' id='word_1_125' title='bbox 2399 1802 2520 1861; x_wconf 82' lang='lat' dir='ltr'>illie</span> <span class='ocrx_word' id='word_1_126' title='bbox 2542 1804 2720 1863; x_wconf 84' lang='lat' dir='ltr'><strong>codd.</strong></span> 
     </span>
     <span class='ocr_line' id='line_1_15' title="bbox 460 1913 2722 1986; baseline -0 -13"><span class='ocrx_word' id='word_1_127' title='bbox 460 1922 657 1974; x_wconf 74' lang='lat' dir='ltr'>exstat</span> <span class='ocrx_word' id='word_1_128' title='bbox 696 1916 906 1972; x_wconf 63' lang='lat' dir='ltr'>Pinxit</span> <span class='ocrx_word' id='word_1_129' title='bbox 940 1924 993 1971; x_wconf 85' lang='lat' dir='ltr'>et</span> <span class='ocrx_word' id='word_1_130' title='bbox 1032 1915 1191 1970; x_wconf 79' lang='lat' dir='ltr'>Hero</span> <span class='ocrx_word' id='word_1_131' title='bbox 1226 1932 1297 1971; x_wconf 84' lang='lat' dir='ltr'>ac</span> <span class='ocrx_word' id='word_1_132' title='bbox 1338 1914 1676 1971; x_wconf 81' lang='lat' dir='ltr'>Lea&#39;ndrum</span> <span class='ocrx_word' id='word_1_133' title='bbox 1711 1913 1794 1968; x_wconf 83' lang='lat' dir='ltr'>ad</span> <span class='ocrx_word' id='word_1_134' title='bbox 1833 1930 2004 1986; x_wconf 80' lang='lat' dir='ltr'>quam</span> <span class='ocrx_word' id='word_1_135' title='bbox 2032 1914 2324 1986; x_wconf 76' lang='lat' dir='ltr'><strong><em>picturam</em></strong></span> <span class='ocrx_word' id='word_1_136' title='bbox 2353 1922 2562 1970; x_wconf 80' lang='lat' dir='ltr'>natura</span> <span class='ocrx_word' id='word_1_137' title='bbox 2590 1931 2722 1972; x_wconf 76' lang='lat' dir='ltr'>eum</span> 
     </span>
     <span class='ocr_line' id='line_1_16' title="bbox 454 2019 2722 2101; baseline -0 -18"><span class='ocrx_word' id='word_1_138' title='bbox 454 2025 786 2101; x_wconf 79' lang='lat' dir='ltr'>provocavit</span> <span class='ocrx_word' id='word_1_139' title='bbox 796 2045 819 2089; x_wconf 87' lang='lat'>,-</span> <span class='ocrx_word' id='word_1_140' title='bbox 840 2028 901 2078; x_wconf 86' lang='lat' dir='ltr'>et</span> <span class='ocrx_word' id='word_1_141' title='bbox 925 2021 996 2080; x_wconf 83' lang='lat' dir='ltr'>iis</span> <span class='ocrx_word' id='word_1_142' title='bbox 1025 2029 1182 2079; x_wconf 89' lang='lat' dir='ltr'>certe</span> <span class='ocrx_word' id='word_1_143' title='bbox 1210 2022 1373 2093; x_wconf 80' lang='lat' dir='ltr'>loeie,</span> <span class='ocrx_word' id='word_1_144' title='bbox 1398 2039 1550 2094; x_wconf 83' lang='lat' dir='ltr'>quos</span> <span class='ocrx_word' id='word_1_145' title='bbox 1571 2039 1683 2096; x_wconf 86' lang='lat' dir='ltr'>ego</span> <span class='ocrx_word' id='word_1_146' title='bbox 1704 2019 1946 2091; x_wconf 88' lang='lat' dir='ltr'>contuli,</span> <span class='ocrx_word' id='word_1_147' title='bbox 1968 2038 2271 2094; x_wconf 85' lang='lat' dir='ltr'>nunquam</span> <span class='ocrx_word' id='word_1_148' title='bbox 2293 2022 2406 2079; x_wconf 85' lang='lat' dir='ltr'>soli</span> <span class='ocrx_word' id='word_1_149' title='bbox 2433 2023 2588 2081; x_wconf 90' lang='lat' dir='ltr'>bona</span> <span class='ocrx_word' id='word_1_150' title='bbox 2607 2023 2722 2083; x_wconf 78' lang='lat' dir='ltr'>ali-</span> 
     </span>
     <span class='ocr_line' id='line_1_17' title="bbox 461 2128 2718 2207; baseline -0 -17"><span class='ocrx_word' id='word_1_151' title='bbox 461 2151 583 2207; x_wconf 89' lang='lat' dir='ltr'>qua</span> <span class='ocrx_word' id='word_1_152' title='bbox 608 2131 853 2190; x_wconf 83' lang='lat' dir='ltr'>lectione</span> <span class='ocrx_word' id='word_1_153' title='bbox 882 2136 1024 2189; x_wconf 81' lang='lat' dir='ltr'>eunt</span> <span class='ocrx_word' id='word_1_154' title='bbox 1049 2130 1367 2205; x_wconf 75' lang='lat' dir='ltr'><strong>conspicui.</strong></span> <span class='ocrx_word' id='word_1_155' title='bbox 1425 2128 1645 2188; x_wconf 83' lang='lat' dir='ltr'>Paucis</span> <span class='ocrx_word' id='word_1_156' title='bbox 1674 2138 1872 2188; x_wconf 84' lang='lat' dir='ltr'>tamen</span> <span class='ocrx_word' id='word_1_157' title='bbox 1898 2128 2047 2188; x_wconf 78' lang='lat' dir='ltr'>loeis</span> <span class='ocrx_word' id='word_1_158' title='bbox 2076 2147 2213 2187; x_wconf 86' lang='lat' dir='ltr'>cum</span> <span class='ocrx_word' id='word_1_159' title='bbox 2233 2131 2579 2191; x_wconf 82' lang='lat' dir='ltr'>melioribus</span> <span class='ocrx_word' id='word_1_160' title='bbox 2608 2150 2718 2189; x_wconf 87' lang='lat' dir='ltr'>co-</span> 
     </span>
     <span class='ocr_line' id='line_1_18' title="bbox 463 2238 2718 2310; baseline 0 -11"><span class='ocrx_word' id='word_1_161' title='bbox 463 2241 684 2299; x_wconf 82' lang='lat' dir='ltr'>dieibus</span> <span class='ocrx_word' id='word_1_162' title='bbox 724 2241 1170 2310; x_wconf 80' lang='lat' dir='ltr'>consentientes,</span> <span class='ocrx_word' id='word_1_163' title='bbox 1214 2239 1318 2296; x_wconf 91' lang='lat' dir='ltr'>ubi</span> <span class='ocrx_word' id='word_1_164' title='bbox 1345 2239 1572 2297; x_wconf 87' lang='lat' dir='ltr'>codices</span> <span class='ocrx_word' id='word_1_165' title='bbox 1600 2239 1739 2296; x_wconf 92' lang='lat' dir='ltr'>boni</span> <span class='ocrx_word' id='word_1_166' title='bbox 1764 2238 2007 2297; x_wconf 84' lang='lat' dir='ltr'>secundi</span> <span class='ocrx_word' id='word_1_167' title='bbox 2035 2239 2259 2298; x_wconf 82' lang='lat' dir='ltr'>ordinis</span> <span class='ocrx_word' id='word_1_168' title='bbox 2285 2240 2475 2298; x_wconf 80' lang='lat' dir='ltr'>malae</span> <span class='ocrx_word' id='word_1_169' title='bbox 2501 2239 2718 2299; x_wconf 84' lang='lat' dir='ltr'>lectio-</span> 
     </span>
     <span class='ocr_line' id='line_1_19' title="bbox 463 2349 2718 2424; baseline 0 -16"><span class='ocrx_word' id='word_1_170' title='bbox 463 2370 569 2408; x_wconf 83' lang='lat' dir='ltr'>nes</span> <span class='ocrx_word' id='word_1_171' title='bbox 604 2350 903 2420; x_wconf 83' lang='lat' dir='ltr'>exhibent,</span> <span class='ocrx_word' id='word_1_172' title='bbox 943 2349 1057 2424; x_wconf 83' lang='lat' dir='ltr'>ipsi</span> <span class='ocrx_word' id='word_1_173' title='bbox 1094 2366 1292 2407; x_wconf 83' lang='lat' dir='ltr'>veram</span> <span class='ocrx_word' id='word_1_174' title='bbox 1336 2349 1689 2423; x_wconf 81' lang='lat' dir='ltr'>scripturam</span> <span class='ocrx_word' id='word_1_175' title='bbox 1726 2353 2061 2417; x_wconf 81' lang='lat' dir='ltr'>servarunt,</span> <span class='ocrx_word' id='word_1_176' title='bbox 2098 2349 2258 2420; x_wconf 91' lang='lat' dir='ltr'>quod</span> <span class='ocrx_word' id='word_1_177' title='bbox 2297 2350 2375 2407; x_wconf 86' lang='lat' dir='ltr'>ob</span> <span class='ocrx_word' id='word_1_178' title='bbox 2415 2367 2516 2407; x_wconf 80' lang='lat' dir='ltr'>eos</span> <span class='ocrx_word' id='word_1_179' title='bbox 2552 2350 2718 2408; x_wconf 74' lang='lat' dir='ltr'>viros</span> 
     </span>
     <span class='ocr_line' id='line_1_20' title="bbox 462 2457 2718 2532; baseline -0.001 -13"><span class='ocrx_word' id='word_1_180' title='bbox 462 2463 668 2519; x_wconf 80' lang='lat' dir='ltr'>doctos</span> <span class='ocrx_word' id='word_1_181' title='bbox 695 2478 926 2529; x_wconf 83' lang='lat' dir='ltr'>monce,</span> <span class='ocrx_word' id='word_1_182' title='bbox 972 2460 1075 2532; x_wconf 88' lang='lat' dir='ltr'>qui</span> <span class='ocrx_word' id='word_1_183' title='bbox 1116 2459 1301 2516; x_wconf 81' lang='lat' dir='ltr'>bonos</span> <span class='ocrx_word' id='word_1_184' title='bbox 1345 2459 1573 2515; x_wconf 83' lang='lat' dir='ltr'>codices</span> <span class='ocrx_word' id='word_1_185' title='bbox 1610 2458 1830 2531; x_wconf 90' lang='lat' dir='ltr'>ubique</span> <span class='ocrx_word' id='word_1_186' title='bbox 1870 2457 2197 2529; x_wconf 77' lang='lat' dir='ltr'>sequendos</span> <span class='ocrx_word' id='word_1_187' title='bbox 2203 2499 2221 2527; x_wconf 92' lang='lat'><strong><em>,</em></strong></span> <span class='ocrx_word' id='word_1_188' title='bbox 2264 2458 2453 2516; x_wconf 79' lang='lat' dir='ltr'>malos</span> <span class='ocrx_word' id='word_1_189' title='bbox 2494 2460 2718 2532; x_wconf 88' lang='lat' dir='ltr'>ubique</span> 
     </span>
     <span class='ocr_line' id='line_1_21' title="bbox 462 2561 2717 2647; baseline 0 -20"><span class='ocrx_word' id='word_1_190' title='bbox 462 2570 821 2646; x_wconf 81' lang='lat' dir='ltr'>spernendos</span> <span class='ocrx_word' id='word_1_191' title='bbox 859 2574 1117 2625; x_wconf 86' lang='lat' dir='ltr'>censent.</span> <span class='ocrx_word' id='word_1_192' title='bbox 1159 2567 1257 2625; x_wconf 90' lang='lat' dir='ltr'>Ita</span> <span class='ocrx_word' id='word_1_193' title='bbox 1292 2567 1464 2626; x_wconf 88' lang='lat' dir='ltr'>codd.</span> <span class='ocrx_word' id='word_1_194' title='bbox 1493 2566 1545 2624; x_wconf 90' lang='lat' dir='ltr'>il</span> <span class='ocrx_word' id='word_1_195' title='bbox 1584 2562 1688 2638; x_wconf 84' lang='lat'>33,</span> <span class='ocrx_word' id='word_1_196' title='bbox 1729 2561 1835 2625; x_wconf 85' lang='lat'>45.</span> <span class='ocrx_word' id='word_1_197' title='bbox 1877 2583 2012 2623; x_wconf 89' lang='lat' dir='ltr'>cum</span> <span class='ocrx_word' id='word_1_198' title='bbox 2050 2565 2297 2640; x_wconf 84' lang='lat' dir='ltr'>vulgata</span> <span class='ocrx_word' id='word_1_199' title='bbox 2337 2562 2371 2647; x_wconf 84' lang='grc' dir='ltr'><strong>β</strong></span> <span class='ocrx_word' id='word_1_200' title='bbox 2403 2568 2516 2626; x_wconf 82' lang='lat' dir='ltr'>soli</span> <span class='ocrx_word' id='word_1_201' title='bbox 2539 2569 2717 2627; x_wconf 78' lang='lat' dir='ltr'>exhi-</span> 
     </span>
     <span class='ocr_line' id='line_1_22' title="bbox 463 2669 2713 2753; baseline 0 -17"><span class='ocrx_word' id='word_1_202' title='bbox 463 2680 604 2736; x_wconf 91' lang='lat' dir='ltr'>bent</span> <span class='ocrx_word' id='word_1_203' title='bbox 638 2677 732 2747; x_wconf 66' lang='lat' dir='ltr'>Q„</span> <span class='ocrx_word' id='word_1_204' title='bbox 761 2677 865 2735; x_wconf 91' lang='lat' dir='ltr'>ubi</span> <span class='ocrx_word' id='word_1_205' title='bbox 891 2676 1067 2733; x_wconf 78' lang='lat' dir='ltr'>ceteri</span> <span class='ocrx_word' id='word_1_206' title='bbox 1097 2676 1265 2733; x_wconf 87' lang='lat' dir='ltr'>codd.</span> <span class='ocrx_word' id='word_1_207' title='bbox 1298 2677 1443 2734; x_wconf 82' lang='lat' dir='ltr'>dant</span> <span class='ocrx_word' id='word_1_208' title='bbox 1469 2696 1615 2751; x_wconf 68' lang='lat' dir='ltr'>qm,-</span> <span class='ocrx_word' id='word_1_209' title='bbox 1643 2676 1729 2733; x_wconf 83' lang='lat' dir='ltr'>ita</span> <span class='ocrx_word' id='word_1_210' title='bbox 1755 2669 1861 2746; x_wconf 83' lang='lat'>33,</span> <span class='ocrx_word' id='word_1_211' title='bbox 1891 2670 1996 2732; x_wconf 88' lang='lat'>40.</span> <span class='ocrx_word' id='word_1_212' title='bbox 2031 2674 2142 2733; x_wconf 80' lang='lat' dir='ltr'>soli</span> <span class='ocrx_word' id='word_1_213' title='bbox 2170 2692 2305 2733; x_wconf 87' lang='lat' dir='ltr'>cum</span> <span class='ocrx_word' id='word_1_214' title='bbox 2332 2676 2385 2733; x_wconf 93' lang='lat' dir='ltr'>B</span> <span class='ocrx_word' id='word_1_215' title='bbox 2411 2678 2713 2753; x_wconf 80' lang='lat' dir='ltr'>praeposi-</span> 
     </span>
     <span class='ocr_line' id='line_1_23' title="bbox 462 2779 2712 2858; baseline -0 -13"><span class='ocrx_word' id='word_1_216' title='bbox 462 2788 679 2846; x_wconf 83' lang='lat' dir='ltr'>tionem</span> <span class='ocrx_word' id='word_1_217' title='bbox 720 2805 749 2843; x_wconf 78' lang='lat' dir='ltr'>e</span> <span class='ocrx_word' id='word_1_218' title='bbox 788 2792 927 2842; x_wconf 81' lang='lat' dir='ltr'>ante</span> <span class='ocrx_word' id='word_1_219' title='bbox 956 2787 1096 2843; x_wconf 81' lang='lat' dir='ltr'>collo</span> <span class='ocrx_word' id='word_1_220' title='bbox 1123 2785 1429 2854; x_wconf 81' lang='lat' dir='ltr'>omittunt3</span> <span class='ocrx_word' id='word_1_221' title='bbox 1468 2786 1554 2842; x_wconf 83' lang='lat' dir='ltr'>ita</span> <span class='ocrx_word' id='word_1_222' title='bbox 1580 2779 1687 2855; x_wconf 85' lang='lat'>33,</span> <span class='ocrx_word' id='word_1_223' title='bbox 1717 2779 1822 2843; x_wconf 89' lang='grc'>38.</span> <span class='ocrx_word' id='word_1_224' title='bbox 1852 2784 1964 2841; x_wconf 84' lang='lat' dir='ltr'>soli</span> <span class='ocrx_word' id='word_1_225' title='bbox 1990 2802 2125 2842; x_wconf 90' lang='lat' dir='ltr'>cum</span> <span class='ocrx_word' id='word_1_226' title='bbox 2150 2782 2262 2841; x_wconf 90' lang='lat' dir='ltr'>Bh</span> <span class='ocrx_word' id='word_1_227' title='bbox 2289 2784 2509 2842; x_wconf 86' lang='lat' dir='ltr'>habent</span> <span class='ocrx_word' id='word_1_228' title='bbox 2533 2788 2712 2858; x_wconf 78' lang='lat' dir='ltr'>dedit,</span> 
     </span>
     <span class='ocr_line' id='line_1_24' title="bbox 464 2892 2714 2969; baseline -0 -15"><span class='ocrx_word' id='word_1_229' title='bbox 464 2896 566 2954; x_wconf 90' lang='lat' dir='ltr'>ubi</span> <span class='ocrx_word' id='word_1_230' title='bbox 594 2896 765 2954; x_wconf 88' lang='lat' dir='ltr'>codd.</span> <span class='ocrx_word' id='word_1_231' title='bbox 796 2895 976 2953; x_wconf 79' lang='lat' dir='ltr'>ceteri</span> <span class='ocrx_word' id='word_1_232' title='bbox 1002 2911 1207 2954; x_wconf 75' lang='lat' dir='ltr'>omnes</span> <span class='ocrx_word' id='word_1_233' title='bbox 1232 2899 1297 2951; x_wconf 88' lang='lat' dir='ltr'>et</span> <span class='ocrx_word' id='word_1_234' title='bbox 1322 2894 1454 2952; x_wconf 92' lang='lat' dir='ltr'>edd.</span> <span class='ocrx_word' id='word_1_235' title='bbox 1487 2893 1765 2967; x_wconf 76' lang='lat' dir='ltr'>vulgatae</span> <span class='ocrx_word' id='word_1_236' title='bbox 1794 2896 1846 2952; x_wconf 72' lang='lat'>2¹3</span> <span class='ocrx_word' id='word_1_237' title='bbox 1875 2892 1972 2951; x_wconf 84' lang='lat' dir='ltr'>vel</span> <span class='ocrx_word' id='word_1_238' title='bbox 2000 2895 2091 2952; x_wconf 76' lang='grc' dir='ltr'>Ιιίε</span> <span class='ocrx_word' id='word_1_239' title='bbox 2110 2894 2355 2952; x_wconf 86' lang='lat' dir='ltr'>addunt.</span> <span class='ocrx_word' id='word_1_240' title='bbox 2385 2894 2714 2969; x_wconf 75' lang='lat' dir='ltr'>Utriusque</span> 
     </span>
     <span class='ocr_line' id='line_1_25' title="bbox 463 2997 2711 3082; baseline -0.002 -17"><span class='ocrx_word' id='word_1_241' title='bbox 463 2997 682 3065; x_wconf 80' lang='lat' dir='ltr'>codicis</span> <span class='ocrx_word' id='word_1_242' title='bbox 710 3013 770 3064; x_wconf 87' lang='lat' dir='ltr'>et</span> <span class='ocrx_word' id='word_1_243' title='bbox 794 3002 1019 3063; x_wconf 84' lang='lat' dir='ltr'>Ianus</span> <span class='ocrx_word' id='word_1_244' title='bbox 1047 3011 1109 3061; x_wconf 87' lang='lat' dir='ltr'>et</span> <span class='ocrx_word' id='word_1_245' title='bbox 1132 3020 1246 3079; x_wconf 88' lang='lat' dir='ltr'>ego</span> <span class='ocrx_word' id='word_1_246' title='bbox 1273 3003 1503 3078; x_wconf 82' lang='lat' dir='ltr'>aliquas</span> <span class='ocrx_word' id='word_1_247' title='bbox 1528 3008 1727 3077; x_wconf 83' lang='lat' dir='ltr'>partes</span> <span class='ocrx_word' id='word_1_248' title='bbox 1755 3002 2181 3082; x_wconf 63' lang='lat' dir='ltr'>excerpeimus3</span> <span class='ocrx_word' id='word_1_249' title='bbox 2212 3020 2333 3060; x_wconf 91' lang='lat' dir='ltr'>uno</span> <span class='ocrx_word' id='word_1_250' title='bbox 2359 3002 2420 3059; x_wconf 91' lang='lat' dir='ltr'>in</span> <span class='ocrx_word' id='word_1_251' title='bbox 2448 3003 2581 3063; x_wconf 91' lang='lat' dir='ltr'>loco</span> <span class='ocrx_word' id='word_1_252' title='bbox 2605 2999 2711 3064; x_wconf 83' lang='lat'>33.</span> 
     </span>
     <span class='ocr_line' id='line_1_26' title="bbox 464 3101 2288 3190; baseline -0.005 -15"><span class='ocrx_word' id='word_1_253' title='bbox 464 3120 497 3185; x_wconf 69' lang='grc' dir='ltr'><strong>ξ</strong></span> <span class='ocrx_word' id='word_1_254' title='bbox 526 3110 759 3175; x_wconf 85' lang='grc'>8....57.</span> <span class='ocrx_word' id='word_1_255' title='bbox 786 3114 882 3173; x_wconf 81' lang='lat' dir='ltr'>hie</span> <span class='ocrx_word' id='word_1_256' title='bbox 910 3114 1203 3190; x_wconf 82' lang='lat' dir='ltr'>excerptis</span> <span class='ocrx_word' id='word_1_257' title='bbox 1231 3130 1362 3171; x_wconf 83' lang='lat' dir='ltr'>sum</span> <span class='ocrx_word' id='word_1_258' title='bbox 1390 3130 1555 3169; x_wconf 79' lang='lat' dir='ltr'>usus·</span> <span class='ocrx_word' id='word_1_259' title='bbox 2283 3101 2288 3104; x_wconf 54' lang='lat'><em>⁷</em></span> 
     </span>
    </p>

    <p class='ocr_par' dir='ltr' id='par_1_5' title="bbox 464 3214 2709 3958">
     <span class='ocr_line' id='line_1_27' title="bbox 549 3214 2707 3301; baseline -0.001 -17"><span class='ocrx_word' id='word_1_260' title='bbox 549 3222 798 3284; x_wconf 81' lang='lat' dir='ltr'>Codices</span> <span class='ocrx_word' id='word_1_261' title='bbox 836 3224 1199 3284; x_wconf 71' lang='lat' dir='ltr'>Parisieneee</span> <span class='ocrx_word' id='word_1_262' title='bbox 1236 3224 1408 3298; x_wconf 74' lang='lat' dir='ltr'>Reqii</span> <span class='ocrx_word' id='word_1_263' title='bbox 1436 3215 1604 3280; x_wconf 87' lang='lat'>6804</span> <span class='ocrx_word' id='word_1_264' title='bbox 1633 3214 1759 3301; x_wconf 87' lang='lat' dir='ltr'>(m)</span> <span class='ocrx_word' id='word_1_265' title='bbox 1789 3223 2126 3279; x_wconf 77' lang='lat' dir='ltr'>chartaceus</span> <span class='ocrx_word' id='word_1_266' title='bbox 2156 3239 2310 3280; x_wconf 86' lang='lat' dir='ltr'>saec.</span> <span class='ocrx_word' id='word_1_267' title='bbox 2338 3220 2508 3293; x_wconf 93' lang='lat' dir='ltr'>XV.,</span> <span class='ocrx_word' id='word_1_268' title='bbox 2541 3216 2707 3281; x_wconf 85' lang='lat'>6805</span> 
     </span>
     <span class='ocr_line' id='line_1_28' title="bbox 465 3315 2709 3412; baseline -0.001 -21"><span class='ocrx_word' id='word_1_269' title='bbox 465 3329 570 3412; x_wconf 90' lang='lat' dir='ltr'>(n)</span> <span class='ocrx_word' id='word_1_270' title='bbox 609 3332 951 3391; x_wconf 71' lang='lat' dir='ltr'>chartaceus</span> <span class='ocrx_word' id='word_1_271' title='bbox 982 3349 1148 3401; x_wconf 59' lang='lat' dir='ltr'>paee.</span> <span class='ocrx_word' id='word_1_272' title='bbox 1189 3331 1357 3402; x_wconf 70' lang='lat' dir='ltr'>XV„</span> <span class='ocrx_word' id='word_1_273' title='bbox 1406 3325 1573 3390; x_wconf 88' lang='grc'>6806</span> <span class='ocrx_word' id='word_1_274' title='bbox 1615 3324 1715 3410; x_wconf 87' lang='lat' dir='ltr'>(o)</span> <span class='ocrx_word' id='word_1_275' title='bbox 1752 3331 2074 3389; x_wconf 88' lang='lat' dir='ltr'>membran.</span> <span class='ocrx_word' id='word_1_276' title='bbox 2114 3348 2265 3390; x_wconf 82' lang='lat' dir='ltr'>saec.</span> <span class='ocrx_word' id='word_1_277' title='bbox 2308 3331 2454 3389; x_wconf 89' lang='lat' dir='ltr'>XV.</span> <span class='ocrx_word' id='word_1_278' title='bbox 2485 3349 2620 3389; x_wconf 91' lang='lat' dir='ltr'>cum</span> <span class='ocrx_word' id='word_1_279' title='bbox 2645 3315 2709 3389; x_wconf 81' lang='lat' dir='ltr'>in</span> 
     </span>
     <span class='ocr_line' id='line_1_29' title="bbox 465 3439 2708 3516; baseline 0 -17"><span class='ocrx_word' id='word_1_280' title='bbox 465 3442 613 3500; x_wconf 81' lang='lat' dir='ltr'>locis</span> <span class='ocrx_word' id='word_1_281' title='bbox 657 3440 952 3515; x_wconf 81' lang='lat' dir='ltr'>excerptis</span> <span class='ocrx_word' id='word_1_282' title='bbox 991 3458 1238 3515; x_wconf 77' lang='lat' dir='ltr'>prorsus</span> <span class='ocrx_word' id='word_1_283' title='bbox 1265 3440 1410 3497; x_wconf 86' lang='lat' dir='ltr'>nihil</span> <span class='ocrx_word' id='word_1_284' title='bbox 1437 3439 1664 3510; x_wconf 83' lang='lat' dir='ltr'>darent,</span> <span class='ocrx_word' id='word_1_285' title='bbox 1695 3441 1854 3514; x_wconf 90' lang='lat' dir='ltr'>quod</span> <span class='ocrx_word' id='word_1_286' title='bbox 1881 3448 1950 3498; x_wconf 87' lang='lat' dir='ltr'>ut</span> <span class='ocrx_word' id='word_1_287' title='bbox 1972 3440 2077 3497; x_wconf 86' lang='lat' dir='ltr'>illa</span> <span class='ocrx_word' id='word_1_288' title='bbox 2104 3449 2508 3516; x_wconf 86' lang='lat' dir='ltr'>repeterentur</span> <span class='ocrx_word' id='word_1_289' title='bbox 2534 3439 2708 3514; x_wconf 78' lang='lat' dir='ltr'>flagi-</span> 
     </span>
     <span class='ocr_line' id='line_1_30' title="bbox 465 3547 2704 3623; baseline -0 -14"><span class='ocrx_word' id='word_1_290' title='bbox 465 3552 646 3620; x_wconf 78' lang='lat' dir='ltr'>tavit,</span> <span class='ocrx_word' id='word_1_291' title='bbox 687 3566 787 3608; x_wconf 77' lang='lat' dir='ltr'>eos</span> <span class='ocrx_word' id='word_1_292' title='bbox 828 3566 963 3606; x_wconf 90' lang='lat' dir='ltr'>cum</span> <span class='ocrx_word' id='word_1_293' title='bbox 1005 3547 1170 3623; x_wconf 76' lang='lat' dir='ltr'>siglis</span> <span class='ocrx_word' id='word_1_294' title='bbox 1209 3549 1333 3606; x_wconf 79' lang='lat' dir='ltr'>suis</span> <span class='ocrx_word' id='word_1_295' title='bbox 1370 3553 1599 3605; x_wconf 83' lang='lat' dir='ltr'>tantum</span> <span class='ocrx_word' id='word_1_296' title='bbox 1643 3566 1714 3606; x_wconf 83' lang='lat' dir='ltr'>ea</span> <span class='ocrx_word' id='word_1_297' title='bbox 1740 3550 1812 3606; x_wconf 93' lang='lat' dir='ltr'>de</span> <span class='ocrx_word' id='word_1_298' title='bbox 1841 3567 2023 3609; x_wconf 79' lang='lat' dir='ltr'>cauea</span> <span class='ocrx_word' id='word_1_299' title='bbox 2047 3552 2160 3609; x_wconf 88' lang='lat' dir='ltr'>hoc</span> <span class='ocrx_word' id='word_1_300' title='bbox 2188 3549 2321 3608; x_wconf 90' lang='lat' dir='ltr'>loco</span> <span class='ocrx_word' id='word_1_301' title='bbox 2349 3567 2704 3609; x_wconf 89' lang='lat' dir='ltr'>commemo-</span> 
     </span>
     <span class='ocr_line' id='line_1_31' title="bbox 464 3655 2706 3734; baseline -0.001 -15"><span class='ocrx_word' id='word_1_302' title='bbox 464 3662 614 3731; x_wconf 82' lang='lat' dir='ltr'>ravi,</span> <span class='ocrx_word' id='word_1_303' title='bbox 655 3669 722 3718; x_wconf 90' lang='lat' dir='ltr'>ut</span> <span class='ocrx_word' id='word_1_304' title='bbox 764 3675 912 3732; x_wconf 80' lang='lat' dir='ltr'>quae</span> <span class='ocrx_word' id='word_1_305' title='bbox 941 3675 1147 3716; x_wconf 90' lang='lat' dir='ltr'>eorum</span> <span class='ocrx_word' id='word_1_306' title='bbox 1175 3656 1449 3715; x_wconf 74' lang='lat' dir='ltr'>lectiones</span> <span class='ocrx_word' id='word_1_307' title='bbox 1476 3658 1594 3715; x_wconf 85' lang='lat' dir='ltr'>iam</span> <span class='ocrx_word' id='word_1_308' title='bbox 1620 3655 1930 3717; x_wconf 84' lang='lat' dir='ltr'>Broterius</span> <span class='ocrx_word' id='word_1_309' title='bbox 1957 3660 2019 3716; x_wconf 90' lang='lat' dir='ltr'>in</span> <span class='ocrx_word' id='word_1_310' title='bbox 2049 3660 2303 3720; x_wconf 79' lang='lat' dir='ltr'>editione</span> <span class='ocrx_word' id='word_1_311' title='bbox 2332 3679 2440 3719; x_wconf 83' lang='lat' dir='ltr'>sua</span> <span class='ocrx_word' id='word_1_312' title='bbox 2469 3658 2565 3718; x_wconf 86' lang='lat' dir='ltr'>vel</span> <span class='ocrx_word' id='word_1_313' title='bbox 2595 3676 2706 3734; x_wconf 91' lang='lat' dir='ltr'>ego</span> 
     </span>
     <span class='ocr_line' id='line_1_32' title="bbox 464 3767 2707 3844; baseline -0 -17"><span class='ocrx_word' id='word_1_314' title='bbox 464 3771 528 3827; x_wconf 88' lang='lat' dir='ltr'>in</span> <span class='ocrx_word' id='word_1_315' title='bbox 565 3771 832 3844; x_wconf 83' lang='lat' dir='ltr'>catalogo</span> <span class='ocrx_word' id='word_1_316' title='bbox 868 3768 1162 3827; x_wconf 84' lang='lat' dir='ltr'>artificum</span> <span class='ocrx_word' id='word_1_317' title='bbox 1199 3767 1528 3839; x_wconf 72' lang='lat' dir='ltr'>attulimuS,</span> <span class='ocrx_word' id='word_1_318' title='bbox 1570 3778 1835 3844; x_wconf 82' lang='lat' dir='ltr'>repetere</span> <span class='ocrx_word' id='word_1_319' title='bbox 1872 3779 1933 3828; x_wconf 91' lang='lat' dir='ltr'>et</span> <span class='ocrx_word' id='word_1_320' title='bbox 1961 3769 2175 3843; x_wconf 83' lang='lat' dir='ltr'>quibus</span> <span class='ocrx_word' id='word_1_321' title='bbox 2201 3769 2264 3826; x_wconf 90' lang='lat' dir='ltr'>in</span> <span class='ocrx_word' id='word_1_322' title='bbox 2290 3769 2456 3828; x_wconf 84' lang='lat' dir='ltr'>libris</span> <span class='ocrx_word' id='word_1_323' title='bbox 2487 3788 2590 3828; x_wconf 88' lang='lat' dir='ltr'>eae</span> <span class='ocrx_word' id='word_1_324' title='bbox 2616 3769 2707 3827; x_wconf 89' lang='lat' dir='ltr'>le-</span> 
     </span>
     <span class='ocr_line' id='line_1_33' title="bbox 464 3875 1952 3958; baseline 0.001 -22"><span class='ocrx_word' id='word_1_325' title='bbox 464 3887 741 3954; x_wconf 83' lang='lat' dir='ltr'>gerentur</span> <span class='ocrx_word' id='word_1_326' title='bbox 768 3896 945 3951; x_wconf 90' lang='lat' dir='ltr'>quam</span> <span class='ocrx_word' id='word_1_327' title='bbox 974 3876 1318 3937; x_wconf 80' lang='lat' dir='ltr'>brevissime</span> <span class='ocrx_word' id='word_1_328' title='bbox 1337 3877 1590 3937; x_wconf 84' lang='lat' dir='ltr'>indicare</span> <span class='ocrx_word' id='word_1_329' title='bbox 1615 3895 1850 3952; x_wconf 83' lang='lat' dir='ltr'>possem</span> <span class='ocrx_word' id='word_1_330' title='bbox 1863 3875 1952 3958; x_wconf 74' lang='lat'>*).</span> 
     </span>
    </p>

    <p class='ocr_par' dir='ltr' id='par_1_6' title="bbox 541 4051 2705 4118">
     <span class='ocr_line' id='line_1_34' title="bbox 541 4051 2705 4118; baseline -0 -15"><span class='ocrx_word' id='word_1_331' title='bbox 541 4051 594 4115; x_wconf 71' lang='lat'>¹⁶¹)</span> <span class='ocrx_word' id='word_1_332' title='bbox 639 4052 776 4113; x_wconf 84' lang='lat' dir='ltr'>Quia</span> <span class='ocrx_word' id='word_1_333' title='bbox 817 4053 874 4102; x_wconf 88' lang='lat' dir='ltr'>hi</span> <span class='ocrx_word' id='word_1_334' title='bbox 911 4055 1056 4105; x_wconf 87' lang='lat' dir='ltr'>codd.</span> <span class='ocrx_word' id='word_1_335' title='bbox 1090 4054 1405 4106; x_wconf 77' lang='lat' dir='ltr'>Parisienses</span> <span class='ocrx_word' id='word_1_336' title='bbox 1449 4053 1690 4118; x_wconf 85' lang='lat' dir='ltr'>deinceps</span> <span class='ocrx_word' id='word_1_337' title='bbox 1733 4052 1799 4101; x_wconf 79' lang='lat' dir='ltr'>ab</span> <span class='ocrx_word' id='word_1_338' title='bbox 1835 4053 2126 4117; x_wconf 82' lang='lat' dir='ltr'>Harduino,</span> <span class='ocrx_word' id='word_1_339' title='bbox 2174 4069 2206 4103; x_wconf 82' lang='lat' dir='ltr'>a</span> <span class='ocrx_word' id='word_1_340' title='bbox 2241 4053 2502 4116; x_wconf 88' lang='lat' dir='ltr'>Broterio,</span> <span class='ocrx_word' id='word_1_341' title='bbox 2547 4070 2580 4103; x_wconf 88' lang='lat' dir='ltr'>a</span> <span class='ocrx_word' id='word_1_342' title='bbox 2622 4068 2705 4102; x_wconf 88' lang='lat' dir='ltr'>me</span> 
     </span>
    </p>
   </div>
   <div class='ocr_carea' id='block_1_3' title="bbox 465 4138 2704 4291">
    <p class='ocr_par' dir='ltr' id='par_1_7' title="bbox 465 4138 2704 4291">
     <span class='ocr_line' id='line_1_35' title="bbox 466 4138 2704 4203; baseline -0 -17"><span class='ocrx_word' id='word_1_343' title='bbox 466 4139 575 4203; x_wconf 87' lang='lat' dir='ltr'>ipso</span> <span class='ocrx_word' id='word_1_344' title='bbox 621 4138 831 4188; x_wconf 75' lang='lat' dir='ltr'>diversis</span> <span class='ocrx_word' id='word_1_345' title='bbox 873 4140 1161 4190; x_wconf 83' lang='lat' dir='ltr'>nominibus</span> <span class='ocrx_word' id='word_1_346' title='bbox 1207 4148 1259 4189; x_wconf 90' lang='lat' dir='ltr'>et</span> <span class='ocrx_word' id='word_1_347' title='bbox 1301 4140 1435 4189; x_wconf 81' lang='lat' dir='ltr'>notis</span> <span class='ocrx_word' id='word_1_348' title='bbox 1480 4144 1601 4187; x_wconf 84' lang='lat' dir='ltr'>sunt</span> <span class='ocrx_word' id='word_1_349' title='bbox 1633 4138 1845 4198; x_wconf 83' lang='lat' dir='ltr'>laudati,</span> <span class='ocrx_word' id='word_1_350' title='bbox 1879 4138 2226 4187; x_wconf 79' lang='lat' dir='ltr'>necessarium</span> <span class='ocrx_word' id='word_1_351' title='bbox 2261 4151 2370 4188; x_wconf 80' lang='lat' dir='ltr'>esse</span> <span class='ocrx_word' id='word_1_352' title='bbox 2404 4145 2547 4203; x_wconf 85' lang='lat' dir='ltr'>pute,</span> <span class='ocrx_word' id='word_1_353' title='bbox 2583 4151 2704 4186; x_wconf 87' lang='lat' dir='ltr'>con-</span> 
     </span>
     <span class='ocr_line' id='line_1_36' title="bbox 465 4217 2704 4291; baseline -0 -18"><span class='ocrx_word' id='word_1_354' title='bbox 465 4229 697 4288; x_wconf 80' lang='lat' dir='ltr'>spectum</span> <span class='ocrx_word' id='word_1_355' title='bbox 732 4237 909 4276; x_wconf 84' lang='lat' dir='ltr'>eorum</span> <span class='ocrx_word' id='word_1_356' title='bbox 942 4217 1227 4277; x_wconf 69' lang='lat' dir='ltr'>secundani</span> <span class='ocrx_word' id='word_1_357' title='bbox 1258 4225 1461 4276; x_wconf 76' lang='lat' dir='ltr'>diversa</span> <span class='ocrx_word' id='word_1_358' title='bbox 1496 4232 1729 4291; x_wconf 85' lang='lat' dir='ltr'>tempora</span> <span class='ocrx_word' id='word_1_359' title='bbox 1763 4225 1901 4285; x_wconf 77' lang='lat' dir='ltr'>dare,</span> <span class='ocrx_word' id='word_1_360' title='bbox 1948 4238 2013 4274; x_wconf 88' lang='lat' dir='ltr'>ue</span> <span class='ocrx_word' id='word_1_361' title='bbox 2047 4224 2135 4287; x_wconf 85' lang='lat' dir='ltr'>qui</span> <span class='ocrx_word' id='word_1_362' title='bbox 2167 4223 2424 4274; x_wconf 81' lang='lat' dir='ltr'>Harduini</span> <span class='ocrx_word' id='word_1_363' title='bbox 2456 4222 2540 4271; x_wconf 81' lang='lat' dir='ltr'>vel</span> <span class='ocrx_word' id='word_1_364' title='bbox 2571 4223 2704 4272; x_wconf 82' lang='lat' dir='ltr'>Bro-</span> 
     </span>
    </p>
   </div>
   <div class='ocr_carea' id='block_1_4' title="bbox 868 4465 933 4496">
    <p class='ocr_par' dir='ltr' id='par_1_8' title="bbox 868 4465 933 4496">
     <span class='ocr_line' id='line_1_37' title="bbox 868 4465 933 4496; baseline 0 0"><span class='ocrx_word' id='word_1_365' title='bbox 868 4465 933 4496; x_wconf 61' lang='grc' dir='ltr'><strong>Ἃ</strong></span> 
     </span>
    </p>
   </div>
  </div>
 </body>
</html>
