2961 4861
404 340 476 398 ⁸2
1128 348 1539 396 NATURALIS
1584 348 1973 396 ms'romAE

437 503 562 566 scis
609 512 673 565 et
716 501 836 565 hoc
882 512 1205 565 castrense
1236 499 1571 584 verbumz)
1615 501 1719 565 ille
1764 501 1953 578 enim,
2000 509 2073 564 ut
2103 500 2249 577 scis,
2294 503 2675 587 permutatis

434 612 753 697 prioribus
801 608 1093 675 Saetabis
1149 610 1588 673 duriusculum
1644 633 1713 674 se
1769 610 1924 674 fecit
1978 631 2170 693 quam
2222 609 2480 674 volebat
2531 611 2672 675 exi-
2754 602 2765 611 ⁴

437 722 699 786 stumari
744 745 783 784 a
824 719 1227 784 Veranniolis
1274 718 1404 781 suis
1450 729 1516 782 et
1543 704 1863 783 Fabullis:
1897 773 1981 783 .-
2021 719 2210 807 simul
2252 729 2326 813 ut
2365 719 2487 785 hae
2527 741 2675 806 mea
2702 741 2738 783 2

434 830 785 916 petulantia
834 827 967 916 fiat,
1025 827 1197 912 quod
1250 848 1564 911 proxume
1617 849 1745 890 non
1795 826 1936 890 fieri
1991 810 2262 911 questus
2309 838 2378 892 'es
2431 829 2499 892 in
2549 828 2676 895 alia

435 939 690 1026 procaci
736 938 1009 1023 epistula
1050 946 1289 1013 nostra,
1335 944 1407 998 ut
1449 936 1516 998 in
1562 935 1875 1019 quaedam
1904 945 2049 1001 aeta
2077 947 2310 1002 exeant
2338 937 2674 1021 sciantque

504 1086 764 1128 castrense
790 1076 991 1125 verbum
1003 1093 1022 1135 ,·
1055 1077 1239 1125 mirum
1263 1083 1351 1136 est,
1386 1082 1632 1137 quantum
1665 1075 1717 1122 in
1741 1075 1839 1123 hac
1861 1089 1988 1123 voce
2009 1075 2382 1138 interpretanda
2402 1079 2676 1129 erraverint

436 1147 529 1195 viri
553 1146 705 1194 docti.
741 1145 813 1195 Ut
836 1145 970 1193 enim
992 1144 1311 1193 Harduinum
1336 1144 1586 1201 omittam,
1624 1142 1710 1203 qui
1734 1142 1785 1189 in
1807 1156 1934 1190 voce
1958 1149 2320 1191 conterraneus
2344 1145 2474 1192 nihil
2500 1147 2674 1195 castris

437 1213 627 1277 proprii
661 1227 713 1260 se
744 1212 1024 1273 intelligere
1056 1225 1206 1274 posse
1251 1211 1386 1270 dicit,
1421 1209 1688 1259 Turnebus
1721 1210 1823 1257 iam
1855 1224 2007 1271 supra
2039 1217 2289 1260 castrense
2321 1212 2532 1274 aliquod
2561 1228 2672 1262 ver-

438 1283 559 1330 bum
579 1297 610 1328 a
625 1280 795 1329 Plinio
818 1286 1117 1341 usurpatum
1140 1291 1248 1326 esse
1272 1278 1357 1337 ait,
1383 1277 1575 1326 scilicet
1599 1274 1939 1338 imperatoris,
1967 1277 2085 1337 quia
2103 1277 2278 1326 Titum
2302 1279 2388 1326 alii
2405 1287 2495 1328 aut
2512 1280 2672 1330 civem

440 1356 529 1397 aut
561 1348 870 1410 municipem
903 1354 992 1395 aut
1024 1346 1323 1408 popularem
1358 1345 1540 1394 dicturi
1561 1350 1742 1403 essent,
1768 1344 1874 1405 ipse
1898 1357 2015 1391 eum
2040 1346 2367 1406 cognominet
2398 1347 2673 1410 imperato-

438 1432 572 1477 rem,
604 1417 877 1465 Durandus
912 1421 1081 1462 autem
1115 1414 1366 1461 castrense
1399 1412 1528 1460 illud
1561 1411 1615 1458 in
1646 1410 1810 1459 verbis
1835 1410 2053 1459 obiicere
2077 1408 2263 1460 moliar
2295 1414 2545 1464 detexisse
2577 1416 2672 1464 sibi

438 1484 648 1532 videtur.
696 1482 798 1530 Sed
832 1488 1194 1528 conterraneus
1228 1479 1448 1541 primum
1480 1484 1557 1527 est
1580 1484 1631 1526 et
1652 1477 1860 1526 unicum
1881 1479 2090 1527 verbum
2124 1486 2389 1541 castrense,
2423 1496 2528 1544 quo
2549 1497 2674 1532 usus

439 1558 515 1598 est
547 1550 762 1609 Plinius,
795 1562 959 1609 neque
992 1547 1156 1595 ullum
1190 1547 1452 1608 hucusque
1486 1545 1674 1609 posuit,
1710 1546 1847 1607 quod
1882 1545 2055 1595 castris
2088 1548 2350 1609 proprium
2381 1549 2481 1597 dici
2511 1551 2675 1612 possit

441 1614 586 1678 (coll.
614 1616 746 1666 Gell.
777 1618 854 1675 17,
883 1611 972 1675 1.),
998 1621 1048 1663 et
1082 1615 1167 1663 hic
1190 1614 1297 1677 ipse
1321 1615 1382 1662 de
1406 1626 1510 1674 quo
1535 1613 1702 1674 agitur
1722 1613 1867 1661 locus
1899 1614 2047 1661 docet
2071 1614 2281 1676 aliquod
2304 1615 2443 1665 aliud
2465 1618 2674 1667 verbum

440 1690 691 1733 castrense
723 1686 953 1732 nondum
986 1698 1018 1730 a
1049 1682 1219 1731 Plinio
1254 1681 1478 1745 positum
1511 1679 1681 1730 fuisse.
1729 1679 1926 1740 Quodsi
1950 1681 2080 1728 enim
2106 1689 2469 1731 conterraneus
2493 1699 2669 1733 secun-

440 1754 561 1801 dum
596 1759 726 1800 esset
757 1752 966 1800 verbum
1000 1758 1265 1809 castrense,
1301 1764 1403 1810 quo
1437 1763 1560 1797 usus
1594 1755 1726 1797 esset
1757 1747 1980 1807 Plinius,
2017 1754 2125 1795 tum
2160 1737 2438 1811 scripsisset
2472 1752 2675 1799 verbum

441 1827 717 1879 castrense,
741 1833 848 1867 non
866 1824 1127 1865 castrense
1146 1816 1347 1863 verbum
1359 1833 1378 1874 ,·
1396 1816 1517 1877 quia
1537 1829 1657 1863 vero
1682 1816 1785 1863 hoc
1809 1815 2021 1876 scripsit,
2039 1816 2191 1864 verba
2213 1817 2287 1864 ita
2301 1817 2677 1881 interpretanda

441 1900 550 1935 esse
567 1894 799 1948 apparet:
824 1884 1058 1945 agnoscis
1085 1883 1219 1932 enim
1238 1890 1294 1931 ut
1310 1897 1486 1931 verum
1503 1883 1694 1943 tibique
1710 1889 1891 1931 notum
1908 1882 2012 1930 hoc
2030 1896 2234 1944 quoque
2252 1883 2404 1946 idque
2422 1894 2674 1934 castrense

440 1954 664 2011 verbum,
701 1966 803 2012 quo
838 1956 1080 2013 usurpato
1114 1950 1311 1998 Plinius
1335 1950 1511 1999 Titum
1542 1950 1676 1998 vitae
1711 1950 1973 1998 castrensis
2008 1963 2123 1997 cum
2156 1950 2355 2000 honore
2387 1961 2530 2001 actae
2560 1967 2674 2017 per·

444 2034 598 2080 quam
620 2020 809 2067 urbane
843 2016 1250 2065 commonefacit.
1298 2015 1572 2076 Quodnam
1603 2017 1757 2078 igitur
1786 2017 1912 2064 illud
1945 2017 2161 2065 alterum
2192 2025 2283 2078 est,
2318 2022 2458 2080 quod
2488 2021 2679 2082 pariter

445 2083 541 2146 (et)
577 2092 729 2146 atque
762 2085 888 2133 illud
913 2092 1162 2132 castrense
1196 2097 1469 2144 agnoscere
1504 2090 1705 2145 poterat
1738 2084 1921 2133 Titus?
1973 2083 2186 2133 Nullum
2221 2086 2375 2145 aliud,
2409 2087 2506 2136 nisi
2527 2088 2677 2136 locus

445 2152 763 2201 Catullianus
787 2153 943 2200 modo
970 2151 1177 2209 allatus,
1214 2164 1365 2211 quem
1386 2164 1502 2198 vere
1526 2152 1590 2198 ad
1613 2151 1788 2200 Titum
1810 2166 1842 2199 a
1862 2151 2035 2200 Plinio
2059 2151 2316 2200 transferri
2339 2153 2427 2202 ille
2450 2169 2556 2202 non
2578 2169 2677 2217 po-

445 2226 575 2267 terat
606 2233 712 2266 non
746 2232 1036 2279 agnoscere.
1066 2256 1120 2264 .-
1152 2216 1296 2276 enim,
1318 2218 1394 2265 b2.
1427 2256 1482 2264 -
1512 2217 1760 2278 εαειαὸἰε,
1793 2218 2027 2267 Alciatus
2049 2232 2243 2281 parerg.
2274 2222 2318 2279 7,
2344 2226 2426 2269 21.
2462 2221 2677 2281 setabis‚

444 2287 676 2336 Passion.
712 2285 895 2345 stabis,
927 2284 1095 2333 Vatic.
1136 2289 1283 2333 1950.
1309 2300 1340 2332 a
1361 2299 1428 2332 m.
1453 2299 1529 2346 pr.
1564 2282 1721 2344 sinis,
1746 2280 1804 2333 Δ.
1840 2282 2064 2345 sillabis,
2088 2279 2181 2350 ηλ.
2216 2284 2451 2350 syllabis,
2476 2284 2676 2350 dess.

443 2356 524 2403 De
550 2353 795 2416 scriptura
818 2351 1023 2399 saetabi
1049 2367 1096 2400 V.
1123 2351 1409 2401 Tzschuck.
1434 2359 1544 2400 not.
1571 2352 1676 2400 crit.
1692 2347 1767 2400 'ad
1787 2352 1910 2401 Mel.
1935 2353 2004 2401 Π.
2032 2358 2077 2412 6,
2112 2358 2157 2402 6.
2183 2354 2413 2404 Kramer.
2446 2358 2511 2405 ad
2533 2354 2676 2406 Stra-

443 2424 564 2472 bon.
588 2422 631 2471 1.
657 2426 703 2471 9.
729 2437 778 2484 p.
801 2426 914 2471 249.
940 2420 1219 2483 vulgatam
1235 2435 1354 2469 vero
1379 2420 1678 2483 scripturam
1696 2416 1915 2483 syllabis
1932 2420 2049 2469 VV.
2068 2421 2183 2470 DD.
2203 2437 2448 2485 perquam
2464 2424 2678 2473 ridicule

444 2491 507 2538 de
539 2490 702 2538 verbis
736 2489 924 2539 Catulli
949 2504 981 2537 a
1002 2488 1172 2538 Plinio
1206 2488 1473 2551 paululum
1496 2487 1703 2536 mutatis
1727 2487 2102 2549 intellexerunt,
2137 2504 2251 2537 cum
2284 2490 2388 2539 iam
2410 2491 2677 2541 Alciatum

443 2571 550 2605 non
582 2556 891 2619 praeterierit
921 2557 1077 2618 longe
1110 2556 1267 2604 alium
1300 2555 1385 2603 hic
1416 2555 1591 2603 locum
1623 2554 1813 2604 Catulli
1845 2570 1877 2603 a
1897 2555 2068 2604 Plinio
2103 2557 2156 2605 in
2188 2572 2338 2607 usum
2367 2573 2515 2607 suum
2545 2572 2675 2608 con-

444 2625 597 2684 verti3
637 2639 685 2672 v.
722 2623 870 2672 infra.
900 2662 956 2670 -
990 2638 1154 2684 quam,
1189 2618 1291 2672 dA.
1331 2622 1590 2683 ⁸quoniam,
1621 2623 1927 2672 Harduinus.
1973 2638 2129 2686 quem,
2163 2625 2222 2673 P.
2251 2624 2391 2687 quia,
2424 2626 2461 2674 l.
2502 2625 2677 2690 ’καρίς

448 2705 624 2751 quam,
658 2689 1034 2751 Dalecampius.
1092 2689 1192 2738 Sed
1226 2690 1369 2738 nulla
1401 2690 1684 2738 mutatione
1718 2697 1794 2738 est
1827 2704 1982 2753 opus,
2018 2704 2134 2739 cum
2167 2699 2284 2741 ante
2319 2690 2674 2742 duriusculum

447 2758 637 2805 omissa
670 2757 735 2805 sit
768 2755 1017 2818 particula
1052 2764 1182 2814 tam,·
1214 2757 1327 2806 vide
1352 2756 1579 2806 GronOV.
1616 2759 1680 2806 ad
1713 2758 1823 2807 Liv.
1861 2763 1907 2818 2,
1946 2763 2023 2807 56.
2065 2799 2118 2806 ..
2162 2757 2413 2820 volebam,
2448 2761 2674 2823 suspicio

443 2824 671 2873 Barbari.
704 2864 754 2871 ..
786 2821 1091 2882 eristimarz‘,
1113 2818 1397 2888 deAvtl.
1436 2823 1706 2872 aestimari
1728 2839 1806 2885 ea,
1829 2825 2120 2875 Harduinus
2143 2839 2193 2890 γ,
2229 2841 2358 2888 quae
2381 2829 2676 2877 coniectura

444 2905 511 2939 ex
542 2899 655 2940 toto
678 2892 798 2939 loco
821 2904 1051 2953 perverse
1073 2904 1278 2953 prorsus
1300 2891 1560 2939 intellecto
1593 2893 1858 2942 emanavit.
1890 2932 1943 2939 -
1988 2891 2294 2954 Ver-auidis,
2319 2890 2390 2943 dl
2416 2893 2670 2956 (Max-bac.

445 2959 612 3007 Vatic.
637 2956 827 3018 1953.),
854 2960 992 3021 quod
1013 2958 1191 3007 leviter
1214 2965 1507 3021 corruptum
1531 2960 1806 3008 emendavi.
1844 2958 2153 3020 vernaculis,
2175 2957 2393 3027 PbAvr
2416 2960 2674 3026 (plerique

446 3029 580 3089 apud
602 3022 868 3087 Rezzon.),
894 3028 1033 3088 quod
1064 3027 1283 3089 probant
1304 3027 1545 3075 Perottus
1576 3034 1627 3075 et
1657 3026 1938 3076 Turnebus.
1969 3067 2022 3075 -.
2054 3027 2181 3088 suis,
2214 3024 2332 3078 bdl
2359 3027 2549 3091 (codex
2570 3032 2671 3080 Pe-

442 3092 607 3156 rotti.)
634 3095 752 3156 tuis,
778 3090 1013 3159 ΤΡτΔη
1041 3090 1319 3157 (Murbac.)
1352 3133 1397 3141 ..
1436 3091 1689 3151 Fabulla,
1723 3095 2015 3144 RhenanuS.
2038 3093 2277 3159 famulis,
2302 3092 2670 3177 TPbdrAqk

445 3160 696 3223 (Murbac.
731 3170 782 3211 et
804 3163 1032 3226 plerique
1065 3164 1201 3226 apud
1223 3160 1470 3223 Rezzon.)
1511 3159 1748 3222 famolis,
1782 3162 1949 3211 Vatic.
1988 3168 2133 3212 1953.
2169 3170 2218 3211 et
2248 3161 2486 3212 Fabullis
2521 3173 2672 3214 omit-

444 3230 506 3278 tit
529 3233 640 3278 cod.
664 3230 875 3279 Perotti.
928 3232 1039 3278 Iam
1062 3237 1121 3278 ut
1143 3232 1207 3279 ad
1231 3245 1434 3279 sensum
1458 3230 1615 3278 totius
1637 3230 1942 3293 paragraphi
1966 3231 2323 3293 explicandum
2345 3238 2672 3290 transeamus,

443 3296 640 3344 Plinius
671 3297 753 3344 his
777 3298 829 3344 in
850 3298 1013 3345 verbis
1037 3311 1127 3358 per
1149 3297 1318 3358 plures
1349 3298 1675 3359 parentheses
1700 3297 1908 3345 alteram
1941 3298 2086 3346 alteri
2109 3298 2325 3348 intrusus
2346 3299 2601 3362 impeditis
2623 3307 2674 3348 et

443 3376 535 3424 per
555 3363 820 3421 rationem,
855 3377 956 3424 qua
978 3364 1197 3412 carmine
1222 3366 1445 3424 quodam
1468 3363 1759 3413 Catulliano
1784 3367 1848 3414 ad
1869 3366 2281 3427 praesagiendam
2302 3366 2561 3416 fortunam
2582 3381 2671 3416 na-

444 3429 594 3476 turali
629 3442 749 3477 suae
785 3429 1027 3478 historiae
1060 3430 1332 3488 instantem
1363 3431 1535 3490 utitur,
1575 3433 1891 3494 perobscuris
1914 3434 2018 3482 hoc
2049 3434 2102 3481 in
2124 3435 2413 3483 universum
2448 3435 2582 3494 dicit,
2620 3448 2672 3482 se

445 3496 640 3543 duabus
663 3497 724 3544 de
748 3497 910 3544 causis
929 3496 1048 3545 Tito
1074 3496 1232 3544 libros
1255 3497 1498 3546 naturalis
1519 3499 1763 3548 historiae
1787 3500 2005 3562 epistola
2019 3501 2281 3550 licentiore
2304 3516 2533 3551 enarrare
2550 3515 2671 3550 con·

444 3563 691 3622 stituisse,
722 3562 942 3624 primum
976 3564 1115 3624 quod
1144 3563 1291 3612 Titus
1326 3563 1478 3612 etiam
1512 3566 1762 3627 prioribus
1796 3567 1951 3616 Plinii
1984 3568 2181 3632 scriptis
2215 3570 2424 3632 aliquod
2456 3570 2672 3633 pretium

445 3630 687 3690 tribuerit,
723 3638 833 3679 tum
859 3627 913 3692 (ἓ
940 3625 1014 3690 2.)
1047 3637 1106 3679 ut
1130 3630 1364 3679 homines
1387 3632 1585 3694 scirent,
1611 3648 1764 3695 quam
1788 3649 1854 3683 ex
1877 3649 2042 3697 aequo
2067 3636 2200 3684 cives
2224 3651 2340 3686 cum
2364 3637 2484 3686 Tito
2507 3637 2674 3685 vivere

443 3707 667 3760 possent.
713 3698 944 3747 Priorem
978 3698 1131 3759 igitur
1163 3711 1367 3746 causam
1402 3701 1616 3761 exponit
1647 3715 1737 3765 per
1769 3702 2034 3752 notissima
2065 3704 2218 3752 verba
2250 3703 2458 3765 Catulli,
2493 3704 2674 3766 quibus

444 3766 611 3813 allatis
648 3779 905 3814 occurrere
938 3766 1049 3813 vult
1088 3764 1189 3813 illis
1222 3765 1308 3826 qui
1333 3780 1570 3827 quaerere
1602 3777 1852 3831 poterant,
1888 3784 1978 3819 cur
2011 3771 2138 3819 haec
2170 3772 2492 3833 potissimum
2522 3772 2677 3821 verba

443 3833 545 3880 iam
568 3833 689 3881 Tito
714 3834 767 3880 in
791 3834 1086 3881 memoriam
1109 3833 1372 3882 revocarit.
1415 3833 1623 3884 Scilicet
1653 3837 1774 3885 dicit
1805 3852 1858 3886 se
1881 3837 2072 3888 Catulli
2105 3839 2427 3901 potissimum
2448 3840 2600 3888 verba
2621 3838 2676 3887 in

441 3914 592 3948 usum
616 3914 763 3948 suum
788 3901 1107 3959 convertisse,
1143 3901 1262 3963 quia
1284 3900 1437 3950 huius
1471 3904 1770 3953 auctoritate
1793 3912 2055 3967 tamquam
2088 3906 2254 3970 clipeo
2277 3907 2368 3967 uti,
2404 3907 2525 3969 quia
2558 3920 2674 3955 eum

443 3967 660 4016 obiicere
692 3967 815 4015 velit
847 3969 1165 4031 adversariis3
1199 3970 1299 4018 hos
1333 3970 1468 4018 enim
1502 3971 1859 4033 intelligendos
1883 3987 1991 4022 esse
2022 3974 2190 4037 ipsum
2209 3976 2421 4024 ‘verbum
2458 3972 2675 4022 obiicere

442 4036 615 4094 docet,
658 4048 823 4097 neque
856 4049 945 4085 eos
980 4039 1376 4086 contemnendos
1407 4038 1566 4088 videri
1598 4039 1769 4088 Plinio
1810 4041 2061 4089 indicatur
2101 4043 2257 4091 verbo
2299 4039 2494 4101 molior,
2535 4042 2676 4103 quod

442 4116 641 4164 semper
674 4103 736 4150 de
768 4116 823 4151 re
857 4105 1013 4153 ardua
1045 4110 1096 4153 et
1128 4118 1276 4166 aegre
1310 4111 1510 4154 tantum
1543 4107 1813 4170 superabili
1848 4108 2045 4158 dicitur.
2091 4109 2172 4158 Eo
2206 4110 2389 4158 maiori
2418 4122 2542 4158 vero
2564 4108 2677 4157 iure

440 4168 639 4218 Plinius
663 4169 767 4218 Titi
790 4172 1129 4233 patrocinium
1153 4180 1444 4235 exspectare
1466 4187 1618 4237 posse
1642 4175 1735 4224 sibi
1758 4175 2045 4236 videbatur,
2087 4177 2208 4238 quia
2229 4177 2331 4226 iam
2356 4182 2505 4226 antea
2527 4176 2676 4226 'litus

442 4236 597 4285 Plinii
633 4237 819 4300 scripta
851 4238 1044 4301 aliquid
1077 4253 1185 4289 esse
1218 4248 1509 4302 putaverat3
1542 4256 1649 4291 non
1680 4242 1835 4305 igitur
1869 4250 2056 4293 temere
2089 4244 2179 4293 illa
2211 4243 2404 4294 Catulli
2435 4244 2589 4293 verba
2619 4243 2675 4292 iu

443 4319 589 4352 usum
627 4320 773 4353 suum
798 4309 1059 4364 convertit,
1096 4309 1181 4356 scd
1208 4322 1268 4354 eo
1295 4308 1527 4369 consili0,
1563 4316 1620 4358 ut
1642 4323 1732 4372 per
1754 4311 1881 4358 haec
1907 4310 2228 4362 occasionem
2251 4312 2463 4363 haberet
2483 4309 2676 4362 Catulli

534 4505 667 4602 Ἠ.
